2326 3724
964 165 1304 210 FRAGMENTA.
2163 178 2213 211 ⁴9

58 273 146 300 nem
161 260 200 299 οὗ
221 266 307 298 ante
320 255 492 311 σφαλερὸν
505 258 746 295 inseruerunt
754 258 905 303 Portus,
920 256 1105 306 Toupius,

57 320 339 363 Boissonadius.
361 319 559 367 Vulgatam
576 324 731 353 tuentur
749 315 1054 352 Hemsterhusius
1071 321 1108 350 et

57 379 337 427 BernhardyuS.
364 393 380 410 «
399 379 544 426 Nempe
568 375 734 412 hominis
758 375 945 424 incessus,
964 373 1102 410 Bernh.

59 442 130 487 ait,
152 450 300 488 semper
314 437 484 473 lubricus
500 443 537 472 et
555 435 763 472 temulento
783 434 914 470 similis
937 433 1106 470 occulta-

59 499 126 536 bat
147 498 227 546 ejus
242 497 503 534 vinolentiam.
527 510 543 528 »

554 571 613 618 78.

112 655 206 690 Exc.
224 653 281 689 De
298 656 391 688 sent.
411 661 452 699 p.
473 647 574 686 288:
595 644 681 685 “Ort
704 645 845 696 Πέρσης
865 639 906 690 ἠν
924 645 959 682 ἓν
981 642 1106 695 Ῥώμῃ

60 710 214 762 ἔπαρχος
243 707 328 761 πρὸς
351 706 542 760 χλευασίαν
561 705 621 744 καὶ
645 704 783 755 γέλωτα
808 702 871 750 τὴν
900 702 1107 752 Ῥωμαϊκὴν

60 767 272 822 παραφέρων
292 768 410 818 εὐτυχ.
402 765 476 804 ’·αν
497 764 639 808 σανίδας
659 763 695 802 δὲ
714 761 846 831 πολλὰς
866 760 993 813 μικρὰς
1023 759 1109 812 πρὸς

60 827 100 866 τὸ
118 827 228 878 ἥμισυ
246 824 385 864 σταδίου
400 822 702 875 συγκομισάμενος
714 851 725 872 ,
740 820 801 860 καὶ
815 819 931 858 εἰκόνα
946 819 1024 858 τινὰ
1038 835 1108 857 των

61 887 172 940 ἔργων
195 884 397 938 ὑπογράψαι
425 882 655 935 βουλόμενος,
677 880 794 919 πάντα
823 878 947 918 ἐνετίθε
934 894 962 916 ει
990 880 1109 931 γελοῖα

61 947 137 991 ταῖς
169 950 339 998 γραφαῖς,
372 943 432 982 και
460 941 667 996 ἀπορρήτως
693 940 737 979 τὰ
766 939 970 993 γραφόμενα
1005 954 1108 977 κατε-

61 1004 209 1060 χλεύαζε
232 1003 289 1042 διὰ
307 1019 369 1050 της
395 1000 539 1046 εἰκόνος.
568 1000 742 1054 Ἀνδρείαν
769 1000 831 1049 μὲν
848 997 916 1051 γὰρ
938 996 1111 1051 βασιλέως

62 1067 122 1104 καὶ
138 1062 259 1119 ῥώμην
274 1063 497 1116 στρατιωτῶν
518 1059 541 1107 ἢ
555 1060 744 1110 πόλεμον’
729 1061 868 1112 εμφανῆ
883 1057 944 1097 καὶ
964 1057 1110 1108 νόμιμον

63 1125 219 1172 οὐδαμοῦ
250 1121 295 1160 τὰ
322 1120 527 1174 γραφόμενα
553 1118 753 1172 παρεδήλου
780 1117 841 1157 καὶ
869 1116 1110 1168 συνῃνίττετο·

63 1198 180 1235 χειρος
205 1181 241 1220 δέ
259 1196 348 1224 τινος
364 1183 410 1224 ὡς
436 1195 479 1217 αν
506 1181 545 1218 ἐκ
571 1180 681 1231 νεφῶν
713 1176 1002 1229 προτεινομένης,
1032 1174 1112 1213 ἐπί-

64 1257 215 1294 γρααμα
234 1235 276 1288 ην
291 1256 334 1292 τῃ
351 1238 464 1291 χειρί·
481 1255 495 1273 «
510 1239 603 1278 Θεου
622 1252 700 1290 χειρ
718 1235 910 1274 ἐλαύνουσα
927 1251 1005 1277 τους
1027 1237 1112 1286 βαρ-

66 1301 204 1354 ὅοίρους.
228 1319 242 1335 ¹·
264 1298 418 1351 Αἷσχρὸν
433 1301 534 1337 τοῦτο
548 1295 799 1367 καταγράφειν,
814 1295 926 1333 ἀλλ’
907 1294 1110 1345 αναγκαῖον.

66 1360 138 1399 Καὶ
157 1359 263 1398 πάλιν
281 1357 336 1397 ἑτέ
322 1361 444 1411 ε·ρωθι
464 1375 480 1391 ιι
499 1356 680 1408 Βαρὸαροι
691 1370 750 1393 τον
767 1353 859 1394 Θεὸν
879 1353 1112 1406 φεύγοντες.»

67 1417 140 1457 Καὶ
159 1432 292 1456 τουτων
311 1414 413 1468 ἕτερα
428 1414 613 1467 παχύτερα
633 1429 666 1452 κ.
714 1413 772 1451 ,δ’
795 1412 897 1465 ἔτερα
917 1414 1114 1457 κωθωνιζο-

67 1476 180 1525 μένων
194 1474 353 1529 γραφέων
365 1473 558 1556 φλήναφον,
576 1477 615 1511 οὑ
632 1489 693 1511 και
710 1471 877 1526 πρότερον
894 1474 915 1518 ἡ
931 1470 1112 1524 συγγραφὴ

68 1535 263 1586 μέμνηται,
283 1537 343 1581 τῆς
361 1533 586 1585 ἀκμαζούσης
604 1534 756 1583 ἀρετης.
775 1530 844 1572 ,τὸ
868 1533 1003 1582 σῶμα.
1027 1535 1116 1579 ,τῆς

67 1596 182 1648 ψυχῆς
199 1625 209 1635 .
231 1624 240 1634 .
255 1592 359 1632 πλέον
373 1592 466 1631 κατὰ
481 1594 584 1643 σῶμα
599 1591 824 1643 διαλυόμενον
845 1590 913 1639 ἤδη
932 1619 941 1629 .
961 1620 970 1629 .
987 1591 1058 1629 ἀπο
1074 1620 1083 1630 .
1103 1619 1113 1631 .

555 1683 618 1719 79-

121 1743 256 1781 Suidas
280 1756 288 1777 ε
311 1739 663 1788 ἹΞλλανοδίκαι,
685 1740 715 1777 οἱ
735 1739 852 1792 κριταὶ
873 1740 904 1777 οἱ
926 1738 1116 1789 καθήμενοι

69 1804 115 1846 εἷς
129 1800 207 1845 τοὺς
221 1802 370 1850 ἀγῶνας.
388 1799 561 1843 Εὒνάπιος
581 1798 689 1837 οὕτω·
708 1816 722 1833 «
740 1797 812 1838 Καὶ
828 1797 936 1836 τότ-εδ
954 1798 1116 1850 μέγιστος

69 1859 322 1906 Ἑλλανοδίκης
348 1861 476 1902 Γαϊνᾶς
501 1857 559 1897 τὸν
583 1857 785 1909 Ῥωμαϊκὸν
811 1857 950 1910 ὄλεθρον
972 1857 1116 1905 ἠθλοθέ-

69 1935 133 1959 τει.
155 1938 171 1953 ι·
191 1920 334 1956 Eadem
352 1933 390 1958 v.
413 1915 627 1957 Ἠθλοθέτει.

122 1980 225 2016 Idem
235 1992 274 2018 v,
296 1976 503 2017 Πολυάνδ
516 1992 534 2028 ρ
548 1991 609 2014 ιον
622 2005 632 2015 .
651 1993 666 2009 «¹
684 1974 728 2014 Ὁ
749 1974 784 2013 δὲ
803 1977 934 2019 Γαϊνᾶς
954 1974 1116 2028 ἐξεχώρει

69 2039 131 2083 τ’ῆς
144 2036 291 2082 πόλεως,
300 2035 505 2074 καταλιπὼν
515 2034 621 2080 αὐτὴν
632 2033 860 2086 πολυάνδριον
873 2033 934 2072 καὶ
942 2036 1115 2081 πολυτελῆ

70 2095 192 2149 τάφον,
207 2093 303 2133 οὔπω
326 2092 551 2144 τεθαμμένοιν
576 2094 645 2131 τῶν
662 2092 902 2145 ἕνῳκηκότων.
923 2110 938 2127 »
955 2094 1116 2142 Eunapii

71 2168 149 2193 esse
162 2156 283 2191 Maius
296 2156 459 2193 monuit.

124 2214 247 2250 Petita
269 2213 350 2250 haec
367 2225 412 2249 ex
430 2213 648 2259 narratione
669 2211 716 2247 de
740 2212 949 2248 rebellione
969 2212 1115 2256 Gainae,

72 2275 137 2322 qui
153 2285 290 2322 parum
312 2272 435 2308 abfuit
454 2273 546 2320 quin
572 2273 654 2321 ipsa
674 2271 1004 2320 Constantinopoli
1022 2270 1118 2306 urbe

71 2329 284 2383 potiretur(
300 2328 410 2382 400).
430 2333 475 2369 V.
498 2332 638 2368 Zosim.
662 2332 715 2376 V,
736 2342 797 2378 19.

115 2503 210 2533 Persa
225 2500 355 2541 quidam
371 2501 483 2532 Romae
503 2500 671 2540 praefectus
685 2499 756 2531 urbi
773 2499 860 2538 erat,
876 2497 931 2539 qui
946 2500 1121 2531 Romanam

73 2554 316 2595 prosperitatem
343 2553 376 2584 in
401 2553 575 2584 ludibrium
592 2553 756 2593 risumque
771 2552 929 2584 trahebat.
955 2551 1014 2583 Hic
1036 2551 1121 2583 enim

73 2607 181 2646 parvis
193 2605 226 2637 in
239 2605 344 2637 medio
358 2605 452 2637 Circo
463 2605 573 2645 positis
585 2604 723 2644 tabellis,
739 2605 776 2636 ut
789 2604 996 2645 praesentium
1010 2612 1119 2635 rerum

73 2658 244 2697 imaginem
262 2657 426 2697 quandam
445 2656 627 2697 effingeret,
642 2656 850 2688 ridiculorum
865 2665 960 2687 omne
972 2665 1070 2696 genus
1088 2655 1121 2687 in

74 2710 198 2750 pictura
219 2709 390 2750 expressit,
407 2709 504 2749 atque
521 2709 603 2740 clam
624 2709 731 2740 totum
756 2710 981 2748 argumentum
1005 2707 1116 2739 irrisit.

75 2763 155 2794 Nam
166 2770 270 2801 neque
280 2760 480 2801 imperatoris
492 2760 726 2800 fortitudinem,
739 2769 845 2800 neque
858 2760 994 2792 militum
1007 2759 1120 2800 robur,

74 2822 180 2854 neque
206 2813 326 2845 bellum
349 2812 480 2853 aliquod
502 2812 679 2854 legitImum
706 2813 832 2853 pictura
856 2811 1096 2845 demonstrabat
1111 2824 1119 2844 ε
1133 2802 1140 2809 ”

75 2865 130 2897 sed
153 2874 268 2897 manus
285 2865 435 2905 quaedam
459 2865 550 2906 quasi
569 2874 587 2897 e
611 2864 752 2896 nubibus
771 2866 920 2905 protensa
943 2866 1029 2904 erat,
1047 2872 1122 2896 cum

75 2917 300 2958 inscriptione:
316 2919 444 2950 Manus
462 2919 520 2950 Dei
534 2916 708 2950 Barbaros
713 2916 861 2957 fuyans.
877 2919 983 2958 Turpe
996 2919 1044 2950 est
1053 2918 1123 2950 haec

75 2970 231 3010 scribere,
251 2969 306 3002 sed
323 2969 548 3002 necessarium.
567 2970 691 3001 Rursus
707 2969 739 3000 in
755 2971 845 3009 parte
858 2969 920 3001 alia
939 2982 946 3001 :
964 2970 1121 3001 Barbari

76 3025 186 3055 Deum
200 3021 379 3062 fugientes
407 3033 418 3054 .·
446 3023 544 3062 atque
566 3022 614 3053 bis
642 3022 705 3053 alia
732 3021 888 3062 ineptiora
904 3047 912 3054 .
930 3047 938 3054 .
953 3045 962 3054 .
986 3023 1122 3064 scripto-

76 3073 166 3106 ribus
177 3074 306 3115 largiter
321 3073 506 3114 potantibus
519 3082 630 3114 nugas,
645 3083 782 3115 quarum
795 3075 827 3106 et
840 3076 934 3107 antea
947 3074 979 3107 in
993 3075 1123 3108 historia

77 3127 218 3159 memini.

572 3183 635 3230 79.

119 3239 209 3269 Tunc
226 3245 303 3269 vero
322 3237 485 3269 maximus
500 3237 707 3269 Hellanodica
721 3239 839 3270 Gainas
860 3239 1033 3279 perniciem
1058 3242 1122 3272 Ro-

78 3296 247 3319 manorum
263 3288 467 3329 dispensavit.

122 3339 239 3371 Gainas
255 3348 296 3371 ex
311 3340 390 3372 urbe
408 3341 564 3381 excessit,
583 3350 680 3381 quam
700 3350 872 3373 commune
900 3344 931 3374 et
951 3342 1123 3383 pretiosum

81 3391 261 3432 Sipulcrum
278 3391 425 3432 reliquit,
442 3392 554 3424 incolis
569 3393 795 3433 ejusnondum
813 3394 955 3434 sepultis.

224 3456 413 3479 rasennam
432 3457 559 3481 msroa.
583 3458 638 3480 cn.
658 3467 689 3472 -—
703 3459 776 3482 vot.
801 3459 843 3481 iv.

1661 276 1723 313 80.

1221 374 1356 412 suidas
1386 387 1394 410 :
1424 371 1688 426 Φράὸιθος.
1723 367 1834 417 Οὗτος
1862 375 2057 426 στρατηγὸς
2089 370 2132 423 ἦν
2159 379 2221 423 τῆς

1169 433 1359 479 ἀνατολῆς,
1378 430 1414 475 ὃς
1434 430 1598 481 ἀκμάζων
1612 431 1675 478 τὴν
1697 429 1822 484 ἀρετὴν
1843 432 1952 470 ἐνόσει
1970 432 2008 471 τὸ
2020 435 2144 485 σῶμα,
2160 438 2222 482 τῆς

1169 493 1284 544 ψυχῆς
1304 489 1526 542 ὑγιαινούσης
1545 490 1664 529 πλέον·
1682 490 1743 528 καὶ
1762 490 1802 529 τό
1817 507 1856 542 γε
1875 493 1980 542 σῶμα
1995 492 2221 544 διαλυόμενον

1170 550 1238 597 ἤδη
1258 549 1318 588 καὶ
1340 549 1631 600 ἀποκολλώμενον
1653 551 1700 593 εἷς
1719 548 1783 597 τὴν
1804 549 1904 589 λύσιν
1922 550 2140 602 συνεγόμφου
2161 552 2222 590 καὶ

1171 608 1382 648 συνέπλεκεν
1399 609 1445 652 εἷς
1461 607 1564 655 πῆξίν
1581 623 1659 646 τινα
1676 608 1736 646 καὶ
1754 609 1937 662 ἁρμονίαν,
1954 607 2048 654 ὅπως
2062 609 2103 648 ἂν
2125 610 2222 684 ἀυρκέ·
2261 659 2264 662 ¹

1171 684 1260 706 σειεν
1280 670 1330 706 τῶ
1345 668 1468 718 καλω·
1490 666 1525 711 ὃς
1545 667 1630 711 τοὺς
1644 667 1778 720 λῃστὰς
1802 667 1928 721 ῥαδίως
1948 670 2116 717 συνεῖλεν,
2132 669 2224 708 ὥστε

1173 730 1298 780 μικροῦ
1318 725 1379 764 καὶ
1397 726 1438 764 τὸ
1461 725 1571 776 ὄνομα
1586 729 1647 772 τῆς
1671 726 1835 777 λῃστείας
1860 729 1899 766 εκ
1917 730 1979 775 τ’ἧς
1999 727 2140 778 μνήμης
2157 732 2226 776 τῷν

1173 785 1364 838 ἀνθρώπων
1384 785 1556 823 ἐκπεσεῖν·
1578 788 1620 831 ἠν
1642 784 1677 823 δὲ
1694 784 1836 834 “Ελλην
1858 786 1922 833 τὴν
1939 787 2143 840 θρησκείαν.

1225 847 1404 894 Eunapio
1437 846 1566 881 locum
1603 845 1812 883 vindicavit
1852 847 2134 885 Boissonadius.
2169 849 2227 884 De

1171 906 1354 943 Fravitho
1372 901 1593 957 (Φραΐουτον
1609 905 1670 940 vel
1685 903 1908 955 Φραούστιον
1923 907 2093 942 Zosimus
2103 903 2227 955 dicit),

1174 965 1236 1002 cui
1256 972 1392 1001 contra
1409 963 1573 1000 Gainam
1588 963 1733 1000 bellum
1747 967 1989 1001 commissum
2008 973 2062 1002 est
2072 994 2082 1012 ,
2094 978 2130 1002 v.
2145 966 2229 1003 Zo-

1172 1026 1287 1060 simus
1301 1026 1353 1071 V,
1372 1037 1421 1060 20
1433 1052 1442 1070 ‚
1464 1037 1479 1059 1
1501 1035 1510 1059 t
1528 1020 1572 1060 Ἥ
1591 1021 1757 1073 γερουσία
1774 1022 1969 1076 στρατηγὸν
1990 1022 2047 1061 ἐπὶ
2062 1025 2112 1076 τῷ
2128 1021 2223 1061 κατὰ

1174 1080 1305 1129 Γαίνην
1323 1083 1502 1134 αἱροῦνται
1519 1080 1666 1133 πολέμῳ
1681 1083 1741 1134 Φρ
1749 1078 1899 1131 α’ίουτον,
1917 1082 2028 1135 ἄνδρα
2047 1082 2227 1135 βάρὸαρον

1179 1140 1241 1192 μὲν
1278 1139 1318 1179 τὸ
1349 1139 1446 1192 γένος
1459 1170 1470 1191 ,
1490 1137 1657 1187 ’Έλληνα
1686 1139 1723 1178 δὲ
1753 1140 1868 1186 ἄλλως
1895 1143 1934 1180 οὗ
1961 1141 2080 1194 τρόπῳ
2111 1141 2230 1192 μόνον,

1176 1199 1266 1238 ἀλλὰ
1285 1199 1346 1238 καὶ
1363 1203 1407 1253 τῇ
1427 1198 1630 1253 προαιρέσει
1653 1199 1714 1238 καὶ
1731 1203 1775 1254 τῇ
1797 1201 1877 1254 περὶ
1898 1200 1943 1240 τὰ
1961 1202 2036 1240 θεῖα
2060 1200 2229 1254 θρησκείᾳ

1176 1261 1252 1298 κτλ.
1274 1261 1330 1299 Cf.
1351 1261 1398 1297 fr.
1420 1265 1510 1305 104.

1671 1355 1734 1394 81.

1231 1448 1341 1485 Idem
1361 1461 1370 1487 :
1393 1446 1445 1487 Λί
1457 1446 1479 1485 ὅ
1490 1463 1504 1486 ε
1518 1463 1611 1501 ρνα,
1623 1441 1709 1490 εἶδος
1724 1447 1847 1486 πλοίου
1858 1463 1866 1471 ·
1883 1447 2054 1500 καράὸια.
2077 1466 2093 1482 «ι
2109 1447 2231 1494 Πηξά-

1178 1521 1278 1556 μενος
1315 1506 1492 1559 δρομάδας
1519 1506 1781 1559 τριακοντήρεις
1819 1505 2035 1559 Λιὸερνίδων
2067 1506 2178 1560 τύπῳ.
2211 1526 2226 1541 »

1178 1583 1194 1600 «
1214 1568 1303 1603 Haec
1322 1568 1438 1604 verba
1457 1580 1646 1616 anonyma
1664 1567 1812 1603 credidi
1834 1579 1944 1615 posse
1969 1568 2163 1616 pertinere
2183 1567 2234 1603 ad

1179 1638 1266 1662 eum
1282 1627 1448 1676 Eunapii
1467 1627 1646 1662 Historiae
1671 1626 1800 1662 locum
1813 1654 1823 1672 ,
1842 1626 1910 1661 ubi
1930 1626 1977 1662 de
2004 1627 2118 1662 classe
2141 1639 2234 1675 age-

1178 1685 1267 1732 bat,
1286 1698 1400 1734 quam
1413 1685 1486 1721 sibi
1514 1685 1714 1722 Fravithus
1738 1685 1991 1734 comparavit.
2010 1686 2121 1721 Nunc
2138 1685 2235 1733 legi-

1179 1758 1263 1781 mus
1279 1744 1382 1793 apud
1396 1745 1592 1782 Zosimum
1612 1745 1664 1789 V,
1687 1756 1758 1791 20,
1778 1743 1885 1780 πλοῖα
1906 1744 2018 1780 fuisse
2038 1743 2133 1795 αὐτῷ
2149 1741 2234 1795 πρὸς

1180 1803 1381 1855 ναυμαχίαν
1398 1805 1584 1855 ἀρκοῦντα,
1599 1800 1754 1854 Λίὸερνα
1768 1805 1879 1840 ταῦτα
1896 1800 2098 1853 καλούμενα
2117 1802 2195 1839 κτλ.

1179 1865 1362 1901 BoxssoN.

1677 1939 1742 1978 82.

1205 2036 1207 2038 ’
1233 2038 1328 2072 Exc.
1371 2037 1428 2071 De
1466 2042 1558 2073 sent.
1598 2047 1636 2083 p.
1678 2034 1769 2071 288-
1782 2047 1858 2082 290
1894 2047 1903 2070 :
1936 2032 2021 2072 “On
2054 2033 2235 2086 Φράὸιθος

1179 2094 1197 2130 ὁ
1219 2107 1416 2145 στρατηγος
1437 2091 1628 2142 Ῥωμαίων
1650 2091 1793 2138 νικήσας
1811 2087 1943 2130 Γαίναν
1962 2091 2042 2144 περὶ
2059 2092 2122 2138 τὴν
2139 2094 2235 2145 Χερ-

1181 2150 1324 2211 ρόνησον
1334 2149 1574 2223 διαμένοντα,
1592 2150 1653 2188 και
1667 2154 1786 2188 τοῦτον
1809 2149 1857 2201 μὴ
1880 2148 2029 2202 διωξας,
2050 2151 2235 2203 (ἀσφαλὴς

1179 2209 1246 2262 γὰρ
1264 2212 1308 2256 ἠν
1329 2208 1387 2247 ἐπὶ
1406 2212 1449 2261 τῇ
1465 2209 1541 2259 νίκῃ
1556 2208 1747 2261 κερδαίνειν
1762 2209 1800 2247 τὸ
1820 2209 1917 2262 ἔργον
1938 2225 1998 2247 και
2029 2210 2234 2255 Λακωνικός

1178 2284 1250 2316 τις,
1263 2264 1366 2321 )³†
1344 2285 1385 2315 ην
1403 2284 1456 2306 οτι
1471 2267 1581 2320 τύγην
1597 2268 1724 2306 εἰδέναι
1741 2284 1800 2307 και
1821 2267 1870 2319 μη
1887 2267 1994 2321 πέραν
2011 2273 2072 2307 τοῦ
2090 2269 2232 2321 μετρίου

1179 2327 1352 2364 ποιεῖσθαι
1366 2325 1429 2373 τὴν
1445 2326 1574 2371 δίωξιν.
1598 2325 1670 2365 Καὶ
1683 2321 1780 2371 οἶτος
1797 2326 1860 2378 μὲν
1875 2327 2135 2380 ἀσφαλέστερον
2152 2330 2234 2379 βου-

1222 2498 1364 2531 Fravitta
1379 2498 1439 2530 suit
1455 2498 1594 2530 Orientis
1613 2499 1799 2538 imperator,
1814 2498 1869 2539 qui
1887 2498 2008 2530 virtute
2031 2498 2146 2531 florens
2165 2508 2234 2530 cor-

1180 2559 1259 2591 pore
1273 2550 1459 2590 laborabat,
1479 2559 1581 2590 quum
1607 2550 1733 2581 animus
1756 2550 1878 2590 maj0re
1905 2551 2040 2582 sanitate
2059 2551 2233 2584 frueretur.

1182 2604 1220 2635 Et
1248 2612 1382 2644 corpus,
1409 2603 1495 2644 quod
1518 2603 1586 2643 jam
1615 2597 1851 2635 dissolvebatur
1876 2605 1908 2635 et
1933 2603 1966 2635 in
1989 2604 2234 2636 dissolutionem

1183 2654 1317 2693 ruebat,
1338 2655 1405 2695 ipse
1424 2655 1670 2695 coagmentabat
1693 2656 1726 2687 et
1747 2655 1780 2686 in
1804 2655 1967 2695 quandam
1991 2664 2177 2697 compagem
2203 2658 2236 2688 et

1180 2708 1212 2738 et
1236 2707 1479 2741 commissuram
1500 2707 1633 2748 cogebat
1649 2709 1681 2739 et
1697 2708 1787 2748 quasi
1804 2707 1903 2740 clavis
1927 2708 2119 2748 quibusdam
2148 2717 2234 2740 com-

1181 2759 1347 2800 pingebat,
1364 2761 1402 2792 ut
1415 2760 1574 2792 honestati
1588 2760 1817 2792 conservandae
1831 2760 2004 2792 sufficeret.
2019 2761 2080 2793 Hic
2095 2761 2235 2793 latrones

1181 2811 1261 2843 adeo
1275 2812 1366 2844 facile
1378 2812 1472 2844 simul
1487 2812 1639 2852 sustulit,
1653 2813 1688 2844 ut
1700 2812 1750 2844 vel
1768 2812 1872 2853 ipsum
1887 2812 2045 2844 latrocinii
2061 2821 2178 2845 nomen
2192 2822 2234 2844 ex

1181 2862 1350 2895 hominum
1367 2859 1525 2896 memoria
1541 2864 1775 2905 propemodum
1789 2863 1955 2898 exciderit.
1975 2865 2048 2896 Fuit
2060 2865 2169 2897 autem
2184 2873 2233 2896 re-

1181 2917 1297 2959 ligione
1311 2919 1454 2949 Graecus.

1223 3028 1386 3060 Celetibus
1408 3037 1483 3059 cum
1505 3028 1637 3068 triginta
1653 3028 1750 3060 remis
1763 3028 2008 3061 Liburnicarum
2035 3027 2130 3059 modo
2152 3037 2230 3059 con-

1182 3079 1322 3112 structis.

1673 3136 1732 3168 82.

1223 3190 1379 3230 Fravitla,
1389 3192 1608 3222 Romanorum
1618 3191 1687 3223 dux
1699 3215 1707 3230 ‚
1722 3192 1859 3224 Gainam
1871 3191 1903 3223 in
1914 3192 2112 3223 Chersoneso
2125 3190 2231 3221 demo·

1184 3244 1307 3274 rantem
1325 3243 1419 3282 vicit,
1440 3242 1494 3274 sed
1518 3244 1641 3274 victum
1661 3252 1725 3274 non
1751 3244 1912 3275 insecutus
1927 3244 1993 3282 est3
2016 3251 2091 3273 nam
2110 3241 2232 3273 tardior

1183 3295 1252 3326 erat
1265 3294 1302 3325 ad
1316 3294 1566 3335 persequendam
1579 3295 1745 3326 victoriam
1754 3296 1786 3326 et
1796 3296 1886 3335 quasi
1899 3295 2056 3326 Laconico
2068 3302 2156 3324 more
2170 3293 2230 3323 tor-

1183 3347 1294 3378 tunam
1311 3355 1404 3377 nosse
1417 3346 1475 3377 sibi
1500 3346 1680 3385 videbatur,
1703 3355 1808 3387 neque
1823 3346 2001 3378 immodicae
2018 3344 2230 3385 persecutioni

1184 3406 1252 3429 esse
1279 3397 1522 3438 indulgendum.
1547 3400 1651 3438 Atque
1669 3398 1720 3429 hic
1739 3398 1858 3430 tutiore
1882 3397 2014 3429 consilio
2034 3397 2126 3427 utens
2150 3404 2230 3436 pree·-

2064 3459 2080 3483 4
