2372 3704
1023 196 1355 236 FRAGMENTA.

504 315 653 352 LIBER
684 315 749 351 1v.

610 421 646 446 2.

159 498 299 536 Idem:
330 495 524 550 Βάργασα,
545 495 647 539 πόλις
678 492 837 546 Καρίας,
867 492 937 531 ἀπὸ
966 491 1153 545 Βαργάσου

108 559 165 594 τοῦ
195 557 272 594 υἱοῦ
292 555 434 608 Βάργης
454 553 515 592 καὶ
542 552 784 607 Ἡρακλέους,
813 551 851 591 ὃν
884 550 1002 596 ἐδίωξε
1032 550 1155 602 Λάμος

105 615 125 652 ὃ
155 613 344 666 Ὀμφάλης
373 612 435 651 καὶ
463 611 700 665 Ἡρακλέους,
722 613 769 655 ὥς
798 610 876 650 Ἀπ.
898 611 1066 663 Καρικῶν
1095 625 1154 648 τε-

105 670 224 725 τάρτῳ
234 687 243 696 ·
257 671 296 710 τὸ
310 670 440 710 ἐθνικὸν
459 669 687 723 Βαργασηνὸς
701 700 712 721 ,
724 672 770 713 ὡς
784 668 887 714 αὐτὸς
902 668 1152 722 ἑκκαιδεκάτῳ.

614 759 649 797 3.

160 835 268 873 Idem
283 847 292 874 :
309 834 420 881 Κύον,
433 833 532 877 πόλις
546 832 695 886 Καρίας.
709 833 789 872 Ἀπ.
801 823 958 886 τετάρτῳ
973 834 1153 885 Καρικῶν·

107 896 131 941 ἠ
149 892 315 946 πρότερον
332 891 526 940 Κανήὸιον·
543 892 583 930 τὸ
602 891 734 931 ἐθνικὸν
755 891 900 939 Κυίτης.

614 981 648 1021 4.

161 1052 269 1089 Idem
291 1063 301 1090 :
321 1050 437 1102 ”Υδη,
457 1050 557 1095 πόλις
579 1050 732 1098 Λυδίας,
761 1051 797 1089 ἐν
816 1045 840 1103 ᾗ
858 1049 942 1104 ᾤκει
962 1049 1131 1102 Ὀμφάλη
1146 1080 1157 1100 ,

110 1108 366 1148 δυναστεύουσα
384 1109 527 1158 Λυδῶν,
544 1108 728 1162 Ἰαρδάνου
743 1109 913 1161 θυγάτηρ,
929 1111 975 1152 ὡς
991 1108 1069 1148 Ἀπ.
1087 1110 1159 1148 Κα-

110 1169 215 1221 ρικῶν
234 1167 405 1221 τετάρτῳ.

615 1239 654 1278 5.

162 1333 270 1369 Idem
300 1345 310 1370 :
333 1330 517 1379 Ὑδισσὸς,
549 1331 650 1375 πόλις
679 1331 836 1383 Καρίας,
869 1331 939 1369 ἀπὸ
970 1330 1134 1370 Ὑδισσοῧ
1148 1360 1158 1377 ,

111 1389 232 1433 παιδὸς
245 1389 525 1442 Βελλεροφόντου
542 1390 604 1429 καὶ
621 1390 820 1443 Ἀστερίας,
833 1388 1001 1442 θυγατρὸς
1018 1388 1160 1436 Ὑδέου,

110 1451 158 1494 ὡς
173 1449 249 1488 Ἀπ.
272 1450 438 1501 Καρικῶν
460 1448 637 1502 τετάρτῳ·
657 1467 674 1483 α
694 1448 755 1493 Ἐξ
779 1443 828 1487 ὧν
848 1447 1010 1500 ἐγεννήθη
1036 1447 1160 1486 Ὑδισ-

112 1508 192 1555 σὸς,
217 1506 251 1552 ἐξ
271 1501 310 1545 οὗ
326 1506 388 1545 καὶ
404 1510 426 1554 ἡ
446 1507 547 1551 πόλις
566 1507 740 1551 Ὑδισσός.
765 1525 781 1542 »
806 1506 851 1546 Ὁ
871 1506 1015 1553 πολίτης
1035 1506 1162 1545 Ὑδισ-

112 1566 208 1615 σεὺς,
221 1568 268 1612 ὥς
282 1565 384 1610 αὐτὸς
397 1566 475 1606 Ἀπ.
489 1578 605 1620 φησιν.
618 1571 663 1606 V.
674 1569 860 1618 Forbiger
869 1568 1056 1616 Geogr.p.
1071 1568 1160 1604 232.

521 1682 672 1718 LIBER
700 1682 746 1719 V.

619 1775 656 1812 6.

166 1869 273 1906 Idem
295 1882 304 1905 ε
326 1866 554 1918 Ὑλλούαλα,
575 1867 685 1916 δ’ἧμος
718 1866 867 1919 Καρίας.
887 1867 964 1906 Ἀπ.
991 1866 1018 1904 ε’
1051 1868 1163 1919 Καρι-

112 1928 202 1964 κῶν·
222 1944 238 1959 a
258 1927 373 1978 Κᾶρες
394 1925 540 1978 (Κάρης
557 1927 672 1964 codd.
690 1925 700 1976 )
728 1922 764 1963 δὲ
790 1924 849 1963 τὸν
878 1925 984 1963 τόπον
1011 1925 1140 1962 ἐκεῖνον
1153 1954 1162 1971 ,

114 1983 195 2022 ἔνθα
225 1981 358 2028 ’Ὕλλος
385 1983 547 2022 ἀπώλετο
560 2013 570 2030 ,
602 1982 824 2023 ’Υλλούαλαν
853 1982 1064 2033 ὠνόμασαν,
1099 1982 1161 2020 καὶ

114 2041 188 2086 ἕδος
207 2043 354 2081 ἐνταῦθα
371 2042 556 2092 ἔδείμαντο
572 2041 803 2084 Ἀπόλλωνος.
822 2041 898 2080 Καὶ
916 2045 978 2080 ν’ὗν
996 2039 1046 2078 ἔτι
1065 2040 1165 2092 παρὰ

115 2101 172 2139 τὸν
187 2100 263 2140 θεὸν
285 2100 394 2151 δῆμός
422 2103 496 2139 ἐστι
513 2099 713 2139 “Υλλούαλα
732 2099 934 2151 λεγόμενος·
957 2118 971 2134 n
992 2097 1082 2138 Ἄλα
1098 2098 1166 2152 γὰρ

115 2162 146 2198 οἱ
171 2161 289 2212 Κᾶρες
307 2159 365 2198 τὸν
382 2158 490 2197 ἵππον
508 2159 626 2210 ἔλεγον
639 2189 650 2210 ,
665 2160 710 2202 ὣς
729 2158 790 2197 καὶ
808 2158 976 2213 πρότερον
995 2160 1052 2211 (v.
1062 2156 1166 2199 Ἀλά-

117 2219 242 2258 ὅανδα.
261 2221 309 2257 V.
331 2220 510 2256 Characis
526 2220 573 2255 fr.
595 2217 665 2270 48)
684 2216 834 2271 εἴρηται.

623 2333 659 2366 2.

157 2389 311 2428 Bargasa,
325 2386 402 2418 urbs
415 2386 519 2418 Cariae
529 2410 538 2426 ,
555 2395 574 2417 a
583 2388 737 2426 Bargaso,
754 2387 866 2426 Bargoe
880 2386 913 2417 et
926 2386 1073 2418 Herculis
1089 2385 1166 2425 filio,

115 2449 211 2481 quem
226 2441 411 2480 persecutus
421 2440 468 2471 est
482 2440 609 2478 Lamus,
626 2438 800 2479 Omphales
813 2440 845 2470 et
856 2438 1002 2470 Herculis
1015 2439 1117 2478 filius,
1132 2440 1170 2470 ut

117 2491 302 2532 Apollonius
322 2491 366 2522 ait
380 2491 568 2523 Caricorum
581 2492 708 2531 quarto.
729 2490 855 2523 Gentile
873 2503 880 2522 :
900 2492 1116 2530 Bargasenus‚
1132 2492 1170 2523 ut

117 2543 201 2575 idem
215 2543 260 2575 ait
272 2542 442 2575 sedecimo.
625 2587 644 2618 3

160 2648 265 2687 Cyum
276 2670 285 2686 ,
302 2646 380 2677 urbs
389 2646 511 2685 Cariae‚
528 2649 585 2686 Ap.
600 2646 726 2686 quarto.
749 2646 839 2678 Prius
851 2648 966 2679 vocata
978 2647 1166 2680 Canebium.

119 2698 245 2731 Gentile
259 2710 266 2729 ε
283 2697 401 2738 Cyites.

626 2749 661 2780 4.

162 2803 272 2845 Hyde,
289 2803 367 2836 urbs
380 2802 510 2844 Lydiae,
534 2803 568 2834 in
581 2811 646 2843 qua
664 2803 830 2835 habitabat
845 2804 1039 2844 Omphales,
1064 2805 1169 2845 Lydo-

121 2864 196 2887 rum
217 2855 340 2896 regina,
360 2854 488 2887 lardani
517 2855 547 2894 ᾗ,
568 2855 606 2886 ut
622 2854 837 2895 Apollodorus
864 2856 909 2887 ait
930 2858 1048 2896 quarto
1079 2856 1170 2888 Cari·

122 2917 245 2940 corum.

165 3010 321 3051 Hydissus
333 3035 343 3051 ,
359 3011 436 3043 urbs
462 3012 584 3052 Cariae,
602 3021 621 3044 a
639 3012 796 3053 llydisso,
810 3013 1061 3053 Bellerophontis
1076 3014 1108 3045 et
1127 3017 1170 3045 Α-

122 3064 242 3103 steriae,
254 3063 366 3105 Hydeo
377 3065 475 3104 natae,
486 3064 580 3104 filius,
595 3066 633 3096 ut
642 3066 828 3106 Apollonius
835 3068 950 3106 quarto
962 3066 1149 3099 Caricorum
1163 3079 1170 3098 :

126 3130 140 3143 ι-
162 3118 210 3148 Ex
230 3116 346 3157 quibus
363 3116 488 3156 genitus
514 3118 563 3149 est
580 3117 754 3158 Hydissus‚
780 3127 799 3150 a
815 3127 881 3158 quo
904 3118 1001 3150 etiam
1019 3118 1174 3159 Hydissus

125 3169 202 3201 urbs
216 3169 381 3201 nominata
393 3171 452 3202 est.
468 3182 485 3197 u
503 3170 608 3210 Civis,
622 3170 841 3211 Hydissensis,
857 3173 893 3203 ut
908 3171 993 3203 idem
1008 3175 1067 3211 Ap.
1082 3171 1171 3203 dicit.

630 3235 666 3268 6.

166 3295 333 3336 Hylluala,
347 3295 461 3327 Cariae.
479 3297 666 3336 Apollonius
679 3298 791 3338 quinto
808 3298 997 3330 Caricorum
1017 3310 1024 3328 :
1046 3310 1060 3324 «
1077 3298 1175 3328 Cares

126 3356 202 3378 vero
219 3347 325 3378 locum
342 3346 451 3386 illum,
472 3348 528 3379 ubi
546 3348 658 3388 Hyllus
681 3349 794 3389 periit,
822 3349 1004 3389 Hyllualam
1029 3347 1174 3380 nomina-

127 3400 220 3439 runt;
247 3399 278 3431 et
293 3399 445 3431 sacellum
473 3400 517 3431 ibi
538 3400 738 3432 aedificarunt
763 3400 918 3441 Apollini3
941 3401 973 3432 et
998 3400 1173 3432 etiamnum

2181 184 2248 216 311

1609 301 1756 337 LIBER
1788 302 1871 338 Vll.

1718 400 1737 433 7
1747 416 1755 424 .

1269 470 1377 507 Idem
1409 484 1417 506 :
1452 467 1656 521 Ἀρκόνησος
1669 497 1680 518 ,
1702 469 1806 515 νῆσος
1840 468 1988 520 Καρίας.
2030 468 2259 512 Ἀπολλώνιος

1216 527 1348 580 ἑὸδόμῃ
1364 530 1541 580 Καρικῶν.
1563 526 1617 566 Τὸ
1631 526 1762 566 ἓθνικὸν
1773 526 1807 566 Ἀ
1814 526 2004 579 ρκονήσιος.
2018 531 2062 566 V.
2078 530 2264 578 Forbiger

1214 602 1254 638 p.
1271 600 1361 636 219.

1724 645 1759 682 8.

1270 723 1376 760 Idem
1394 736 1403 759 ε
1419 721 1618 774 Χρυσαορὶς
1631 752 1642 769 ,
1659 720 1759 765 πόλις
1775 719 1909 773 Καρίας
1921 749 1930 766 ,
1944 722 1966 765 ἢ
1982 718 2123 772 ὕστερον
2140 719 2266 771 Ἱδριὰς

1218 782 1467 831 ὀνομασθεῖσα.
1498 780 1576 820 Ἀπ.
1608 781 1642 817 ἐν
1663 779 1806 830 ἑόδόμῳ
1836 780 2004 830 Καρικῶν
2024 778 2084 816 καὶ
2113 778 2144 815 α’
2166 779 2266 816 πόλιν

1222 839 1408 892 (Καρικῶν
1418 854 1426 863 ·
1439 856 1455 873 α
1465 839 1706 891 Χρυσαορὶνῖ)
1720 837 1782 885 τὴν
1793 837 1859 876 ὕπὸ
1871 836 2010 877 Λυκίων
2023 840 2235 875 κτισθεῖσαν.
2253 854 2267 870 »

1217 898 1270 937 Τὸ
1287 898 1418 936 ἐθνικὸν
1436 895 1679 950 Χρυσαορεὺς,
1699 898 1746 940 ὡς
1763 895 1865 939 αὐτὸς
1886 897 1921 934 ἐν
1943 896 2073 937 αὐτοῖς·
2097 913 2112 929 οι
2130 896 2269 944 Ταυρο-

1220 957 1362 995 πολῒται
1379 956 1442 1007 μὲν
1456 957 1676 1008 συνεμάχουν
1693 955 1753 994 καὶ
1772 954 2015 1007 Πλαρασσεῒς,
2030 952 2080 991 ἔτι
2097 953 2157 991 καὶ
2173 955 2268 1005 Χρυ-

1221 1020 1358 1068 σαορεῖς
1386 1015 1437 1055 δέ,
1475 1033 1492 1048 ι»
1526 1014 1785 1067 Ἐπαφρόδιτος
1820 1013 1857 1051 δὲ
1886 1012 1948 1060 τὴν
1984 1012 2120 1064 Καρίαν
2152 1018 2270 1049 πᾶσαν

1221 1073 1445 1126 Χρυσαορίδα
1462 1071 1638 1125 λέγεσθαι.
1660 1075 1716 1112 Cf.
1736 1074 1893 1122 Forbig.
1909 1072 2062 1122 p.‘23o‚
2087 1086 2148 1119 17.

1260 1136 1331 1170 Ex
1353 1134 1490 1170 eodem
1514 1134 1721 1183 Apollonio
1749 1132 1928 1169 fluxerint
1953 1133 2108 1168 articuli
2130 1129 2275 1182 'l'otupdss

1221 1192 1319 1234 πολις
1333 1200 1371 1228 et
1389 1191 1608 1243 Πλάρασσα,
1629 1192 1697 1228 ubi
1720 1193 1885 1227 auctoris
1898 1199 2029 1227 notam
2054 1204 2132 1226 non
2148 1203 2272 1239 appo—

1223 1252 1297 1286 suit
1316 1258 1529 1299 excerptor.

1623 1340 1767 1374 LIBER
1798 1339 1869 1374 IX.

1730 1444 1768 1479 9.

1278 1525 1385 1561 Idem
1409 1536 1418 1562 :
1443 1522 1584 1572 Τάὸαι,
1607 1522 1705 1566 πόλις
1725 1522 1874 1569 Λυδίας,
1896 1522 1975 1574 περὶ
1995 1517 2043 1560 ὧν
2076 1526 2093 1560 ὁ
2115 1522 2275 1575 χρησμός

1225 1597 1311 1635 φησι
1327 1582 1412 1634 πρὸς
1429 1581 1597 1624 Πισίδας·

1308 1670 1339 1703 'A
1345 1682 1402 1702 στυ
1415 1670 1528 1703 Τάὸων
1542 1670 1675 1711 ἐρικυδὲς
1689 1669 1843 1711 ἐλεύθερον
1862 1670 2044 1706 οἰκίζεσθαι.

1228 1748 1301 1788 Καὶ
1321 1746 1550 1790 Ἀπολλώνιος
1570 1746 1702 1800 ἔννάτῳ
1715 1759 1724 1768 ·
1755 1764 1770 1781 ι
1791 1746 2013 1793 Ἔδεήθησαν
2044 1746 2136 1790 ὅπως
2156 1747 2278 1791 αὐτοὺς

1229 1809 1276 1850 εἷς
1296 1805 1421 1849 Τάὸας
1440 1805 1670 1857 καταγάγωσι
1699 1824 1748 1845 »..
1761 1836 1768 1844 .
1791 1805 1949 1852 Ἐκλήθη
1979 1805 2016 1843 δὲ
2047 1805 2117 1843 ἀπὸ
2137 1806 2274 1846 Τά6ου.

1230 1865 1276 1905 Ὁ
1299 1864 1335 1903 δὲ
1351 1864 1470 1908 Τάὸος
1486 1864 1592 1918 ἥρως.
1609 1865 1655 1904 Οἳ
1676 1863 1714 1902 δέ
1732 1871 1817 1918 φασὶ
1834 1864 1891 1902 τὸν
1910 1863 2069 1916 Κιὸύραν
2090 1864 2150 1902 καὶ
2173 1866 2278 1918 Μαρ-

1229 1923 1315 1962 σύαν
1336 1921 1506 1974 ἀδελφοὺς
1526 1922 1584 1961 τὸν
1617 1922 1679 1973 μὲν
1700 1922 1822 1960 κτίσαι
1843 1922 2002 1975 Κιὸύραν
2021 1923 2144 1970 πόλιν,
2164 1923 2222 1961 τὸν
2242 1923 2277 1961 δὲ

1228 1981 1372 2029 Τάὸας,
1392 1981 1452 2020 καὶ
1483 1980 1632 2020 καλέσαι
1659 1981 1730 2019 ἀπὸ
1757 1985 1816 2020 τοῦ
1838 1981 1895 2020 ἐπὶ
1921 1981 2053 2034 πέτρας
2086 1984 2278 2020 οἰκεῖσθαι·

1230 2041 1342 2079 τάὸαν
1361 2041 1429 2095 γὰρ
1457 2041 1521 2088 τὴν
1539 2040 1668 2093 πέτραν
1687 2041 1863 2087 ἽΞλληνες
1889 2042 2144 2095 ἑρμηνεύουσιν.
2165 2041 2279 2081 Ἔνιοι

1228 2099 1299 2137 ἀπὸ
1314 2099 1485 2139 Ταὸανοῧ
1502 2099 1536 2139 Ἀ
1544 2099 1668 2152 ργείου.
1680 2131 1688 2138 .
1698 2131 1706 2139 .
1724 2098 1830 2140 Ἔστι
1849 2099 1908 2138 καὶ
1923 2100 2012 2145 ἄλλη
2030 2100 2129 2143 πόλις
2143 2099 2280 2152 Καρίας

1228 2157 1370 2206 Τάὸαι,
1397 2158 1458 2196 καὶ
1480 2158 1581 2209 τρίτη
1601 2161 1663 2203 τῆς
1683 2158 1840 2211 Περαίας
1862 2159 1938 2210 (sc.
1969 2158 2116 2197 ςΡοδίων
2132 2158 2157 2211 ).
2187 2162 2277 2196 Haec

1230 2219 1345 2254 trium
1372 2219 1530 2255 urbium
1559 2219 1753 2255 distinctio
1783 2220 2018 2268 excerptoris
2043 2220 2279 2268 negligentiae

1227 2328 1319 2368 juxta
1331 2328 1430 2360 deum
1444 2329 1493 2360 est
1507 2336 1604 2368 pagus
1625 2328 1772 2368 Hylluala
1788 2328 1904 2360 dictus.
1918 2341 1934 2356 u
1949 2329 2014 2360 Ala
2027 2328 2147 2360 scilicet
2160 2337 2280 2368 equum

1229 2383 1328 2414 Cares
1343 2381 1519 2420 vocabant,
1539 2380 1633 2413 sicuti
1647 2381 1714 2420 jam
1730 2381 1798 2412 dixi
1814 2381 1846 2412 in
1861 2381 2134 2413 antecedentibus.

1739 2441 1772 2472 7.

1272 2499 1469 2536 Arconesus‚
1487 2496 1591 2528 insula
1605 2496 1720 2529 cariae.
1733 2496 1920 2537 Apollonius
1930 2496 2064 2537 septimo
2079 2498 2278 2529 Caricorum.

1230 2549 1355 2582 Gentile
1372 2558 1381 2581 ε
1399 2549 1598 2582 Arconesius.

1740 2602 1775 2633 8.

1273 2652 1474 2694 Chrysaoris,
1496 2654 1572 2686 urbs
1588 2655 1690 2686 Caria·¹
1704 2679 1712 2694 ‚
1733 2663 1808 2695 quoe
1822 2657 1932 2695 postea
1952 2655 2077 2687 Hidrias
2092 2658 2205 2688 vocata
2220 2658 2279 2688 est.

1232 2705 1418 2744 Apollonius
1431 2706 1463 2737 in
1488 2706 1624 2746 septimo
1651 2706 1864 2738 Carieorum:
1886 2719 1901 2734 «
1924 2707 2117 2747 Chrysaorin
2135 2717 2154 2739 a
2180 2708 2282 2748 Lyciis

1231 2755 1406 2788 conditam.
1424 2770 1439 2785 >a
1466 2757 1592 2789 Gentile
1617 2757 1879 2797 Chrysaorensis,
1902 2760 1938 2789 ut
1953 2758 2038 2790 idem
2064 2759 2108 2790 ait
2133 2759 2248 2791 ibidem
2273 2773 2279 2791 :

1233 2821 1250 2836 «ι
1265 2810 1481 2849 Tauropolitae
1492 2810 1569 2842 socii
1583 2813 1672 2842 erant
1686 2811 1719 2842 et
1732 2811 1957 2843 Plarassenses.
1973 2825 1989 2839 ³»

1739 2871 1773 2902 9.

1274 2924 1391 2963 Tabae,
1407 2925 1484 2956 urbs
1501 2925 1627 2965 Lydiae,
1645 2925 1686 2957 de
1701 2934 1766 2966 qua
1778 2926 1944 2957 oraculum
1959 2926 2000 2958 ad
2018 2926 2138 2958 Pisidas
2154 2928 2256 2967 inquit
2272 2940 2280 2958 ;

1305 3004 1413 3033 Urbem
1423 3005 1572 3034 Tabarum
1582 3006 1741 3042 gloriosam
1753 3006 1876 3036 liberam
1890 3007 1997 3036 incolis
2010 3006 2208 3043 frequentare.

1234 3090 1274 3120 Et
1285 3087 1473 3128 Apollonius
1485 3097 1571 3120 nono
1590 3102 1597 3121 ε
1611 3101 1629 3117 τι
1645 3091 1809 3130 Rogarunt
1821 3091 1985 3131 quomodo
1994 3099 2050 3123 eos
2062 3091 2164 3122 Tabas
2179 3090 2280 3122 dedu-

1234 3142 1355 3172 cerent.
1370 3153 1389 3168 »
1404 3143 1527 3172 Nomen
1543 3141 1638 3174 habet
1661 3151 1680 3174 a
1692 3143 1790 3175 Tabo.
1809 3144 1916 3175 Tabus
1937 3152 2011 3175 vero
2028 3144 2121 3175 heros
2143 3144 2202 3174 est.
2222 3142 2281 3173 Alii

1233 3192 1344 3224 dicunt
1360 3193 1511 3234 Cibyram
1530 3197 1562 3226 et
1575 3197 1735 3236 Marsyam
1750 3197 1882 3237 fratres,
1896 3197 1987 3228 illum
2009 3196 2158 3235 Cibyram
2169 3219 2178 3233 ‚
2195 3195 2281 3226 hune

1235 3245 1340 3278 Tabas
1361 3247 1556 3288 condidisse,
1587 3258 1770 3290 nomenque
1793 3250 1853 3281 hoc
1869 3250 1940 3281 urbi
1962 3249 2131 3287 indidisse,
2145 3247 2230 3287 qnod
2250 3248 2280 3278 in

1234 3305 1312 3328 saxo
1327 3298 1490 3330 exstructa
1499 3301 1599 3339 esset3
1617 3309 1692 3332 nam
1714 3301 1833 3333 tabam
1850 3301 1954 3332 Groeei
1976 3302 2099 3340 petram
2126 3300 2279 3338 interpre-

1234 3349 1356 3380 tantur.
1375 3349 1435 3381 Alii
1450 3359 1470 3381 a
1481 3350 1612 3382 Tabano
1628 3353 1745 3392 Argivo
1758 3353 1954 3384 nominatam
1972 3352 2095 3383 volunt.
2115 3353 2169 3381 Est
2183 3350 2280 3380 etiam

1235 3400 1296 3432 alia
1307 3401 1411 3434 Cariae
1426 3402 1507 3450 urbs
1515 3404 1612 3435 Tabae
1620 3427 1628 3443 ‚
1640 3406 1671 3436 et
1682 3405 1775 3436 tertia
1789 3405 1821 3436 in
1832 3407 1939 3436 Peraea
1953 3403 2085 3436 Rhodia.
