2372 3704
149 253 225 286 572

632 352 696 389 83.

193 444 285 480 Exc.
307 442 420 479 Salm.
437 454 479 491 p.
498 440 573 489 395
599 454 608 477 :
636 438 740 482 Γάϊος
757 437 819 482 τὰς
839 437 898 477 δύο
916 437 1069 490 ἀδελφὰς
1089 438 1194 476 αὐτοῦ

141 498 440 552 διεπαρθένευσεν.
461 498 558 537 Ἰδὼν
577 498 612 536 δὲ
631 498 778 545 πηλὸν’
764 514 797 535 εν
814 499 1002 549 στενωπῶ,
1018 495 1196 535 ἐκέλευσεν

141 560 291 612 ἀχθῆναι
314 556 592 603 Οὖεσπασιανον,
610 556 712 608 [τότε
733 554 951 608 ἀγορανόμον
970 554 1023 606 ]''
1004 570 1112 604 οντα,
1133 553 1195 592 καὶ

142 617 361 668 ἐμὸληθῆναι
389 615 446 654 τὸν
478 616 589 662 πηλὸν
620 617 666 658 εἷς
696 615 752 652 τὸν
773 614 901 652 κόλπον
924 615 1043 653 αὐτοῦ,
1079 616 1194 656 Οὗτος

143 675 301 714 κυὸεύων
329 674 413 714 ποτὲ
434 676 468 712 ἐν
501 673 691 722 Γαλλίαις,
714 673 774 710 καὶ
797 672 915 723 μαθων
936 674 982 716 ὥς
1007 673 1071 710 οὐκ
1103 671 1195 709 ἔστιν

144 735 240 787 αὖτῳ
268 733 450 786 ἀργύριον,
475 732 626 775 ἀναστὰς
656 731 816 770 ἐκέλευσε
843 730 991 774 πολλους
1016 730 1201 773 πλουσίους

145 772 378 852 ἀναιιρεθῆναι·
408 791 469 829 καὶ
498 790 605 829 ἐλθὼν
623 806 707 843 προς
726 789 803 833 τοὺς
823 788 1062 840 συγκυὸευτὰς
1079 792 1174 826 εἶπεν
1188 817 1199 838 ,

145 870 163 886 «ι
182 851 243 891 Ἐν
267 853 295 903 ᾧ
327 853 424 901 υμεῒς
450 850 530 901 περὶ
557 850 672 900 ὀλίγου
703 851 949 902 φιλονεικεῖτε,
982 847 1048 898 ἐγὼ
1071 848 1201 893 πληθος

150 910 344 964 χρημάτων
373 909 582 960 συνήγαγον.
605 928 619 942 υ
635 908 799 959 Ἔλέγετο
822 907 858 945 δὲ
884 905 1128 957 Καλλιγόλας,
1149 903 1203 942 ὅτι

147 971 187 1007 ἐκ
196 974 325 1041 μικρᾶς
338 967 499 1015 ἠλικίας’
485 984 518 1005 εν
535 970 584 1020 τῷ
602 965 826 1019 στρατοπέδῳ
843 965 887 1003 τὰ
901 966 969 1003 πολ
970 964 1044 1003 λα’
1030 963 1202 1016 ετρέφετο,

147 1043 209 1066 και
225 1033 294 1070 τοῖς
309 1031 570 1079 στρατιωτικοῖς
587 1027 713 1078 ἐχρητο
730 1024 963 1075 ὑποδήμασιν·
978 1025 1017 1062 ἐκ
1030 1038 1098 1061 των
1115 1023 1202 1061 καλ-

147 1086 254 1137 λίγων
273 1080 331 1124 οὖν
353 1085 578 1136 Καλλιγόλας
597 1083 747 1135 ἐλέγετο.

647 1184 711 1227 84.

203 1285 294 1320 Exc.
317 1283 404 1320 De
394 1295 460 1318 ins.
482 1294 523 1330 p.
549 1294 597 1317 22
623 1294 630 1316 :
653 1278 740 1319 ‘'O‘ct
759 1277 842 1317 ποτὲ
863 1277 920 1316 τὸν
941 1278 1052 1329 δῆμον
1081 1279 1205 1316 συνελ-

150 1340 290 1380 θόντα’
275 1356 308 1378 εν
334 1338 580 1392 ἱπποδρομίῳ,
601 1338 661 1376 καὶ
686 1341 805 1376 τοῦτον
838 1337 1055 1389 ἐλέγχονταιε
1044 1337 1109 1374 υπὸ
1137 1339 1205 1375 τῶν

151 1415 374 1452 στρατιωτῶν
395 1398 563 1452 διέφθειρε
566 1413 596 1435 ν·
621 1396 654 1441 ἐξ
687 1400 794 1448 ουπερ
823 1396 949 1439 πάντες
977 1394 1204 1446 ἐσιώπησαν,

152 1458 254 1511 ἄγρις
273 1462 312 1496 οὓ
345 1457 496 1500 Κάσσιός
511 1472 548 1494 τε
568 1455 722 1507 Χαιρέας
750 1455 808 1493 καὶ
832 1454 1022 1507 Κορνήλιος
1043 1454 1205 1500 Σαὸῒνος,

134 1517 268 1568 γκαίτοι
293 1516 499 1568 χιλιαρχίας
514 1517 598 1566 παρ’
618 1516 724 1552 αὐτοῦ
742 1512 1033 1562 πεπιστευμένοι,
1054 1512 1208 1562 συνωμό-

154 1591 279 1622 σαντο,
297 1574 422 1617 πάντες
439 1590 474 1611 τε
491 1576 536 1616 ὡς
557 1576 664 1611 εἰπεῖν
682 1575 712 1611 οἱ
730 1573 809 1624 περὶ
830 1572 932 1610 αὐτὸν
952 1571 1037 1624 ὑπέρ
1056 1587 1092 1609 τε
1112 1574 1206 1623 σφῶν

162 1633 224 1672 καὶ
240 1636 309 1671 τῶν
328 1635 451 1672 κοινῶν
481 1634 700 1679 ἐκινήθησαν·
731 1631 790 1668 καὶ
810 1630 1024 1684 τηρήσαντες
1046 1629 1148 1667 αὐτὸν
1170 1631 1208 1667 ἐκ

155 1696 218 1731 τοῦ
236 1693 381 1742 θεάτρου
410 1691 619 1742 ἐρχόμενον,
639 1689 695 1727 ὅτε
724 1688 766 1735 δὴ
793 1689 870 1732 τοὺς
896 1691 934 1726 ἐκ
955 1691 1015 1733 τῆς
1039 1687 1210 1731 Ἑλλάδος

156 1751 288 1793 παῖδας
308 1749 365 1788 ἐπὶ
390 1749 447 1787 τὸν
465 1748 549 1787 ἴδιον
575 1748 680 1797 ὕμνον
697 1746 960 1797 μετεπέμπετο,
987 1749 1021 1784 ἐν
1043 1749 1210 1798 στενωπῷ

157 1824 224 1847 τινι
243 1808 339 1860 τόπῳ
356 1810 610 1860 προσπεσόντες
626 1807 874 1857 τιτρώσκουσιν
887 1835 897 1852 ,
918 1805 1017 1842 ἄλλοι
1031 1820 1068 1842 τε
1089 1806 1128 1842 ἐκ
1141 1807 1209 1842 τῶν

950 241 1167 281 somnis
1195 230 1528 281 ANTlocflENI'

1260 329 1402 380 σαρκῶν
1424 328 1529 366 αὐτοῦ
1558 325 1757 379 ἐγεύσαντο.
1781 326 1854 366 Καὶ
1873 326 1918 364 τὰ
1947 326 2009 378 μὲν
2031 325 2139 366 Γαΐου
2158 330 2317 367 τοιαῦταυ

1260 385 1409 438 ’rpus-*tv*
1390 402 1483 425 ετεσι
1501 402 1561 425 και
1575 402 1667 458 μησι
1684 386 1735 433 θ’,
1756 385 1890 439 ἡμέρας
1909 401 1947 424 τε
1967 403 1990 434 η
1992 386 2076 424 ’καὶ
2096 385 2127 424 κ’
2150 385 2316 438 βασιλεύ-

1262 459 1397 488 σαντος.
1416 444 1490 484 Καὶ
1508 445 1609 488 αὐτὸς
1625 450 1694 488 τοῖς
1710 443 1881 496 {mois-,²
1863 461 1909 488 ως
1926 447 1988 483 οὐκ
2007 440 2048 492 ἠν
2069 444 2142 488 θεὸς
2157 474 2167 491 ,
2190 443 2242 490 ἐξε
2234 445 2316 495 ’μα-

1261 507 1330 543 θεν.
1355 504 1436 556 Ὑφ’
1460 506 1508 540 ὡν
1524 519 1561 542 τε
1575 503 1635 541 καὶ
1655 502 1704 553 μὴ
1725 503 1845 556 παρὼν
1864 504 2131 556 προσεκυνεῒτο,
2154 503 2231 546 τότε
2251 518 2317 541 κα-

1262 562 1440 600 τεπτύετο·
1458 561 1547 600 καὶε
1535 561 1590 613 υερ’
1607 564 1654 598 ὡν
1672 577 1710 599 τε
1727 561 1813 605 Ζευς
1826 562 1886 600 καὶ
1900 562 1973 606 θεὸς
1989 562 2188 612 ὠνομάζετό
2205 578 2241 600 τε
2255 561 2318 600 καὶ

1264 620 1454 672 ἐγράφετο,
1485 619 1628 670 σφάγιον
1657 618 1798 670 ἐγίνετο·
1828 620 2025 672 ἀνδριάντες
2053 636 2091 658 τε
2124 623 2230 659 αὐτου
2256 618 2319 658 καὶ

1264 678 1391 720 εἰκόνες
1408 677 1587 729 ἐσύροντο,
1608 677 1832 728 μεμνημένου
1854 678 2007 728 μάλιστα
2041 682 2101 716 τοῦ
2126 679 2238 728 δήμου
2268 672 2317 716 ὧν

1265 734 1445 774 ἐπεπόνθει
1473 736 1606 774 δεινῶν.
1665 737 1712 774 Οἱ
1729 735 1764 774 δὲ
1783 740 1994 788 στρατιῶται
2019 735 2093 775 ὅσοι
2114 735 2176 787 μὲν
2201 739 2239 775 ἐκ
2260 739 2320 774 τοῦ

1266 797 1484 846 Γερμανικοῦ
1507 793 1630 846 μέρους
1649 788 1738 840 ἦσαν
1749 825 1758 841 ,
1774 794 1959 846 ἐθορύὲουν
1978 810 2014 833 τε
2028 794 2088 833 καὶ
2103 791 2322 844 ἐστασίαζον,

1263 853 1354 891 ὥστε
1371 852 1431 890 καὶ
1447 851 1582 905 σφαγὰς
1593 853 1714 890 ποιεῖν·
1729 852 1803 891 ὅσοι
1818 853 1852 891 δὲ
1868 853 1982 896 ἄλλως
1995 869 2069 898 πως
2079 853 2136 892 ἐπὶ
2151 857 2194 906 τῇ
2209 856 2318 905 βουλῇ

1264 912 1494 958 ἐποιήσαντο,
1514 909 1712 955 πεισθέντες
1727 914 1797 955 τοῖς
1816 911 1927 964 ὅρκοις
1947 912 2147 964 ἡσύχασαν.
2177 914 2210 951 Τ
2213 910 2321 950 ούτων

1266 971 1300 1009 δὲ
1324 970 1404 1021 περὶ
1434 970 1492 1008 τὸν
1516 970 1620 1009 Γάϊον
1641 969 1916 1021 πραττομένων,
1948 970 2089 1014 Σέντιός
2105 986 2142 1008 τε
2163 970 2223 1009 καὶ
2249 972 2321 1010 Σε-

1265 1030 1404 1072 κοῦνδος
1424 1031 1454 1067 οἳ
1472 1028 1597 1066 ὕπατοι
1620 1028 1716 1072 εὐθὺς
1735 1030 1774 1067 ἐκ
1798 1032 1866 1067 τῶν
1893 1032 2074 1082 θησαυρῶν
2093 1029 2136 1067 τὰ
2152 1029 2322 1082 χρήματα

1267 1091 1314 1132 εἷς
1343 1088 1382 1126 τὸ
1415 1087 1640 1126 Καπιτώλιον
1677 1088 1910 1139 μετεκόμισαν
1924 1117 1935 1136 ,
1974 1088 2131 1142 φυλακάς
2169 1103 2207 1126 τε
2244 1087 2324 1130 τοὺς

1267 1148 1406 1191 πλείους
1422 1150 1482 1193 τῆς
1500 1146 1680 1199 γερουσίας
1700 1146 1898 1193 ἐπέστησαν
1911 1178 1922 1198 ,
1939 1147 1998 1185 καὶ
2015 1146 2230 1199 στρατιώτας
2245 1148 2324 1184 ἵκα-

1267 1206 1362 1253 νοὺς,
1375 1205 1431 1244 ἵνα
1451 1205 1500 1255 μὴ
1521 1205 1697 1258 διαρπαγὴ
1713 1205 1778 1244 ὑπὸ
1794 1209 1854 1244 τοῦ
1868 1205 2021 1253 πλήθους
2033 1205 2187 1257 γένηται.
2209 1199 2319 1244 Οὗτοί

1268 1282 1306 1304 τε
1324 1265 1401 1316 ἅμα
1418 1270 1489 1308 τοῖς
1503 1265 1672 1317 ἐπάρχοις
1685 1264 1746 1302 καὶ
1757 1270 1826 1309 τοῖς
1836 1264 1915 1318 περὶ
1928 1264 2079 1304 Σαὸῖνον
2092 1264 2152 1303 καὶ
2171 1262 2324 1318 Χαιρέαν

1269 1325 1308 1363 τὸ
1323 1322 1496 1377 πρακτέον
1515 1325 1738 1364 ἐσκοποῦντο.

1764 1434 1830 1473 85.

1670 1533 1930 1572 CLAUDIUS.

1325 1631 1416 1667 Exc.
1435 1632 1492 1666 De
1513 1631 1599 1666 virt.
1621 1643 1661 1678 p.
1683 1630 1758 1667 805
1781 1644 1789 1666 :
1819 1627 1906 1669 εὈτι
1924 1629 2098 1673 Κλαύδιος
2118 1632 2136 1668 ὃ
2165 1628 2328 1681 βασιλεὺς

1273 1686 1462 1736 Ῥωμαίων
1479 1686 1543 1733 τὴν
1562 1686 1623 1737 μὲν
1639 1688 1755 1740 ψυχὴν
1773 1689 1811 1726 οὖ
1824 1690 1952 1741 φαῦλος
1970 1687 2137 1739 ἐγεγόνει,
2152 1687 2244 1726 ἀλλὰ
2261 1688 2322 1726 καὶ

1273 1747 1307 1784 ἐν
1328 1745 1469 1798 παιδείᾳ
1490 1745 1624 1793 ἤσκητο
1645 1748 1690 1790 ὡς
1717 1746 1777 1784 καὶ
1810 1746 2010 1799 συγγράψαι
2038 1746 2127 1785 τινά·
2154 1747 2193 1784 τὸ
2221 1745 2257 1785 δὲ
2284 1746 2326 1793 δὴ

1273 1807 1378 1854 σῶμα
1394 1803 1567 1852 νοσώδης,
1597 1802 1767 1843 ὥστεκαὶ
1789 1808 1832 1856 τῇ
1860 1807 1996 1858 κεφαλῇ
2025 1805 2085 1844 καὶ
2110 1808 2186 1850 ταῖς
2207 1804 2327 1858 χερσὶν

202 1922 253 1951 Fr.
275 1922 326 1950 83.
345 1918 415 1950 τότε
432 1916 646 1959 ἀγορανόμον]
659 1916 804 1957 supplevi
822 1925 840 1947 e
854 1916 975 1947 Chron.
994 1918 1097 1946 Anon.
1113 1914 1184 1946 cod.
1201 1917 1275 1946 Par.
1298 1917 1372 1954 854,
1389 1923 1439 1955 ap.
1457 1917 1566 1947 cram.
1585 1918 1643 1947 An.
1661 1917 1689 1947 ll
1703 1940 1712 1954 ‚
1728 1925 1760 1956 p.
1776 1918 1847 1948 279.
1865 1919 2015 1948 Ceterum
2032 1925 2062 1948 v.
2082 1916 2143 1949 Dio
2161 1919 2244 1956 ΗΧ,
2270 1921 2327 1957 12,

159 1977 190 2008 p.
208 1971 287 2006 915,
306 1970 357 1999 78.
375 1984 418 1990 -
431 1968 517 2007 ὑμεῖς
531 1966 621 2007 περὶ]
640 1967 727 2007 ἡμεῖς
743 1965 800 2006 πρὸ
815 1964 927 1996 codex.
945 1963 1055 1996 Dionis
1069 1963 1168 1995 verba
1186 1964 1289 2003 (LlX,
1302 1968 1353 2003 22,
1370 1971 1401 2002 p.
1420 1965 1500 2001 926,
1519 1963 1576 2002 25)
1593 1963 1623 1993 in
1637 1962 1731 1994 editis
1746 1964 1790 1995 ita
1812 1963 1932 1995 liabent
1951 1977 1958 1996 ι
1977 1965 2116 1996 κυὸεύων
2129 1964 2163 1996 δέ
2179 1975 2256 1996 ποτε
2271 1966 2325 1995 καὶ

161 2016 268 2056 μαθὼν
286 2014 332 2045 ὅτι
347 2014 405 2045 οὐκ
419 2014 466 2051 εἰη
489 2015 518 2044 οἱ
538 2012 700 2054 ἀργύριον,
719 2012 818 2052 ᾔτησέ
833 2023 867 2043 τε
882 2012 936 2047 τὰς
957 2014 1019 2042 τῶν
1043 2012 1190 2042 Γαλατῶν
1207 2010 1390 2052 ἀπογραφὰς
1401 2033 1410 2048 ,
1424 2009 1477 2040 καὶ
1499 2009 1529 2045 ἐξ
1556 2010 1658 2040 αὐτῶν
1683 2010 1754 2046 τοὺς
1769 2010 2022 2047 πλουσιωτάτους
2038 2012 2250 2048 θανατωθῆναι
2272 2022 2326 2042 κε·

159 2062 288 2100 λεύσας,
306 2059 455 2098 ἐπανῆλθέ
468 2071 501 2092 τε
522 2061 597 2102 πρὸς
620 2059 690 2095 τοὺς
713 2058 924 2099 συγκυὸευτὰς
943 2058 996 2089 καὶ
1022 2057 1077 2096 ἔφη
1099 2059 1145 2088 ὅτι
1162 2070 1177 2084 «
1194 2058 1295 2098 Ὑμεῖς
1317 2059 1385 2099 περὶ
1411 2058 1523 2098 ὀλίγων
1549 2058 1696 2098 δραχμῶν
1721 2059 1925 2099 ἀγωνίζεσθε,
1946 2059 2009 2100 ἐγὼ
2031 2060 2064 2092 δὲ
2083 2061 2126 2097 εἷς
2149 2060 2256 2101 μυρίας
2272 2061 2326 2091 καὶ

159 2108 413 2149 πεντακισχιλίας
431 2107 579 2148 μυριάδας
595 2107 738 2147 ἧθροισα.
760 2119 776 2134 »
793 2106 960 2137 putaveris
983 2105 1078 2144 igitur
1094 2105 1160 2136 suis
1176 2105 1282 2136 verbis
1300 2107 1451 2137 Nostrum
1466 2106 1684 2137 narrationem
1700 2106 1808 2138 Dionis
1831 2106 2014 2139 reddidisse.
2033 2106 2068 2138 ld
2085 2116 2162 2139 vero
2180 2116 2244 2138 non
2260 2115 2329 2139 esse

159 2155 299 2187 videtur.
319 2158 400 2187 Nam
418 2154 528 2186 Dionis
542 2156 620 2186 Exc.
641 2153 796 2185 Vaticana
814 2155 859 2184 De
872 2152 1056 2190 sententiis,
1079 2160 1111 2191 p.
1131 2153 1189 2183 204
1205 2151 1255 2183 ed.
1281 2154 1372 2183 Rom.
1398 2152 1531 2184 eandem
1555 2161 1623 2183 rein
1647 2152 1770 2184 iisdem
1790 2153 1899 2193 plane
1917 2153 2048 2193 verbis,
2073 2154 2190 2194 quibus
2213 2155 2328 2187 Noster

161 2203 274 2242 utitur,
285 2203 451 2243 exponunt
461 2227 469 2240 ,
481 2201 540 2233 nisi
553 2201 638 2242 quod
653 2200 775 2232 addunt
786 2199 953 2239 nonnulla,
968 2207 1041 2239 quae
1055 2200 1168 2230 Noster
1183 2198 1300 2230 omisit.
1318 2201 1364 2230 lta
1377 2200 1466 2231 locus
1478 2199 1573 2230 habet
1585 2213 1592 2230 z
1604 2199 1676 2231 Ὅτι
1691 2200 1781 2236 αὐτὸς
1796 2199 1836 2239 (l.
1853 2200 1942 2236 οὗτος
1952 2223 1960 2238 ,
1976 2201 2012 2231 ut
2022 2209 2054 2231 ιι.
2070 2200 2107 2240 1.,
2119 2202 2176 2232 aut
2186 2201 2204 2232 ὁ
2214 2201 2324 2239 αὐτὸς)

162 2251 350 2283 κυὸεὑων....
365 2249 525 2290 ἀναστὰς,[
536 2250 663 2290 ἐξῄτησε
677 2252 738 2280 τῶν
753 2248 891 2290 εὐπόρων
907 2248 1088 2288 ἀπογραφὴν
1102 2247 1155 2278 καὶ
1172 2246 1182 2287 ]
1200 2247 1343 2279 ἐκέλευσε
1365 2247 1497 2283 πολλοὺς
1523 2247 1553 2282 ἐξ
1567 2247 1668 2277 αὐτῶν
1684 2247 1876 2287 ἀναιρεθῆναι
1889 2270 1898 2285 ,
1913 2246 1987 2287 [καὶ
2006 2247 2046 2278 τὰ
2060 2247 2206 2288 χρήματα
2220 2248 2324 2279 αὐτῶν

163 2297 393 2339 εἰσενεχθῆναι)
407 2299 460 2329 καὶ
473 2298 622 2329 ἐλθὼν....
635 2297 823 2337 συνήγαγεν.
840 2295 960 2328 Eadem
973 2295 1187 2335 discrepantia
1196 2319 1205 2333 ‚
1219 2296 1252 2325 et
1266 2296 1367 2334 major
1380 2294 1477 2326 etiam
1489 2318 1497 2333 ,
1512 2294 1583 2324 aliis
1597 2294 1674 2325 locis
1687 2302 1785 2334 quam
1800 2294 1947 2333 plurimis
1960 2295 2042 2326 inter
2057 2295 2191 2326 Dionem
2203 2294 2327 2326 editum

163 2347 261 2386 atquc
287 2347 365 2376 Exc.
391 2346 549 2376 Vaticana
571 2344 758 2383 intercedit,
778 2343 826 2375 uti
848 2344 985 2375 constat.
1011 2342 1106 2379 Quod
1132 2351 1210 2374 num
1231 2344 1316 2374 recte
1344 2341 1525 2381 explicetur
1543 2349 1584 2372 ex
1609 2340 1757 2372 codicum
1786 2341 1895 2372 Dionis
1917 2341 2122 2380 diversitate,
2139 2350 2197 2382 φο
2213 2341 2327 2373 dubito

164 2400 262 2431 quam
283 2391 435 2432 maxime.
464 2393 568 2422 Locus
584 2392 704 2430 noster,
725 2390 828 2430 qualis
848 2390 879 2421 in
905 2390 1013 2420 Dionis
1042 2389 1183 2421 historiis
1199 2389 1291 2421 editis
1307 2390 1435 2429 legitur,
1454 2396 1528 2420 vere
1545 2388 1705 2419 Dioneum
1730 2388 1884 2419 orationis
1906 2387 2004 2420 habet
2020 2389 2179 2428 colorem;
2197 2388 2230 2420 in
2251 2391 2329 2422 Exc.

167 2438 317 2471 vatican.
336 2439 445 2469 autem
470 2437 615 2477 agnoscis
634 2436 792 2468 inferioris
815 2436 928 2475 ingenii
953 2436 1135 2475 hominem,
1159 2436 1214 2476 qui
1239 2437 1350 2468 Dionis
1373 2436 1550 2467 orationem
1577 2444 1634 2475 pro
1650 2435 1741 2467 libitu
1769 2436 1938 2474 immutat3
1963 2436 2050 2467 hunc
2065 2445 2142 2468 vero
2156 2444 2220 2467 non
2237 2437 2330 2468 fuisse

165 2484 303 2515 scribam
323 2483 624 2515 Constantinianum
639 2483 710 2514 loco
728 2483 859 2515 Joannis
878 2484 977 2514 nostri
993 2483 1233 2523 comprobatur.
1250 2487 1351 2515 immo
1365 2483 1523 2516 exstitisse
1535 2482 1630 2514 debet
1645 2482 1775 2514 historia
1788 2483 1938 2523 quaedam
1953 2484 2114 2522 Romana,
2131 2492 2206 2523 quae
2221 2484 2330 2515 Dionis

165 2538 183 2561 e
200 2530 288 2561 libris
302 2531 451 2569 congesta
463 2531 541 2560 erat.
561 2531 608 2560 Ex
625 2529 684 2560 hac
702 2528 862 2560 [luxerunt
882 2531 958 2559 Exc.
973 2529 1127 2560 Vaticana
1138 2553 1146 2568 ‚
1161 2533 1192 2560 et
1205 2538 1279 2569 quae
1297 2532 1437 2569 ¹loannes
1447 2529 1551 2561 affert.
1567 2531 1666 2560 Porro
1679 2529 1748 2560 hacc
1760 2529 1891 2572 historia
1905 2530 1989 2561 ultra
2004 2538 2104 2570 usque
2120 2529 2160 2561 ad
2178 2532 2330 2563 constan·

165 2578 223 2609 tini
239 2578 385 2616 tempora
401 2576 556 2617 perducta
569 2578 637 2607 erat
647 2587 655 2613 ς
666 2585 740 2607 narn
759 2578 916 2616 excerpta
932 2576 1087 2607 Vaticana
1104 2585 1168 2607 non
1182 2576 1213 2606 in
1228 2576 1401 2608 Alexandri
1417 2577 1524 2608 Severi
1541 2576 1739 2616 temporibus
1751 2575 1947 2615 subsistunt,
1962 2576 2016 2608 sed
2030 2577 2070 2608 ad
2084 2577 2330 2612 Constantinum

167 2633 269 2665 usque
280 2625 450 2664 pertinent.
462 2641 504 2647 —-
517 2624 674 2664 ἐλέγετο
690 2623 727 2654 δὲ
744 2623 992 2662 Καλλιγόλας
1005 2623 1072 2654 κτλ.
1084 2621 1096 2663 ]
1114 2621 1189 2653 Ead.
1204 2622 1318 2654 Suidas
1329 2632 1361 2654 v.
1379 2623 1568 2663 Καλλιγὸλας
1584 2622 1706 2663 (codex
1716 2624 1824 2654 noster
1837 2623 2082 2664 Καλλιγούλας).
2094 2624 2144 2655 Cf.
2155 2625 2216 2655 Dio
2230 2625 2329 2664 LVII,

170 2677 187 2704 5
239 2695 261 2702 ..
279 2675 333 2702 851
373 2675 426 2703 95.

197 2681 267 2748 ’F¹:-‚
292 2695 441 2748 84.’ὺπὸ
457 2719 530 2747 τῶν
547 2719 796 2757 στρατιωτῶν
813 2714 1047 2757 διέφθειρεν]
1064 2716 1124 2747 Dio
1141 2717 1266 2748 cassius
1287 2718 1395 2749 noster
1410 2716 1518 2756 (ΗΧ,
1540 2720 1579 2748 28
1594 2716 1700 2756 extr.)
1719 2716 1752 2748 h.
1766 2716 1789 2748 l.
1805 2725 1846 2747 ex
1867 2716 2029 2757 Xipliilino
2051 2717 2236 2757 suppletus,
2253 2717 2333 2750 nihil

171 2762 231 2794 nisi
246 2763 317 2795 haec
331 2762 426 2794 habet
445 2775 452 2794 ε
524 2763 552 2799 ἐς
566 2763 598 2794 δὲ
611 2763 664 2794 τὸν
680 2763 872 2804 ἱππόδρομον
887 2762 973 2797 εὐθὺς
988 2762 1108 2802 σπουδῇ
1122 2762 1312 2803 συνέδραμον
1334 2762 1390 2794 καῖ
1401 2763 1484 2794 δεινὰ
1500 2763 1706 2799 συνεὸόησαν.
1730 2762 1815 2794 Nihil
1838 2762 1879 2793 ibi
1903 2762 1943 2793 de
1959 2763 2077 2802 populo
2099 2763 2271 2794 trucidato.
2293 2765 2332 2794 V.

171 2809 298 2849 Josepli.
314 2811 406 2848 xix,
429 2812 438 2840 1
453 2833 461 2848 ,
477 2811 507 2840 4.
522 2827 562 2831 ——
579 2809 795 2845 Κάσσιος...
820 2806 1131 2849 Σαὸῖνος]Κάσιός
1143 2818 1175 2838 τε
1191 2810 1242 2839 καὶ
1257 2810 1407 2849 Χεραίας,
1428 2809 1592 2850 Κορνήλιός
1605 2819 1638 2840 τε
1652 2809 1705 2839 καὶ
1729 2809 1857 2844 Σαὸῖνος
1881 2808 1994 2840 codex.
2020 2810 2055 2840 V.
2081 2809 2141 2840 Dio
2162 2818 2191 2841 c.
2218 2812 2268 2841 29.
2291 2829 2331 2836 —

171 2854 482 2897 συνωμόσαντο]
498 2857 661 2895 Cramer.;
685 2856 883 2897 συνομόσατο
897 2855 1018 2895 codex;
1041 2855 1230 2895 συνώμοσαν
1246 2857 1304 2887 Dio
1321 2857 1380 2888 l.1.
1403 2875 1445 2884 --
1466 2857 1531 2887 ὅτε
1555 2857 1637 2894 δὴ...
1662 2855 1958 2896 μετεπέμπετο]
1984 2857 2062 2887 Haec
2083 2857 2115 2887 ct
2137 2865 2224 2897 seqq.
2250 2858 2334 2888 malo

179 2905 357 2943 Excerptor
373 2903 546 2934 contraxit.
566 2905 613 2934 lta
631 2904 690 2934 Dio
704 2903 724 2934 Ι.
738 2903 760 2934 l.
779 2916 786 2934 ι
802 2903 890 2935 Ἀλλὰ
905 2903 1092 2943 τηρήσαντες
1106 2902 1198 2933 αὐτὸν
1213 2903 1247 2934 ἐκ
1263 2906 1317 2934 τοῦ
1331 2903 1458 2944 θεάτρου
1475 2903 1633 2940 ἐξελθόντα
1650 2903 1722 2942 (ἵνα
1737 2904 1807 2939 τοὺς
1830 2903 1942 2939 παῖδας
1965 2903 2112 2939 θεάσηται
2126 2927 2135 2942 ,
2150 2904 2203 2940 οὓς
2218 2904 2255 2935 ἐκ
2277 2907 2332 2943 τῆς

170 2949 317 2986 Ἑλλάδος
330 2951 383 2980 καὶ
397 2953 450 2988 τῆς
468 2949 587 2986 Ἰωνίας
601 2953 663 2980 τῶν
685 2949 766 2981 πάνυ
784 2950 916 2989 εὐγενῶν
928 2973 937 2988 ,
951 2950 1001 2981 ἐπὶ
1014 2953 1060 2990 τῷ
1081 2950 1134 2980 τὸν
1156 2950 1250 2990 ὕμνον
1274 2951 1327 2982 τὸν
1344 2952 1386 2987 εἰς
1403 2953 1512 2983 ἑαυτὸν
1538 2951 1747 2990 πεποιημένον
1773 2950 1866 2991 ᾆσαι,
1886 2951 2106 2993 μετεπέμψατο
2122 2951 2232 2990 δῆθεν)
2256 2952 2333 2983 ἀπέ-

172 3005 295 3027 κτειναν
307 3021 317 3035 ,
333 2995 364 3026 ἐν
380 2998 531 3035 στενωπῷ
544 3007 601 3026 τινι
625 2996 845 3032 ἀπολαὸόντες.
871 2997 931 3028 Καὶ
948 2996 1043 3028 αὐτοῦ
1061 2998 1274 3037 συμπεσόντος
1292 2999 1389 3034 οὐδεὶς
1402 3002 1464 3030 τῶν
1481 2999 1641 3038 παρόντων
1655 2998 1829 3037 ἀπέσχετο,
1852 2997 1930 3028 ἀλλὰ
1943 2999 1996 3028 καὶ
2017 2998 2122 3038 νεκρὸν
2139 2997 2233 3029 αὐτὸν
2257 2999 2334 3036 ὄντα,

173 3043 267 3083 ὠμῶς
286 3042 392 3083 (ὅμως
414 3042 499 3082 conj.
523 3042 635 3082 Oddy)
654 3043 857 3083 ἐτίτρωσκον·
883 3043 936 3074 καί
959 3054 1036 3080 τινες
1058 3044 1110 3076 καὶ
1123 3047 1185 3075 τῶν
1200 3048 1324 3086 σαρκῶν
1341 3046 1436 3076 αὐτοῦ
1456 3046 1641 3098 ἐγεύσαντο,
1661 3045 1716 3080 τήν
1733 3055 1766 3075 τε
1783 3047 1916 3084 γυναῖκα
1934 3045 1988 3075 καὶ
2005 3045 2060 3082 τὴν
2077 3046 2229 3086 θυγατέρα
2245 3046 2332 3082 εὐθὺς

173 3089 319 3128 ἔσφαξαν.
333 3106 375 3111 -
388 3087 415 3126 η’
437 3090 489 3120 καὶ
506 3093 534 3120 κ’
543 3088 554 3129 ]
579 3100 600 3129 μ
616 3090 668 3119 καὶ
686 3089 718 3119 κ’
739 3089 852 3120 codex.
871 3091 913 3122 V.
939 3089 997 3120 Dio
1014 3091 1101 3130 LIX,
1121 3094 1171 3121 30.
1192 3092 1251 3122 Pro
1276 3091 1389 3123 diebus
1409 3096 1446 3124 28
1464 3091 1587 3123 nonnisi
1605 3093 1677 3123 octo
1694 3092 1783 3131 ponit
1799 3091 1973 3130 Eutropius
1990 3093 2070 3128 VH,
2092 3095 2149 3131 12,
2171 3094 2331 3132 Zonaras,

175 3135 279 3166 clem.
296 3134 385 3166 Alex.
402 3134 521 3165 Strom.
539 3136 570 3173 1,
588 3143 618 3174 p.
637 3137 716 3174 339,
737 3135 852 3166 Euseb
868 3136 988 3167 Chron.
1004 3137 1042 3167 V.
1062 3135 1193 3177 interpr.
1210 3137 1261 3168 ad.
1278 3137 1371 3168 Dion.
1390 3157 1432 3165 -
1447 3140 1520 3171 Καὶ
1537 3137 1594 3179 ὑφ’
1611 3138 1660 3172 ὢν
1676 3140 1708 3168 et
1724 3140 1830 3169 cetera
1843 3146 1944 3178 usque
1958 3137 1997 3168 ad
2011 3137 2108 3168 finem
2129 3115 2307 3178 siagmenti.
2319 3138 2331 3180 ]

177 3182 226 3213 De
250 3180 300 3212 his
324 3179 404 3211 nihil
430 3179 487 3211 Dio
507 3180 603 3221 (LX,
622 3182 682 3221 4),
698 3181 759 3213 nisi
777 3181 862 3222 quod
887 3183 1010 3217 statuas
1036 3183 1106 3216 Caii
1126 3186 1224 3218 noctu
1241 3184 1400 3218 tollendas
1415 3185 1566 3218 Claudius
1590 3184 1761 3216 curaverit.
1782 3201 1823 3207 —
1849 3186 1884 3216 ot
1907 3184 1944 3215 δὲ
1971 3188 2217 3225 στρατιῶται
2242 3186 2308 3217 κτλ.
2320 3185 2333 3226 ]

175 3229 217 3260 V.
234 3227 365 3268 Joseph.
380 3228 474 3266 XIV,
491 3230 526 3267 1,
543 3231 578 3259 15
594 3236 664 3267 sqq.

216 3278 269 3308 Fr.
289 3278 338 3307 85.
356 3274 476 3306 Eadem
490 3274 603 3306 suidas
616 3284 648 3306 v.
661 3277 690 3307 ’Κ
700 3275 771 3307 λαΰ
781 3277 860 3312 διος
884 3276 983 3316 (colb
994 3286 1026 3308 v.
1041 3278 1199 3319 φαῦλος),
1217 3279 1274 3312 sed
1286 3278 1411 3320 plenius
1422 3277 1577 3309 nonnulla
1590 3278 1622 3308 et
1637 3276 1838 3316 accuratius,
1859 3275 1922 3307 alia
1937 3276 2158 3317 negligentius.
2175 3278 2333 3318 excerpta

175 3324 209 3356 et
223 3323 376 3364 pleraque
398 3322 438 3354 ad
460 3321 596 3353 verbum
611 3322 708 3354 etiam
724 3324 914 3363 transcripta
930 3326 1003 3355 sunt
1019 3333 1060 3356 ex
1080 3326 1174 3357 Dion.
1196 3328 1265 3365 Lx,
1288 3335 1317 3357 c.
1337 3330 1368 3358 2.
1385 3341 1427 3347 -
1445 3323 1602 3364 ἐγεγόνει]
1623 3332 1686 3355 οιιι.
1704 3323 1836 3362 Suidas;
1853 3323 1974 3363 ἐγένετο
1996 3325 2068 3357 Dio.
2086 3342 2124 3346 —-
2146 3325 2241 3357 ἀλλὰ
2266 3325 2332 3356 καὶ

176 3371 214 3402 ἐν
231 3381 267 3401 π.
278 3368 291 3410 ]
313 3367 426 3401 Suidas
445 3368 478 3399 et
500 3368 579 3407 Di0;
608 3368 639 3399 ἐν
655 3369 780 3409 παιδείᾳ
803 3380 837 3400 τε
863 3369 935 3400 cod.
958 3387 1000 3393 ——-
1021 3373 1072 3407 ὡς
1091 3371 1182 3412 καὶ]
1198 3374 1240 3408 ὡς
1262 3373 1310 3404 ἀεὶ
1331 3383 1384 3403 και
1414 3372 1483 3402 Dio.
1502 3388 1545 3394 -
1559 3371 1594 3401 τὸ
1611 3371 1643 3401 δὲ
1660 3369 1718 3410 δὴ]
1742 3371 1779 3407 δὴ
1805 3379 1822 3401 e
1839 3370 1928 3401 suid.
1946 3372 1980 3402 et
1998 3370 2101 3402 Dione
2116 3371 2272 3403 additum
2292 3388 2333 3395 —

178 3417 349 3454 νοσώδης
361 3440 370 3455 ,
388 3416 487 3447 ὥστε
506 3414 593 3456 καὶ]
607 3427 633 3446 ν.
647 3415 703 3455 ἦν,
718 3417 796 3448 καὶ..
804 3417 1008 3458 ,υποτρέμων
1023 3418 1093 3450 cod
1110 3420 1193 3450 Pro
1182 3420 1362 3461 υποτρέμειν
1377 3418 1486 3451 Dionis
1497 3426 1549 3458 ap.
1568 3417 1699 3450 Suidam
1713 3418 1760 3448 est
1773 3417 1906 3457 τρέμειν.
2300 3424 2303 3431 ¹
