2372 3704
166 202 241 234 478

165 286 366 336 Φιλόδημος
384 288 418 325 ἐν
439 288 489 341 τῷ
505 288 594 342 Περὶ
617 291 685 328 τῶν
705 291 739 329 ἐν
764 289 880 343 Ῥόδῳ
907 289 1097 341 Σμινθίων,
1126 305 1210 342 πρε-

164 345 327 398 σδύτερος
346 346 406 385 καὶ
426 347 599 399 εὐδαίμων
618 348 798 402 ἄνθρωπος
814 349 938 403 εὐφυής
957 365 994 388 τε
1015 349 1094 401 περὶ
1107 349 1208 396 ποίη·

164 420 217 442 σιν
231 403 292 452 ὢν,
310 405 426 444 πάντα
442 406 501 445 τὸν
520 408 594 460 βίον
613 408 857 459 ἐδιονυσίαζεν,
880 408 1010 456 ἐσθῆτά
1026 424 1063 447 τε
1082 409 1210 447 Διονυ-

163 463 288 510 σιακὴν
307 467 434 518 φορῶν,
447 466 507 504 καὶ
518 467 664 511 πολλους
677 468 811 520 τρέφων
823 467 1061 520 συμὸάκχους.
1083 466 1210 517 Ἐξῆγέ

161 537 199 559 τε
235 525 354 573 κῶμον
380 523 434 562 ἀεὶ
456 527 533 574 μεθ’
558 525 695 579 ἡμέραν
720 527 779 565 καὶ
810 526 959 600 νύκτωρ.
983 527 1056 566 Καὶ
1064 529 1210 588 ..πρῶτος

162 574 237 634 εῧρε
253 580 316 629 τὴν
331 581 388 620 διὰ
403 585 472 622 τῶν
490 584 660 623 συνθέτων
676 585 858 635 ὀνομάτων
877 586 1032 633 ποίησιν,
1061 589 1083 637 ᾗ
1105 585 1210 624 Ἀσω-

161 641 319 694 πόδωρος
338 644 356 680 6
373 642 585 687 Φλιάσιος’
567 659 710 697 υστερον
731 646 907 697 ἐχρήσατο
925 647 958 683 ἐν
973 650 1043 689 τοῖς
1063 645 1207 683 καταλο

159 698 270 750 γάδην
302 699 452 750 ἰάμὸοις.
481 696 592 746 Ουτος
627 702 662 740 δὲ
692 702 751 741 καὶ
774 702 962 756 κωμῳδίας
989 702 1120 750 ἐποίει,
1148 702 1208 741 καὶ

161 759 252 797 ἄλλα
281 759 395 798 πολλὰ
422 762 455 798 ἐν
481 760 592 815 τούτῳ
623 764 674 815 τῶ
699 763 820 815 τρόπῳ
851 779 920 801 των
940 762 1164 813 ποιημάτων,
1187 762 1208 800 ἃ

160 817 286 870 ἐξῆρχε
305 825 375 862 τοῖς
397 819 470 869 μεθ’
494 822 598 858 αὑτοῦ
622 821 895 874 φαλλοφοροῦσι.

213 877 436 929 Φιλόδημος]
451 881 575 917 verius
591 893 730 917 nomen
744 894 820 917 esse
829 889 925 930 puto
946 879 1207 929 Φιλόμνηστος,

160 937 267 984 quod
289 940 328 973 in
343 940 469 974 notius
488 940 636 976 abierit.
662 941 815 976 Vossius
835 940 988 976 fortasse
1007 940 1055 975 de
1073 940 1207 974 Philo—

159 996 272 1032 demo
293 998 499 1034 Gadarensi
519 999 708 1046 Epicureo
727 997 794 1047 (de
809 1011 887 1046 quo
905 1012 939 1035 v.
961 998 1099 1035 Strabo
1119 999 1207 1034 XVI

157 1067 197 1103 p.
220 1053 328 1105 759),
354 1057 547 1092 Ciceronis
565 1057 722 1103 aequali,
743 1057 810 1104 qui
835 1054 899 1101 τὴν
918 1056 987 1092 τῶν
1013 1054 1207 1108 φιλοσόφων

158 1110 318 1157 σύνταξιν
335 1114 468 1163 (Diog.
486 1117 532 1150 L.
546 1115 599 1159 X,
618 1114 638 1150 3
656 1122 693 1150 et
710 1119 758 1158 24
770 1114 782 1164 )
794 1143 803 1161 ,
820 1122 1010 1164 poemata,
1028 1113 1107 1165 περὶ
1123 1128 1206 1163 μου·

158 1175 276 1219 σικῆς,
297 1171 376 1224 περὶ
399 1175 599 1225 ῥητορικῆς,
621 1172 701 1224 περὶ
731 1175 862 1210 κακιῶν
884 1172 944 1211 καὶ
966 1174 1033 1210 τῶν
1059 1174 1207 1210 ἀντικει-

158 1230 271 1280 μένων
290 1233 434 1284 ἀρετῶν,
450 1235 522 1270 alia
539 1233 599 1283 (V.
619 1234 752 1269 Rosini
770 1234 876 1282 praef.
895 1234 945 1269 ad
958 1235 1042 1271 Vol.
1061 1235 1207 1270 Hereu-

158 1293 234 1329 lan.
249 1290 292 1340 Ι)
314 1292 478 1340 scripsit,
501 1291 748 1341 cogitandum
767 1305 843 1329 esse
858 1293 1130 1342 suspicabatur.
1151 1294 1208 1328 De

156 1350 357 1387 Smintheis
373 1350 420 1387 cf.
443 1351 592 1390 Miiller.
609 1352 697 1387 Dor.
715 1353 749 1396 Ι,
764 1364 804 1400 p.
831 1351 919 1390 218.

193 1557 646 1614 PHlLONIDES.
688 1557 1168 1615 PHILOGENES.

666 1682 699 1707 1.

215 1739 356 1774 Plinius
370 1739 418 1772 H.
437 1738 483 1774 N.
499 1739 545 1782 V,
561 1750 591 1776 s,
608 1736 671 1782 35,
691 1737 739 1773 de
755 1737 883 1787 Cypro
897 1741 969 1777 ins.
990 1754 998 1776 :
1022 1742 1204 1777 Vocatam

158 1803 245 1831 ante
260 1797 516 1831 Acamantida
530 1796 750 1832 Philonides
772 1796 1001 1849 (prodidit).

666 1888 701 1910 2.

210 1945 356 1980 Tzetzes
373 1944 421 1980 ad
443 1945 533 1992 Lyc.
559 1944 658 1981 1085
684 1944 750 1983 :‘O
767 1943 954 1994 Λάμητος,
974 1943 1020 1988 ὥς
1037 1960 1122 1997 φησι
1136 1947 1208 1984 Φι-

155 2001 298 2051 λογένης
311 2031 322 2051 ,
344 2001 495 2045 Ἰταλίας
515 2002 681 2053 ποταμός.
695 2004 750 2042 Cf.
771 2005 901 2054 Steph.
923 2005 1058 2052 Byz.v.
1082 2006 1208 2055 Λαμη-

157 2066 255 2098 τῖνοι.

211 2121 451 2157 Philonidem
467 2123 579 2157 Plinii
599 2129 636 2158 et
659 2123 905 2171 Philogenem
925 2124 1065 2159 Tzetzae
1087 2136 1206 2159 unum

155 2180 395 2228 eundemque
410 2193 488 2216 esse
506 2182 692 2230 suspicor.
711 2183 894 2230 Reliquos
912 2190 1104 2228 auctores,
1120 2183 1204 2230 qui·

156 2240 228 2275 bus
247 2240 466 2276 Philonides
485 2253 625 2277 nomen
645 2248 746 2286 erat,
767 2254 848 2277 non
867 2248 922 2278 est
942 2254 1011 2278 cur
1034 2243 1074 2277 h.
1098 2242 1125 2279 l.
1146 2236 1206 2279 ιἐε-ι

156 2312 383 2335 censeamus.

576 2380 789 2394 ,ψ

491 2427 863 2522 PHILTEAS

209 2568 332 2614 Etym.
351 2568 405 2604 Μ.
425 2579 465 2615 p.
487 2566 578 2614 795,
605 2579 680 2602 12:
706 2565 813 2618 Παρὰ
833 2567 871 2604 τὸ
897 2569 985 2620 φιλω
1003 2569 1119 2641 φιλτὸς
1142 2572 1203 2621 ῥη-

157 2624 303 2674 ματικὸν
322 2624 454 2674 ὄνομα,
490 2629 528 2663 οὓ
554 2624 764 2677 παράγωγον
799 2626 913 2663 Φιλτέ
898 2642 978 2673 ε,ας
1002 2644 1046 2670 ως
1067 2643 1203 2680 πρωτος

156 2683 345 2736 Πρωτέας,
374 2683 511 2736 ἄριστος
550 2684 737 2736 Ἀριστέας.
769 2685 965 2729 Φιλτεάς
994 2686 1030 2723 δέ
1061 2688 1153 2724 ἐστιν
1185 2689 1202 2723 ὃ

155 2796 314 2836 Sapientis
324 2820 332 2835 ,
345 2798 380 2828 ut
390 2795 434 2828 ait
446 2797 680 2828 Philomnestus
690 2796 722 2827 in
734 2796 815 2827 libro
827 2799 872 2828 De
879 2797 1044 2829 Smintliiis
1052 2798 1083 2828 in
1093 2798 1205 2829 Rhodo

155 2848 278 2888 insula,
293 2849 370 2880 natu
392 2849 457 2888 iam
474 2848 636 2888 grandior,
653 2849 685 2880 et
700 2848 880 2880 fortunatus
895 2849 1010 2888 homo,
1027 2852 1060 2881 et
1078 2850 1204 2889 poetico

155 2900 281 2940 ingenio
294 2900 464 2941 praeditus,
479 2910 535 2942 per
553 2902 655 2933 totam
668 2900 767 2933 vitam
782 2901 991 2933 Bacchanalia
1007 2902 1204 2941 celebrabat,

157 2952 312 2984 Bacchico
329 2953 418 2984 cultu
441 2953 608 2993 incedens,
640 2953 672 2986 et
697 2953 817 2986 multos
842 2953 930 2986 alens
948 2953 1073 2986 sodales
1096 2962 1204 2986 secum

95 3031 98 3032 γ
156 3004 347 3036 bacchantes
364 3013 565 3045 :agmenque
589 3006 834 3037 comessantium
851 3005 919 3037 dies
944 3006 1119 3046 noctesque
1145 3006 1202 3038 du-

157 3055 260 3088 cebat.
280 3056 368 3088 ldem
397 3057 517 3097 primns
547 3058 656 3098 poesin
674 3058 781 3097 illam,
796 3067 869 3098 quae
886 3057 922 3090 fit
938 3059 1013 3099 apta
1031 3058 1203 3090 verborum

156 3107 408 3148 compositione,
438 3108 581 3149 invenit;
603 3118 667 3150 qua
691 3109 806 3141 deinde
825 3110 1205 3150 AsopodorusPhliasius

156 3168 236 3192 usus
250 3160 343 3192 estin
356 3159 468 3191 iambis
484 3161 644 3201 prosaicis.
660 3161 717 3193 Ille
728 3170 805 3194 vero
819 3162 915 3194 etiam
929 3162 1102 3194 comoedias
1114 3171 1203 3195 com-

157 3214 280 3254 posuit,
295 3214 327 3245 et
350 3213 412 3245 alia
428 3214 529 3246 multa
556 3213 589 3245 in
604 3214 717 3246 eodem
735 3223 865 3255 poeseos
882 3224 1014 3257 genere,
1041 3225 1114 3257 quae
1138 3216 1205 3250 suis

156 3265 374 3307 phallophoris
389 3265 595 3306 praecinebat.

198 3377 366 3416 Lametus,
386 3377 421 3408 ut
435 3376 479 3408 ait
495 3375 698 3416 Philogenes,
718 3377 817 3408 italiae
828 3377 956 3410 fluvius.

465 198 784 251 Pfl1LON1mS‚
814 200 1144 248 PHILOGENIS,
1174 199 1430 248 PHILTEAE,
1461 201 1743 243 PISlSTRATl
1770 205 2015 256 LlPARAEI,

1272 287 1484 339 καλούμενος
1500 290 1779 341 (ὁΚαλλαὸαῖος
1800 295 1888 332 cod.
1907 297 2038 332 Leid.
2030 298 2072 343 36
2095 297 2319 342 Καλακταῖος

1273 348 1375 396 conj.
1409 351 1619 387 Valckenai
1651 364 1712 400 ap.
1745 355 1913 402 Lennep.
1947 356 2316 407 Phalar.p.xx111)

1271 406 1470 458 ἱστορικὸς,
1482 409 1500 444 6
1519 407 1562 445 τὰ
1582 408 1697 453 Νάξια
1716 410 1969 461 (1.Ναξιακὰ)
1986 413 2129 456 συνθείς.

1324 467 1514 516 Corrupla
1544 469 1609 504 illa
1637 468 1792 512 Φιλτέας
1811 472 1829 507 6
1858 471 2083 515 Καλλαὸαῖος
2106 487 2134 512 s.
2158 475 2176 510 6
2194 473 2321 511 καλού-

1271 538 1388 572 μενος,
1409 527 1447 561 in
1463 527 1603 574 quibus
1623 529 1683 564 vel
1698 530 1831 577 patriae
1841 531 1900 566 vel
1918 533 2036 580 patris
2051 534 2194 568 mentio
2215 533 2319 578 latet,

1270 584 1310 618 in
1342 583 1450 632 pejus
1479 585 1693 621 emendavit
1725 589 1942 624 Eustathius
1962 591 2133 626 scribens
2160 591 2322 636 Φιλητᾶς

1270 639 1292 686 ἢ
1312 641 1531 685 Καλλῖνοςίῃ
1548 644 1758 682 Comment.
1770 646 1819 682 ad
1833 647 1965 694 Odyss.
1983 662 2015 693 υ,
2033 648 2119 694 106,
2138 662 2178 698 p.
2205 649 2318 694 1885,

1273 698 1519 743 511Γούτοις
1547 700 1583 738 δὲ
1618 702 1636 738 6
1653 701 1768 761 ‘abrec
1795 702 1822 755 (ε
1825 704 2064 755 Ηρακλείδης)
2098 706 2242 757 ἐπάγει,
2268 706 2322 745 ὅτι

1273 757 1356 795 ἔνιοι
1375 760 1445 795 τῶν
1473 757 1617 805 Ἰώνων,
1638 753 1687 802 οἶς
1707 761 1886 798 ἀκολουθεῖ
1919 761 2044 814 (φησὶ)
2070 762 2220 802 nazar&
2245 767 2321 804 Nut-

1269 815 1372 860 ξιακὰ
1391 815 1527 870 γράψας
1550 788 1711 863 Φιλητᾶς
1730 817 1751 864 ἢ
1772 820 1965 870 Καλλῖνος,
1990 820 2093 870 μόνον
2110 821 2147 860 τὸ
2160 821 2181 870 ἦ
2196 823 2231 860 ἐν
2248 824 2318 867 τοῖς

1269 874 1434 917 τοιούτοις
1453 875 1722 926 παρακειμένοις
1739 878 1785 920 εἷς
1799 891 1815 914 ε
1835 893 1894 916 και
1910 879 1932 916 ἆ
1952 894 2151 928 τεμνοντες,
2175 880 2215 918 τὸ
2232 881 2318 919 ἐπό-

1270 947 1371 982 μενον
1389 948 1406 970 ν
1422 933 1648 985 φυλάττουσι,
1682 935 1973 975 πεποιέανται
1992 937 2148 988 λέγοντες
2177 939 2237 978 και
2257 955 2319 991 γε·

1269 989 1519 1041 γενέανται,
1541 991 1631 1030 καθὰ
1654 993 1770 1031 καὶτὸ
1789 994 2001 1046 ἐγένοντο,
2021 995 2182 1048 ἔγεντο.
2205 1000 2320 1036 Simi-

1268 1051 1354 1087 liter
1367 1052 1587 1100 Eudociap.
1607 1058 1681 1097 424
1697 1055 1881 1091 Philetam
1897 1056 2019 1092 Coum
2033 1065 2170 1105 praeter
2183 1070 2226 1094 ea
2239 1071 2322 1107 quae

1269 1111 1371 1158 apud
1388 1111 1541 1147 Suidam
1557 1120 1802 1149 recensentur
1814 1126 1852 1151 v,
1872 1113 2049 1165 Φιλητᾶς,
2065 1117 2255 1165 scripsisse
2270 1118 2323 1154 ait

1268 1167 1328 1206 καὶ
1347 1167 1391 1205 τὰ
1409 1167 1609 1219 καλούμενα
1630 1169 1792 1214 Ναξιακά
1813 1172 1871 1222 (ν.
1896 1173 2012 1211 Bach.
2028 1174 2178 1211 Philetae
2193 1176 2320 1224 Reliq.

1267 1241 1305 1276 p.
1327 1228 1375 1265 83
1397 1236 1435 1264 et
1452 1241 1527 1274 272
1546 1229 1572 1277 ).
1596 1229 1650 1268 Cf.
1672 1228 1832 1269 Meinek.
1865 1233 1976 1270 Anal.
2007 1234 2113 1270 Alex.
2141 1247 2183 1283 p.
2221 1233 2318 1280 3513

1270 1287 1546 1325 Westermann.
1571 1289 1609 1323 in
1629 1290 1773 1336 Paulys
1790 1291 1966 1328 Realenc.
1989 1304 2027 1329 v,
2051 1292 2236 1328 Philteas.
2265 1295 2323 1330 De

1269 1353 1377 1382 aetate
1400 1347 1571 1382 historici
1595 1348 1663 1382 etsi
1682 1360 1761 1383 non
1779 1356 1944 1395 constat,
1968 1351 2247 1398 antiquioribus
2263 1357 2322 1388 ta-

1267 1417 1355 1440 men
1368 1406 1617 1453 scriptoribus
1637 1418 1722 1441 eum
1739 1408 2013 1444 accensendum
2027 1421 2102 1445 esse
2121 1421 2142 1445 e
2158 1409 2322 1446 dialecto

1269 1463 1417 1508 ionica,
1441 1476 1517 1511 qua
1533 1476 1620 1500 usus
1637 1472 1711 1510 est,
1728 1465 1948 1512 conjeceris,

1662 1550 1914 1592 ΝΑΞΙΑΚΑ.

1323 1635 1471 1669 Tzeizes
1487 1633 1535 1669 ad
1560 1635 1653 1681 Lyc.
1679 1633 1754 1670 633
1774 1647 1782 1670 :
1802 1635 1848 1672 Αἱ
1867 1632 1903 1671 δὲ
1919 1634 2118 1684 Γυμνήσιαι
2134 1629 2238 1673 αῧται
2258 1637 2322 1683 νῆ-

1269 1706 1323 1728 σοι
1342 1690 1423 1742 περὶ
1447 1690 1510 1737 τὴν
1534 1690 1733 1742 Τυρρηνίαν
1751 1691 1829 1730 εἰσί.
1849 1692 2042 1743 Μέμνηται
2062 1692 2098 1732 δὲ
2118 1695 2231 1733 αὗτων
2258 1694 2318 1734 και

1270 1748 1366 1801 Ἇερτ
1371 1749 1532 1802 μίδωρος.
1559 1749 1707 1799 Τίμαιος
1724 1749 1761 1788 δέ
1778 1766 1883 1803 φησιν
1904 1753 1951 1795 εἷς
1970 1751 2099 1796 ταύτας
2117 1752 2180 1796 τὰς
2175 1752 2318 1812 νήσους

1269 1809 1378 1846 ἐλθεῖν
1399 1823 1494 1851 τινας
1511 1810 1578 1845 τῶν
1593 1810 1768 1856 Βοιωτῶν,
1793 1809 1832 1853 ἃς
1845 1809 2024 1862 Χοιράδας
2041 1803 2116 1848 εἷπε
2139 1804 2260 1860 (ειπον
2278 1813 2316 1861 Ρ).

1269 1865 1424 1909 Φιλτέας
1442 1866 1537 1904 δὲέν
1557 1866 1655 1919 τρίτῃ
1678 1866 1863 1912 Ναξιακων
1883 1867 2101 1921 Βαλεαρίδας
2118 1884 2222 1921 φησιν
2252 1870 2315 1906 αὐ-

1267 1924 1330 1968 τὰς
1348 1924 1491 1977 ὕστερον
1519 1927 1768 1975 ὀνομασθῆναι.
1798 1929 1961 1965 Philetas
1982 1941 2137 1977 quoque
2157 1929 2256 1965 Cous
2280 1930 2321 1965 in

1268 1982 1387 2035 Ἑρμῇ
1405 1985 1573 2029 carmine,
1589 1986 1830 2022 Balearidum
1846 1987 2037 2032 meminit,
2057 1998 2104 2023 ex
2125 1999 2203 2034 quo
2223 1986 2321 2022 duos

1267 2037 1396 2079 versus
1418 2043 1529 2079 affert
1546 2044 1683 2080 Strabo
1709 2046 1786 2090 ΙΙΙ,
1805 2057 1844 2093 p.
1878 2045 1949 2081 168
1987 2045 2042 2094 (v.
2064 2045 2215 2082 Philetae
2234 2046 2317 2082 Rel.

1267 2116 1306 2152 p.
1327 2102 1374 2145 34
1390 2102 1452 2138 ed.
1468 2102 1583 2139 Bach.
1599 2101 1625 2150 ).

1341 2277 1608 2335 PISISTR
1621 2277 1810 2336 ATUS
1847 2278 2241 2338 LIPARAEUS.

1775 2392 1807 2417 1.

1321 2455 1447 2493 Schol.
1470 2455 1599 2504 Apoll.
1626 2456 1699 2494 Rh.
1721 2457 1787 2504 IV,
1821 2455 1935 2502 786:
1970 2454 2050 2494 Διὰ
2077 2454 2318 2507 πλαγκτὰς

1268 2511 1524 2563 περόωντας
1547 2512 1562 2563 ]
1582 2512 1786 2564 ΠλαγταΙὶ
1827 2512 1984 2566 πέτραι
2022 2514 2056 2551 ἐν
2088 2515 2137 2566 τῷ
2170 2516 2317 2568 πορθμῷ

1267 2570 1367 2618 εἰσὶν,
1388 2573 1434 2614 ὡς
1451 2570 1600 2621 Τίμαιος
1618 2570 1679 2609 καὶ
1699 2571 1951 2624 Πεισίστρατος
1970 2574 1988 2610 6
2008 2574 2204 2626 Λιπαραῖος
2221 2573 2315 2627 [φα-

1267 2629 1360 2680 σίν].
1383 2631 1458 2668 Νῧν
1480 2629 1516 2668 δὲ
1546 2629 1607 2674 τὰς
1629 2630 1788 2674 Κυανέας
1821 2633 1925 2682 λέγει.
1953 2632 2008 2670 Cf.
2036 2634 2187 2670 Miillerv
2215 2635 2313 2673 Min.

1264 2702 1305 2737 p.
1331 2689 1419 2736 275.

1586 2829 1681 2867 RES
1702 2828 1990 2867 NAXIORUM.

1308 2923 1488 2962 Gymnesiae
1513 2923 1563 2955 11ae
1579 2923 1692 2955 insulae
1717 2924 1757 2955 ad
1785 2924 1946 2955 Etruriam
1965 2923 2035 2955 sitae
2058 2924 2144 2958 sunt.
2169 2923 2313 2957 Meminit

1265 2982 1379 3005 eorum
1395 2974 1492 3005 etiam
1504 2975 1735 3006 Artemidorus.
1753 2975 1893 3007 Timaeus
1903 2983 1978 3006 vero
1991 2973 2069 3005 dicit
2082 2975 2208 3006 Boeotos
2221 2983 2313 3015 quos·

1264 3026 1338 3058 dam
1363 3026 1393 3057 in
1413 3026 1471 3059 has
1495 3026 1615 3059 insulas
1630 3027 1771 3066 venisse,
1788 3036 1868 3068 quas
1883 3026 2056 3059 Cboerades
2079 3026 2157 3058 olim
2170 3027 2310 3068 appella-

1265 3080 1350 3110 runt.
1366 3079 1502 3111 Philteas
1515 3080 1636 3112 veroin
1651 3080 1747 3112 tertio
1760 3082 1807 3112 De
1820 3080 1916 3112 rebus
1931 3078 2040 3112 Naxiis
2051 3080 2162 3119 postea
2175 3087 2228 3112 eas
2241 3080 2311 3113 Bal-

1263 3129 1397 3162 learidas
1411 3131 1630 3165 denominatas
1642 3143 1719 3167 esse.

1777 3199 1804 3230 l.

1306 3270 1445 3302 Planctae
1458 3274 1557 3310 petrae
1573 3269 1606 3301 in
1617 3268 1830 3310 freto(Siculo
1837 3276 1848 3309 )
1866 3269 1941 3301 sunt
1952 3292 1962 3308 ‚
1980 3267 2168 3305 utfl’imaeus
2182 3269 2215 3301 et
2230 3268 2310 3301 Pisi-

1263 3323 1383 3356 stratus
1405 3323 1565 3363 Liparaeus
1591 3322 1721 3364 dicunt3
1744 3331 1831 3355 nunc
1856 3330 1932 3355 vero
1957 3324 2102 3363 Cyaneas
2122 3320 2310 3362 Apollonius

1265 3377 1324 3409 hoc
1339 3377 1468 3409 nomine
1480 3375 1632 3417 designat.
