2314 3756
101 222 124 253 6
631 210 797 250 MAGNI
828 210 893 248 ET
923 207 1241 248 EUTYCHIANI
1269 203 1604 245 FRAGMENTA.

99 301 276 353 γενόμενοι
288 301 446 338 ἐλίποντο
459 302 606 352 τροφῶν,
617 299 677 337 καὶ
688 298 765 337 οὐδὲ
777 299 846 343 τοῖς
859 297 994 349 ἀλόγοις
1005 299 1139 349 ὑπῆρχε

102 359 230 412 βοτάνη
242 374 249 383 ·
270 353 310 407 ἦν
327 357 394 410 γὰρ
411 358 538 410 ἐρημία
553 373 562 383 ·
581 357 641 396 καὶ
658 357 757 407 γνοὺς
770 359 788 395 ὁ
805 362 874 400 πᾶς
888 355 1034 408 στρατὸς
1047 354 1138 394 Ῥω-

101 418 214 468 μαίων
232 417 283 456 ὅτι
301 416 489 464 ἀπατηθεὶς
505 419 522 455 ὁ
545 415 706 469 βασιλεὺς
725 415 919 462 ἐπλάνησεν
937 413 1059 457 αὐτοὺς
1079 411 1138 451 καὶ

100 478 146 519 εἷς
167 475 315 529 ἐρήμους
333 475 444 526 ἤγαγε
476 474 620 526 τόπους,
641 476 687 518 εἷς
707 474 841 520 πολλὴν
862 472 1006 517 ἀταξίαν
1036 470 1136 523 ἐτρά-

99 547 227 580 πησαν.
247 536 304 586 Τῇ
325 534 360 572 δὲ
391 532 467 580 ἑξῆς
486 532 602 584 ἡμέρᾳ
629 532 711 582 μηνὶ
734 531 878 570 Ἰουνίου
902 530 971 578 κς·’,
998 527 1136 581 ἀγαγὼν

98 593 175 636 τοὺς
190 592 437 640 πλανήσαντας
454 591 556 630 αὐτὸν
578 591 716 644 Πέρσας
731 590 894 637 ἐξήτασεν
916 588 1039 631 αὐτούς
1053 603 1061 612 ·
1077 586 1137 625 καὶ

99 651 328 702 ὡμολόγησαν
343 651 498 702 λέγοντες
514 648 566 688 ὅτι
584 668 599 684 «
618 649 703 703 ὑπὲρ
714 648 876 700 πατρίδος
889 647 1020 686 καὶτοῦ
1037 649 1136 698 βασι-

100 709 187 753 λε’ως
203 711 316 760 ἡμῶν,
336 708 393 746 ἵνα
409 711 524 761 σωθῇ,
545 707 724 757 ἐδώκαμεν
742 710 835 757 ἡμᾶς
854 704 992 748 ἑαυτοὺς
1012 706 1058 748 εἷς
1077 703 1137 742 θά-

94 784 215 816 νατον,
231 767 291 807 καὶ
311 767 558 817 ἐπλανήσαμεν
575 769 680 817 ὑμᾶς·
698 764 769 804 ἰδοὺ
789 766 820 802 οἱ
837 763 952 802 δοῦλοί
971 779 1031 802 σου
1051 764 1139 802 ἀπε-

99 826 258 878 θάνομεν,
282 844 297 861 »
310 825 381 865 Καὶ
395 825 583 869 ἀπεδέξατο
603 826 644 862 αὖ
652 823 725 868 τοὺς
741 823 790 874 μὴ
811 821 977 876 φονεύσας
996 819 1138 867 αὐτοὺς,

98 885 189 924 ἀλλὰ
209 884 285 929 δοὺς
301 884 401 935 λόγον
421 885 535 927 αὐτοῖς
550 916 559 932 ,
578 882 634 921 ἵνα
651 882 826 921 ἓκὸάλωσι
846 881 903 919 τὸν
927 880 1074 933 στρατὸν
1099 881 1138 917 ἐκ

97 947 159 991 τῆς
175 943 307 996 ἐρήμου
327 942 456 995 χώρας.
475 942 548 982 Καὶ
565 940 644 994 περὶ
661 940 752 993 ὥραν
771 939 933 991 δευτέραν
952 942 1013 985 τῆς
1033 940 1139 985 αὐτῆς

97 1001 231 1055 ἡμέρας
247 1004 264 1039 ὃ
280 1000 441 1054 βασιλεὺς
454 999 640 1044 Ἰουλιανὸς
656 998 791 1051 παριὼν
807 998 847 1037 τὸ
862 998 1063 1050 στράτευμα
1078 997 1138 1035 καὶ

98 1062 266 1099 δυσωπῶν
286 1058 408 1102 αὖτοὺς
426 1058 474 1109 μὴ
493 1059 650 1102 ἀτάκτως
666 1058 828 1111 φέρεσθαι
844 1056 975 1109 ἐτρώθη
990 1057 1137 1106 ἀδήλως·

99 1119 159 1157 καὶ
178 1117 339 1157 εἰσελθὼν
365 1119 412 1162 εἷς
431 1117 487 1156 τὸν
508 1115 592 1154 ἴδιον
611 1118 826 1154 παπυλεῶνα
854 1113 911 1153 διὰ
937 1117 998 1160 τῆς
1016 1113 1140 1156 νυκτὸς

98 1179 263 1229 τελευτᾷ,
281 1179 328 1220 ὡς
347 1178 364 1214 ὁ
381 1174 687 1228 προγεγραμμένος
706 1173 857 1224 Μλάγνο
868 1189 882 1216 ς
898 1171 1044 1216 ἐξέθετο.

150 1233 420 1286 Εὐτυχιανὸς
437 1231 478 1270 δὲ
498 1235 516 1270 ὃ
536 1230 858 1285 χρονογράφοςὸ
879 1227 1136 1276 Καππάδοξ,

98 1292 311 1346 στρατιώτης
327 1290 373 1330 ὢν
387 1291 448 1330 καὶ
464 1291 616 1344 βικάριος
629 1294 688 1329 τοῦ
703 1290 789 1328 ἰδίου
804 1291 949 1341 ἀριθμοῦ
962 1290 1031 1326 τῶν
1047 1290 1136 1340 Πρι«

99 1353 380 1404 μοαρμενιακῶν,
396 1349 516 1402 παρὼν
536 1349 596 1388 καὶ
610 1348 711 1392 αὐτὸς
731 1350 765 1386 ἐν
781 1350 830 1400 τῷ
847 1346 1013 1400 πολέμῳ,
1030 1362 1138 1385 συνε-

97 1411 254 1464 γράψατο
265 1410 315 1448 ὅτι
329 1408 503 1448 κατελθὼν
516 1411 533 1446 ὁ
547 1407 649 1452 αὐτὸς
662 1407 823 1460 βασιλεὺς
834 1406 1021 1450 Ἰουλιανὸς
1032 1406 1138 1456 μονὰς

100 1470 137 1508 ιε’
158 1469 216 1508 ἐπὶ
245 1467 290 1506 τὰ
322 1467 482 1520 Περσικὰ
505 1467 593 1520 μέρη
623 1466 680 1505 διὰ
709 1470 771 1504 τοῦ
796 1465 979 1518 Εὐφράτου
999 1466 1136 1511 εἷο-ἦλθε

1200 293 1259 332 καὶ
1279 291 1469 345 ἐπικρατὴς
1487 290 1668 342 γενόμενος
1687 289 1748 328 καὶ
1767 287 1914 337 νικήσας
1930 289 2065 334 πάντας
2085 289 2243 344 παρέλα-

1202 354 1260 392 &ev
1280 352 1342 396 ἕως
1361 351 1494 394 πόλεως
1508 349 1699 402 λεγομένης
1716 349 1985 402 Κτησιφῶντος,
2005 348 2085 388 ἔνθα
2105 351 2124 387 ὁ
2145 353 2248 402 βασι-

1198 412 1276 456 λεὺς
1296 412 1441 462 Περσῶν
1462 409 1634 460 ἐκάθητο,
1666 407 1798 446 ἐκείνου
1823 407 1988 460 φυγόντος
2007 407 2066 446 ἐπὶ
2090 407 2134 446 τὰ
2156 409 2246 462 μέρη

1199 473 1267 508 τῶν
1301 467 1589 522 Περσαρμενίων,
1611 467 1672 506 καὶ
1703 466 1914 518 βουλομένου
1946 466 2036 518 μετὰ
2069 469 2131 514 τῆς
2159 467 2248 513 ἰδίας

1201 528 1394 579 συγκλήτου
1415 525 1474 564 καὶ
1491 529 1551 564 τοῦ
1573 527 1722 578 στρατοῦ
1738 526 1842 563 αὐτοῦ
1864 525 1946 577 ἄχρι
1962 528 2024 572 τῆς
2041 527 2248 571 Βαὸυλῶνος

1202 589 1244 639 τῇ
1274 585 1349 632 ἑξῆς
1370 587 1524 637 ὁρμῆσαι
1550 583 1610 622 καὶ
1629 583 1761 631 ταύτην
1784 584 2003 636 παραλαὸεῒν
2024 583 2082 622 διᾶ
2098 587 2160 632 τῆς
2182 600 2247 623 νυ-

1200 644 1292 688 κτός.
1319 644 1391 684 Καὶ
1410 646 1456 687 ὡς
1484 643 1662 691 καθεύδει,
1684 637 1772 682 εἶδεν
1794 645 1828 682 ἐν
1852 642 2006 696 δράματί
2023 659 2100 682 τινα
2116 642 2246 684 τέλειον

1201 705 1309 756 ἄνδρα
1328 701 1548 753 ἐνδεδυμένον
1567 702 1677 748 ζάὸαν
1689 702 1750 741 καὶ
1767 702 1963 741 εἰσελθόντα
1978 702 2064 756 πρὸς
2079 703 2184 743 αὐτὸν
2200 706 2249 750 εἷς

1199 763 1258 801 τὸν
1275 763 1487 800 παπυλεῶνα
1508 763 1613 799 αὐτοῦ
1631 761 1780 808 πλησίον
1800 764 1863 809 τῆς
1885 760 2019 806 πόλεως
2039 765 2247 816 Κτησιφῶν·

1199 836 1256 864 τος
1290 821 1324 857 ἐν
1355 819 1455 858 πόλει
1486 819 1657 871 λεγομένῃ
1679 819 1796 871 Ἀσίᾳ,
1825 819 1885 858 καὶ
1917 819 2115 872 κρούσαντα
2145 821 2250 860 αὐτὸν

1198 879 1310 931 λόγχῃ
1327 894 1335 903 ·
1351 877 1413 916 καὶ
1437 877 1596 925 πτοηθεὶς
1612 877 1796 926 ἐξυπνίσθη
1817 877 1945 932 κράξας
1959 894 1968 903 ·
1986 878 2046 917 καὶ
2065 878 2252 929 ἐξανέστη-

1200 953 1264 975 σαν
1299 939 1330 975 oi
1364 936 1644 989 κουὸικουλάριοι
1678 938 1836 989 εὐνοῦχοι
1876 938 1936 976 καὶ
1972 937 2159 991 σπαθάριοι
2189 938 2250 978 καὶ

1201 999 1218 1034 ὃ
1234 995 1383 1048 στρατὸς
1400 998 1418 1034 ὁ
1437 995 1621 1049 φυλάττων
1637 995 1696 1034 τὸν
1713 998 1946 1044 παπυλεῶνα,
1961 997 2022 1035 καὶ
2039 996 2248 1043 εἰσελθόντες

1200 1055 1287 1107 πρὸς
1307 1053 1410 1092 αὐτὸν
1441 1053 1531 1104 μετὰ
1556 1054 1754 1105 λαμπάδων
1781 1057 1991 1107 βασιλικῶν·
2019 1054 2080 1094 καὶ
2111 1071 2251 1108 προσε-

1201 1112 1342 1165 σχηκὼς
1352 1111 1570 1162 Ἰουλιανὸςλὸ
1585 1112 1746 1165 βασιλεὺς
1757 1113 1878 1152 ἑαυτὸν
1895 1113 2073 1167 σφαγέντα
2086 1114 2180 1154 κατὰ
2193 1118 2253 1164 τῆς

1202 1172 1390 1224 μασχάλης
1410 1171 1636 1224 ἐπηρώτησεν
1651 1171 1787 1216 αὐτούς·
1806 1190 1822 1208 ιι
1848 1174 1932 1217 Πῶς
1951 1173 2090 1224 λέγεται
2106 1177 2128 1221 ἡ
2147 1172 2252 1226 κώμη

1199 1229 1284 1269 ὅπου
1301 1231 1395 1269 ἐστὶν
1410 1232 1428 1268 ὁ
1444 1230 1634 1269 παπυλεών
1656 1247 1742 1282 μου;
1761 1248 1776 1266 x·
1790 1230 1851 1270 καὶ
1866 1225 1962 1270 εἷπον
1975 1233 2071 1284 αὐτῷ
2085 1231 2138 1271 ὅτι
2154 1231 2254 1272 Ἀσία

1198 1289 1350 1340 λέγεται.
1375 1289 1448 1329 Καὶ
1467 1290 1590 1334 εὐθέως
1611 1289 1767 1342 ἔκραξεν·
1789 1309 1805 1324 «
1832 1284 1886 1329 η’Ώ
1919 1287 2047 1339 ἽΙλιε,
2067 1291 2254 1337 ἀπώλεσας

1199 1347 1400 1388 Ἰουλιανόν.
1419 1366 1436 1382 »
1461 1348 1532 1387 Καὶ
1553 1348 1708 1401 ἐκχυθεὶς
1727 1348 1766 1387 τὸ
1786 1343 1876 1399 αἷμα
1895 1348 2079 1401 παρέδωκε
2098 1348 2162 1396 τὴν
2181 1352 2253 1404 ψυ-

1198 1404 1266 1459 χὴν
1283 1405 1378 1459 ὥραν
1392 1406 1592 1461 νυκτερινὴν
1609 1407 1776 1458 πέμπτην
1793 1408 1803 1461 (
1818 1407 1913 1452 ἔτους
1931 1408 2025 1447 κατὰ
2039 1407 2252 1462 Ἀντιόχειαν

1199 1465 1262 1512 τὴν
1279 1465 1437 1516 μεγάλην
1454 1465 1731 1518 χρηματίζοντος
1750 1467 1818 1504 υια’
1829 1468 1858 1518 ).

98 1582 213 1614 mentis
225 1580 378 1622 pabulum
393 1580 426 1612 in
438 1581 504 1612 tam
517 1579 642 1612 deserto
654 1579 726 1610 loco
738 1578 881 1610 invenire
897 1577 1013 1618 potuit.
1040 1579 1141 1610 Exor-

99 1634 182 1665 citus
206 1633 313 1673 itaque
327 1633 415 1664 totus
438 1640 539 1672 quum
560 1631 750 1671 intelligeret
763 1630 804 1661 ab
827 1630 1018 1670 imperatore
1033 1630 1141 1661 trans-

100 1687 247 1725 fugarum
264 1684 345 1715 dolis
363 1683 474 1715 deluso
498 1692 533 1715 se
556 1683 589 1714 in
617 1683 688 1714 loca
714 1682 836 1714 inculta
855 1681 1032 1713 abductum
1054 1689 1141 1720 esse,

101 1738 263 1769 tumultus
285 1737 393 1768 statim
416 1735 522 1768 ciebat
546 1735 715 1767 maximos.
747 1735 806 1767 Die
832 1735 941 1766 autem
967 1735 1140 1774 sequente,

99 1799 215 1832 nempe
227 1792 246 1823 J
249 1790 314 1822 unii
338 1789 490 1822 vicesima
501 1790 591 1821 sexta
602 1813 612 1828 ‚
632 1789 805 1829 imperator
821 1790 932 1820 Persas
947 1787 1037 1825 illos,
1052 1795 1141 1819 erro-

101 1852 173 1874 rum
192 1843 355 1882 auctores,
369 1850 478 1873 coram
491 1839 606 1872 adduci
619 1840 721 1880 jussit.
738 1839 925 1880 Interrogati
939 1851 955 1866 «
970 1841 1052 1878 Nos,
1070 1838 1137 1870 aie-

100 1895 199 1934 bant,
225 1902 283 1934 pro
306 1901 378 1934 rege
401 1902 439 1925 ac
456 1893 559 1934 patria
582 1892 677 1924 morti
704 1901 762 1923 nos
786 1891 969 1923 addicentes
997 1891 1143 1924 fraudem

100 1946 193 1978 vobis
208 1944 349 1977 fecimus.
377 1947 461 1977 Ecce
481 1944 564 1977 servi
586 1944 635 1976 tui
648 1943 688 1975 ad
713 1952 826 1975 necem
848 1942 952 1984 parati
974 1952 1099 1976 sumus.
1127 1956 1143 1971 υ

100 1999 277 2039 Imperator
301 2006 377 2029 vero
392 1997 437 2029 ita
465 2006 519 2029 eos
546 1997 690 2038 excepit,
717 1998 753 2028 ut
774 1997 879 2028 salvos
894 1996 961 2028 sore
983 1995 1047 2028 fide
1070 1996 1145 2028 data

101 2050 317 2091 promitteret,
348 2048 445 2080 modo
466 2049 643 2081 exercitum
662 2057 757 2080 suum
780 2057 821 2080 ex
851 2047 977 2080 deserto
1002 2047 1145 2080 deduce-

101 2102 182 2134 rent.
198 2102 238 2133 Et
248 2101 332 2133 circa
342 2100 453 2132 horam
463 2100 636 2132 secundam
651 2100 792 2140 eJusdem
804 2099 867 2131 diei
879 2099 1027 2131 Julianus
1039 2099 1144 2140 impe-

103 2155 200 2192 rator,
215 2153 292 2184 dum
303 2152 480 2185 exercitum
492 2152 631 2184 lustrans
645 2151 779 2183 militem
796 2152 833 2183 ut
846 2151 990 2187 ordinem
1005 2153 1147 2184 servaret

103 2206 267 2245 hortatur,
284 2204 325 2236 ab
346 2204 467 2236 incerta
483 2213 580 2236 manu
594 2205 782 2236 vulneratus
794 2205 854 2235 est.
868 2205 909 2235 Et
923 2204 955 2235 in
968 2205 1146 2236 tentorium

102 2265 197 2289 suum
213 2264 372 2296 regressus
394 2255 505 2287 eadem
529 2257 623 2288 nocte
645 2255 745 2287 vitam
761 2255 882 2295 finivit,
901 2255 949 2288 uti
974 2258 1143 2296 Μαῃηας,

102 2317 200 2350 quem
217 2316 311 2348 supra
332 2307 601 2346 commemoravi,
618 2307 760 2339 tradidit.

145 2360 362 2401 Eutychianus
377 2361 485 2392 autem
500 2360 779 2401 chronographus,
809 2358 1003 2401 Cappadox,
1031 2362 1063 2392 et
1080 2352 1147 2401 iBse

103 2411 312 2453 expeditionis
326 2411 410 2443 illius
425 2411 529 2443 socius
544 2412 576 2444 et
590 2412 728 2444 vicarius
744 2411 885 2444 cohortis
907 2420 974 2443 suae
989 2412 1146 2443 Primoar-

106 2464 303 2504 memorum,
317 2463 470 2504 scriptum
482 2464 608 2504 reliquit
621 2465 786 2497 Julianum
798 2464 874 2504 imp.
886 2489 895 2504 ‚
910 2473 1039 2496 emenso
1053 2465 1145 2505 quin-

106 2517 208 2550 decim
227 2517 350 2550 dierum
367 2516 492 2552 itinere,
507 2517 538 2548 in
561 2517 702 2558 regiones
718 2517 857 2550 Persicas
875 2526 931 2558 per
948 2517 1143 2558 Euphratem

1205 1578 1404 1618 penetrasse3
1418 1578 1474 1610 ubi
1482 1578 1567 1610 bello
1579 1578 1725 1619 superior
1736 1579 1839 1611 sactus
1851 1580 1883 1611 et
1897 1579 2016 1620 ubique
2030 1579 2134 1612 victor
2146 1579 2255 1612 omnia

1205 1631 1330 1671 subegit
1347 1640 1448 1672 usque
1475 1631 1515 1663 ad
1545 1631 1788 1672 Ctesiphontem
1808 1631 1923 1664 urbem
1934 1657 1943 1673 ,
1970 1633 2059 1672 regni
2084 1635 2254 1666 Persarum

1204 1682 1312 1715 sedem
1328 1682 1458 1723 regiam,
1475 1691 1548 1723 rege
1561 1683 1629 1724 ipso
1645 1683 1678 1715 in
1692 1684 1944 1716 Persarmeniarn
1959 1684 2034 1725 suga
2061 1684 2180 1725 elapso.
2201 1686 2257 1718 Se-

1205 1737 1323 1776 quente
1334 1737 1442 1768 autem
1454 1735 1517 1776 die,
1535 1736 1731 1776 primoribus
1743 1737 1775 1768 et
1790 1737 1935 1769 exercitu
1951 1737 2100 1778 stipatus,
2116 1737 2256 1779 Babylo-

1205 1798 1393 1830 nemusque
1405 1790 1572 1830 penetrare
1585 1789 1817 1825 destinaverat,
1834 1791 1947 1822 urbem
1959 1799 2030 1823 earn
2043 1791 2084 1824 de
2097 1794 2192 1825 nocte
2203 1801 2257 1834 ag·-

1205 1851 1380 1883 gressurus.
1400 1843 1486 1875 lnter
1499 1842 1724 1875 dormiendum
1737 1852 1812 1876 vero
1822 1853 1879 1885 per
1894 1853 2044 1876 somnum
2051 1845 2133 1878 vidit
2147 1846 2255 1880 virum

1206 1895 1368 1936 quendam
1382 1895 1530 1928 adultum
1543 1921 1552 1935 ,
1570 1896 1669 1928 lorica
1685 1896 1847 1937 indutum,
1861 1897 1917 1938 qui
1930 1898 2104 1930 tentorium
2127 1899 2253 1940 regium

1207 1949 1240 1980 in
1253 1948 1344 1988 Asia,
1361 1949 1440 1981 urbe
1453 1949 1651 1990 ctesiphonti
1671 1949 1793 1989 vicina,
1809 1952 1953 1983 erectum
1963 1951 2141 1993 ingressus,
2160 1953 2254 1986 hasta

1207 2009 1282 2033 eum
1301 2001 1471 2041 percussit.
1495 2003 1566 2041 Ipse
1589 2002 1700 2033 autem
1723 2001 1855 2044 horror-,e
1881 2003 2122 2044 expergefactus
2146 2005 2256 2037 excla-

1208 2051 1320 2084 mitare
1338 2065 1346 2084 z
1361 2052 1529 2084 confestim
1544 2051 1642 2092 igitur
1657 2054 1884 2094 consurgentes
1902 2053 2094 2087 cubicularii
2112 2056 2254 2088 eunuchi

1207 2107 1240 2137 et
1258 2105 1409 2146 spatharii
1425 2105 1546 2146 quique
1565 2104 1608 2137 ad
1632 2106 1808 2138 tentorium
1835 2107 1917 2147 rQis
1940 2107 2095 2140 excubias
2119 2108 2258 2149 agebant

1208 2157 1337 2197 milites,
1355 2166 1430 2188 cum
1443 2156 1645 2198 lampadibus
1659 2157 1750 2198 regiis
1763 2158 1803 2190 ad
1817 2167 1892 2191 eum
1905 2158 2035 2199 ingressi
2047 2161 2136 2192 sunt.
2153 2160 2257 2192 Julia-

1208 2218 1270 2241 nus
1286 2211 1394 2241 autem
1405 2209 1498 2249 imp„
1515 2218 1618 2249 quum
1635 2210 1915 2243 animadvertisset
1926 2219 1961 2243 se
1976 2211 2037 2243 sub
2050 2211 2150 2244 axilla
2165 2211 2259 2246 letale

1208 2262 1328 2294 vulnus
1343 2262 1518 2302 accepisse,
1537 2262 1577 2294 de
1601 2262 1664 2294 vici
1687 2263 1837 2304 nomine,
1857 2264 1912 2295 ubi
1925 2264 2066 2305 positum
2092 2265 2163 2297 erat
2182 2266 2257 2298 ten-

1208 2315 1345 2353 torium,
1364 2314 1542 2347 sciscitatus
1557 2316 1618 2347 est.
1638 2312 1746 2347 A'siam
1766 2324 1843 2348 vero
1865 2317 1972 2348 vocari
1990 2317 2258 2358 respondentibus

1209 2368 1288 2407 illis,
1303 2368 1386 2399 elata
1399 2367 1508 2399 statim
1522 2375 1602 2399 voce
1611 2367 1826 2400 exclamavit:
1843 2381 1859 2398 «
1876 2371 1903 2401 Ο
1919 2370 1988 2409 Sol,
2003 2369 2168 2402 Julianum
2185 2379 2258 2411 per-

1209 2419 1332 2452 didisti!
1356 2432 1372 2447 »
1387 2420 1428 2451 Et
1443 2419 1544 2451 effuso
1566 2418 1719 2458 sanguine
1739 2420 1881 2453 animam
1901 2420 2041 2462 efflavit,
2058 2421 2137 2454 hora
2154 2421 2259 2454 noctis
2290 2449 2294 2452 .

1209 2473 1321 2514 quinta
1336 2481 1421 2504 anno
1433 2480 1506 2504 aerae
1526 2471 1735 2504 Antiochenac
1748 2475 1821 2506 411.
