2372 3704
157 201 231 234 398

207 279 253 313 In
269 276 501 314 editionibus
520 276 705 325 Scylacis,
738 283 834 324 quot
861 276 1015 326 quidem
1037 277 1200 327 inspexi,

146 336 333 372 'omnibus
348 335 487 384 legitur
505 333 625 378 Αἴλιος
643 333 821 378 Διονύσιος
843 335 904 386 (v.
928 336 1147 373 Dodwellus
1163 338 1202 372 in

154 395 294 442 Geogr.
316 394 409 429 min.
436 393 497 429 ed.
525 394 624 430 Gaii.
646 398 739 430 tom.
762 395 800 440 Ι,
818 407 860 443 p.
883 394 985 440 234;
1005 396 1203 431 Hecataeus

154 458 193 488 et
209 451 347 499 Scylax
356 450 416 488 ed.
433 451 605 488 Clausen.
621 464 663 500 p.
685 450 759 488 255
773 464 785 497 ;
799 452 969 488 Marcien
981 451 1205 490 d'Heraclee

155 510 216 546 ed.
236 511 371 546 Miller.
391 522 432 559 p.
460 510 531 559 196
546 509 576 559 ).
592 511 701 546 Hanc
725 511 775 547 ob
792 523 963 556 causam,
980 519 1023 547 ut
1035 512 1201 557 videtur,

155 570 270 606 etiam
300 570 405 619 apud
433 570 612 606 Photium
647 570 883 606 Hoeschelius
920 571 1058 619 reponi
1094 570 1205 618 jussit

155 626 351 666 Διονυσίου.
367 631 418 665 At
437 628 560 665 codex
577 629 884 679 geographorum
898 630 992 665 min.
1016 630 1205 666 Parisinus

155 687 308 724 exhibet
335 685 414 729 Διὸς
437 686 489 736 (i.
520 700 555 724 e.
585 686 704 736 Δῖος).
732 688 895 724 Aliunde
924 688 970 723 de
989 688 1087 724 AElio
1106 689 1202 734 Dio,

156 753 341 793 quantum
370 746 548 794 equidem
572 746 674 791 scio,
702 758 783 782 non
807 753 975 791 constat,
1007 747 1080 782 nisi
1107 746 1205 782 sorte

155 803 258 839 idem
281 811 336 839 est
355 816 443 840 cum
467 804 563 849 Dio,
586 803 693 850 cujus
716 806 774 840 De
793 804 987 840 Phoenicia
1009 804 1206 840 historiam

154 861 287 898 laudat
301 859 502 910 Iosephus.
521 861 635 908 Quod
648 862 804 910 quidem
817 862 921 898 haud
937 869 993 898 est
1008 863 1206 911 improba-

155 920 246 957 bile.
263 921 485 956 Praenomen
496 922 617 956 AElius
625 922 800 956 Romana
813 928 986 969 tempora
996 922 1133 970 arguit.
1150 923 1205 957 Ac

156 980 187 1014 si
206 980 300 1015 Dius
318 977 357 1016 τὸ
373 977 567 1031 φρόντισμα
590 979 696 1027 quod
712 979 830 1015 Dario
855 979 1091 1029 (Hystaspis)
1112 980 1208 1029 Scy—

155 1038 219 1074 lax
235 1038 425 1074 dedicasse
439 1038 593 1083 dicitur,
611 1038 803 1086 Periplum
819 1038 1002 1074 intellexit
1015 1042 1207 1086 quem'su-

157 1097 354 1145 perstitem
370 1096 557 1132 hahemus
578 1102 667 1144 post
685 1096 837 1144 Polybii
864 1096 1018 1133 demum
1034 1104 1208 1146 tempora

159 1155 463 1191 consarcinatum
474 1183 484 1201 ‚
502 1161 650 1190 aetatem
665 1155 740 1190 viri
764 1155 814 1191 ad
829 1155 982 1192 Caesaris
997 1163 1035 1192 et
1049 1157 1209 1205 Augusti

159 1214 236 1249 fere
246 1220 420 1262 tempora
430 1213 693 1262 relegaverim,
712 1214 899 1262 simulque
913 1221 1108 1251 auctorem
1120 1216 1210 1251 satis

158 1273 331 1320 ineptum
344 1279 381 1308 et
388 1270 621 1320 πλασματικὰ
635 1285 709 1321 pro
719 1273 818 1309 veris
827 1273 1086 1310 venditantem
1097 1285 1209 1322 agno·

158 1333 293 1367 verim.
319 1332 422 1368 Fieri
451 1331 616 1380 denique
640 1339 768 1381 potest
787 1339 831 1368 ut
854 1345 877 1369 a
895 1340 1027 1369 nostro
1051 1346 1131 1369 non
1151 1334 1210 1370 di-

159 1403 288 1426 versus
300 1391 348 1426 sit
359 1391 434 1427 Dio
448 1390 713 1436 Academicus,
726 1392 899 1440 Pompeii
911 1393 1079 1440 aequalis,
1097 1405 1211 1440 quem

161 1449 208 1485 de
237 1449 352 1485 rebus
382 1450 573 1498 AEgyptiis
602 1451 793 1498 scripsisse
826 1451 1000 1498 quaedam
1027 1451 1207 1487 vidimus.

161 1507 338 1545 Ceterum
367 1508 442 1543 viri
470 1508 597 1553 docti,
619 1510 686 1556 qui
707 1509 808 1545 AElio
830 1510 906 1545 Dio
937 1509 1213 1546 substituerunt

161 1567 301 1602 AElium
330 1567 580 1614 Dionysium,
613 1566 659 1602 dc
689 1579 735 1602 eo
758 1567 975 1615 cogitarunt
1002 1568 1210 1616 scriptore,

163 1625 229 1672 qui
244 1622 332 1675 Περὶ
347 1622 526 1672 ὀνομάτων
544 1622 708 1661 Ἀττικῶν
724 1625 843 1661 libros
861 1626 1029 1674 quinque
1047 1626 1211 1675 Scymno

163 1684 278 1718 alicui
298 1683 500 1720 dedicavit.
520 1685 565 1719 V.
588 1684 746 1719 Photius
767 1684 855 1720 cod.
882 1683 954 1720 152
984 1683 1093 1733 (coll.
1112 1684 1213 1720 idem

162 1755 204 1791 p.
224 1741 316 1790 529,
330 1743 367 1786 b,
387 1754 452 1790 29.
469 1740 567 1788 532,
586 1755 626 1786 α,
653 1746 700 1784 24
716 1741 727 1791 )
742 1769 752 1787 ,
769 1749 806 1778 et
822 1742 992 1780 Eustath.
1008 1743 1048 1777 in
1061 1743 1212 1791 Dionys.

163 1802 246 1836 Per.
276 1812 353 1848 912
383 1797 522 1849 (Αἴλιος
549 1798 727 1842 Διονύσιος
758 1798 847 1851 Περὶ
870 1798 1035 1837 Ἀττικῶν
1070 1798 1211 1843 λέξεων.

165 1858 342 1898 cf.in11.
362 1872 395 1904 ν,
416 1858 454 1904 6,
476 1871 518 1908 p.
547 1859 644 1909 936,
669 1858 765 1908 12);
784 1859 823 1894 in
851 1861 967 1895 Hom.
995 1859 1041 1897 Il.
1064 1859 1108 1908 β,
1138 1858 1212 1895 362

163 1931 205 1967 p.
235 1917 333 1966 239,
363 1917 410 1954 32
442 1916 548 1966 (Αἶλ.
570 1915 748 1959 Διονύσιος
769 1917 802 1953 ἐν
821 1917 871 1968 τῷ
894 1918 973 1953 κατ’
994 1914 1096 1954 αὐτὸν
1114 1918 1215 1969 ῥητο-

167 1977 253 2028 ρικῷ
267 1973 402 2026 λεξικῷ,
417 1975 463 2012 de
482 1988 579 2012 voce
592 1974 787 2027 φρατρία);
801 1977 846 2012 Il.
866 1989 908 2022 σ,
930 1975 1017 2022 501,
1033 1989 1074 2024 p.
1099 1989 1114 2012 1
1126 1976 1214 2022 158,

167 2035 215 2071 23
233 2032 308 2084 (ὅτι
322 2032 358 2071 δὲ
379 2032 482 2076 ἰδίους
498 2032 558 2071 καὶ
572 2032 720 2086 Δράκων
731 2033 790 2071 καὶ
808 2033 930 2072 Σόλων
947 2032 1025 2077 τοὺς
1040 2032 1218 2086 μάρτυρας

166 2092 283 2145 φησὶν,
300 2091 418 2136 Αἴλιος
437 2091 614 2136 Διονύσιος
630 2092 778 2144 ἱστορεῖ)
794 2105 804 2140 ;
826 2094 871 2129 11.
893 2107 923 2144 ρ,
942 2093 1034 2142 383,
1051 2107 1092 2143 p.
1120 2093 1210 2132 825.

164 2153 273 2188 Idem
287 2153 504 2188 Eustathius
522 2165 563 2201 p.
588 2152 664 2200 239
678 2179 688 2197 ,
712 2163 760 2187 20
781 2164 790 2187 ε
815 2149 923 2203 Ἀρχή
944 2165 995 2194 τις
1012 2149 1139 2194 ἐξοδίου
1159 2166 1216 2188 κι-

167 2210 363 2262 θαρῳδικοῦ
380 2208 419 2247 τὸ
440 2209 551 2248 Ἀλλὰ
572 2209 650 2247 ἀλλ’
669 2208 774 2256 ἄναξ,
789 2211 834 2253 ὡς
849 2211 981 2261 ἱστορεῖ
999 2207 1119 2253 Αἴλιος
1135 2212 1218 2248 Διο-

167 2267 292 2316 νύσιος,
308 2267 415 2321 ὅσπερ
428 2268 527 2321 φησὶ,
546 2287 562 2302 «
577 2272 733 2318 κωμικοῦ
747 2267 808 2317 μὲν
820 2267 900 2315 ἥδε·
912 2267 1212 2321 Καλλιστέφανος·

170 2327 333 2379 ῥαψῳδοῦ
354 2325 390 2363 δὲ
413 2325 501 2373 αὕτη
519 2342 527 2350 ·
546 2329 621 2364 Νῦν
644 2326 701 2374 δὲ,
723 2326 792 2364 θεοὶ
817 2326 971 2379 μάκαρες
990 2328 1058 2364 τῶν
1088 2328 1217 2365 ἐσθλῶν

169 2384 310 2437 ἄφθονοι
330 2384 430 2422 ἐστέ·
449 2389 614 2438 τραγικοῦ
631 2384 685 2423 δέ·
707 2384 848 2424 Πολλαὶ
868 2385 998 2437 μορφαὶ
1013 2387 1081 2423 τῶν
1097 2386 1220 2436 δαιμο-

167 2442 263 2483 νίων.
278 2459 294 2477 2>
305 2444 390 2491 Quo
403 2446 491 2480 loco
509 2446 539 2480 si
555 2452 656 2481 recte
669 2457 707 2480 se
722 2445 840 2481 habet
851 2457 993 2481 nomen
1006 2442 1125 2486 Αἴλιος
1138 2445 1217 2482 Διο-

169 2498 304 2547 νύσιος,
336 2503 528 2551 colligitur
548 2503 691 2538 AElium
716 2503 942 2550 Dionysium
961 2503 1124 2539 eundem
1141 2515 1219 2539 esse

171 2572 260 2595 cum
279 2562 464 2609 Dionysio
486 2562 655 2606 musico,
677 2561 744 2608 qui
771 2561 956 2596 Hadriani
982 2561 1219 2610 temporibus

171 2617 318 2658 floruit.
345 2620 481 2657 Suidas
503 2633 512 2655 :
534 2617 712 2662 Διονύσιος
735 2617 1050 2670 Ἁλικαρνασσεὺς,
1069 2618 1219 2669 γεγονὼς

173 2677 229 2714 ἐπ’
243 2675 420 2731 Ἀδριανοῦ
434 2676 627 2729 Καίσαρος,
640 2676 817 2730 σοφιστὴς,
825 2676 886 2714 καὶ
897 2675 1073 2719 Μουσικὸς
1082 2676 1220 2723 κληθεὶς

402 2824 471 2862 DE
494 2823 661 2863 REBus
680 2821 992 2862 PHOENJCUM.
1046 2811 1052 2814 “

679 2913 714 2945 2.

218 2982 313 3021 Quod
326 2983 433 3015 autem
449 2991 554 3015 sermo
575 2983 616 3015 de
629 2983 801 3024 Tyriorum
820 2982 935 3015 litteris
949 2990 969 3014 a
985 2990 1038 3014 me
1053 2990 1118 3013 non
1131 2980 1224 3022 fingi-

176 3037 243 3075 tur,
254 3037 368 3067 testem
383 3036 559 3076 producam
575 3036 672 3068 Dium
684 3060 693 3075 ,
708 3036 816 3068 virum
841 3035 898 3077 qui
917 3035 1103 3067 Phoenicum
1126 3034 1225 3066 histo·

178 3088 259 3119 riam
269 3089 418 3118 accurate
425 3087 585 3127 scripsisse
596 3087 747 3120 creditur.
762 3088 819 3119 Ille
829 3088 924 3128 igitur
934 3087 967 3118 in
978 3087 1044 3119 suis
1050 3086 1091 3118 de
1101 3085 1223 3118 Phoeni-

179 3140 271 3172 cibus
280 3139 418 3171 historiis
426 3140 456 3170 in
466 3139 552 3171 hune
564 3139 697 3171 modum
707 3140 834 3173 scribit:
845 3153 861 3168 κ
870 3139 1003 3172 Abibalo
1014 3138 1095 3171 vivis
1103 3139 1224 3179 erepto,

179 3191 264 3223 silius
285 3190 354 3230 ejus
382 3190 531 3222 Hiromus
555 3191 708 3230 regnavit.
737 3192 796 3223 Hic
810 3193 925 3232 ‘partes
947 3190 1036 3222 urbis
1057 3190 1226 3221 orientales

115 3261 118 3263 Δ
181 3250 293 3283 aggere
305 3242 406 3273 cinxit
421 3242 454 3273 et
470 3242 657 3281 ampliorem
673 3251 744 3274 eam
756 3242 911 3283 reddidit3
929 3243 962 3274 et
978 3241 1120 3282 Olympii
1135 3241 1226 3273 Jovis

181 3294 356 3334 templum,
377 3294 418 3324 ab
433 3292 522 3325 omni
544 3293 721 3325 vicinarum
747 3294 864 3326 aedium
886 3295 974 3326 strue
991 3293 1174 3333 seiunctum
1194 3293 1227 3325 et

183 3347 216 3378 in
240 3346 344 3378 insula
365 3345 523 3386 positum,
550 3353 661 3385 aggere
683 3345 850 3384 interjecto
881 3345 1044 3386 copulavit
1074 3344 1165 3384 urbi,
1194 3345 1226 3376 et

185 3397 290 3430 aureis
313 3397 451 3429 donariis
470 3396 655 3436 exornavit,
673 3396 909 3437 ascendensque
927 3397 959 3428 in
984 3396 1140 3429 Libanum
1157 3404 1224 3427 ma—

1123 195 1240 235 AEL11
1270 196 1340 236 DlI
1355 224 1364 242 ,

1263 277 1320 316 διὰ
1345 276 1385 315 τὸ
1398 277 1559 317 πλεῖστον
1584 279 1779 327 ἅσκηθῆναι
1801 277 1845 319 τὰ
1860 281 1922 327 τῆς
1944 283 2125 330 μουσικῆς.
2141 267 2303 335 Ἔγραψε

1264 336 1300 374 δὲ
1318 335 1518 386 Ῥυθμικῶν
1531 337 1794 388 ὑπομνημάτων
1811 337 1931 390 βιὸλία
1945 338 2010 386 κδ’,
2023 340 2204 387 Μουσικῆς
2215 341 2306 380 tcto-

1266 394 1338 448 ρίας
1360 395 1479 447 βιὸλία
1494 395 1551 439 λς’
1569 397 1626 447 (ἓν
1645 397 1680 434 δὲ
1697 395 1827 439 τούτοις
1848 397 2009 443 αὐλητῶν
2022 397 2082 435 καὶ
2101 399 2304 451 κιθαρῳδῶν

1265 452 1325 491 καὶ
1343 456 1496 500 ποιητῶν
1515 453 1689 492 παντοίων
1710 453 1926 506 μέμνηται),
1943 457 2124 503 Μουσικῆς
2146 455 2306 500 παιδείας

1264 510 1287 558 ἢ
1305 511 1491 563 διατριὸῶν
1512 508 1630 564 βιὸλῖἆ
1651 512 1706 550 κδ’
1718 542 1729 561 ,
1751 512 1842 552 Τίνα
1864 515 2036 562 μουσικῶς
2053 514 2189 565 εἴρηται
2205 515 2241 552 ἐν
2260 516 2305 566 τῇ

1267 569 1458 613 Πλάτωνος
1468 569 1628 621 πολιτείᾳ
1646 570 1766 623 βιὸλία
1786 570 1828 610 ε’.
1843 573 1900 612 Cf.
1919 573 2022 610 idem
2038 587 2076 612 v.
2094 572 2308 625 Ἡρωδιανὸς

1266 627 1516 680 Ἀλεξανδρεύς.
1530 631 1705 667 Historiae
1718 632 1869 668 musicae
1882 631 2023 667 librum
2031 633 2167 669 XXIII
2178 633 2310 670 laudat

1266 687 1396 736 Steph.
1415 691 1504 736 Byz.
1518 700 1555 724 v.
1572 686 1723 738 Ὑδρέα,
1736 690 1877 726 librum
1891 690 2006 725 XXX
2021 691 2156 727 Suidas
2169 704 2208 727 v.
2225 691 2306 730 Σω·

1265 743 1422 796 τηρίδας.
1442 766 1494 774 —
1513 746 1570 785 Cf.
1602 747 1762 785 Ptolem.
1792 749 2013 785 Harmonic.
2045 761 2087 798 p.
2116 761 2194 798 219
2220 748 2311 801 (ubi

1268 805 1317 841 D.
1336 816 1433 840 mus.
1452 804 1486 840 ἐν
1506 801 1539 840 α’
1554 804 1622 841 τῶν
1642 802 1906 856 Ὁμοιοτήτων)
1919 833 1931 853 ,
1951 806 2044 854 267,
2066 806 2159 857 269,
2176 819 2266 855 ²77·

1700 937 1873 951 ⁴0*—

1643 1037 1789 1077 ΦΟΙΝΙ
1795 1038 1914 1076 ΚΙΚΑ
1921 1068 1930 1076 .

1773 1144 1811 1169 2.

1322 1213 1510 1263 Josephus
1528 1214 1569 1252 C.
1591 1215 1733 1263 Apion.
1749 1215 1787 1261 1,
1809 1227 1852 1261 17
1872 1227 1880 1250 :
1898 1211 1985 1252 “On
2000 1212 2029 1252 δ’
2047 1214 2086 1252 οὐ
2105 1213 2205 1267 λόγος
2220 1215 2313 1255 ἐστὶν

1271 1272 1329 1309 ὑπ’
1356 1272 1440 1321 ἐμοῦ
1465 1270 1686 1323 συγκείμενος
1715 1274 1734 1310 ὁ
1761 1271 1840 1325 περὶ
1859 1273 1926 1310 τῶν
1955 1272 2053 1324 παρὰ
2071 1278 2142 1317 τοῖς
2171 1274 2313 1327 Τυρίοις

1271 1327 1511 1382 γραμμάτων,
1533 1329 1786 1382 παραθήσομαι
1805 1329 1966 1383 μάρτυρα
1982 1333 2078 1379 Δῖον,
2097 1330 2205 1384 ἄνδρα
2228 1335 2312 1386 περὶ

1271 1387 1335 1435 τὴν
1350 1386 1558 1434 Φοινικικὴν
1575 1387 1730 1440 ἱστορίαν
1751 1388 1880 1439 ἀκριὸἢ
1893 1388 2068 1439 γεγονέναι
2079 1391 2314 1442 πεπιστευμέ-

1271 1461 1343 1484 νον.
1359 1440 1471 1490 Οῧτος
1485 1445 1597 1484 τοίνυν
1611 1447 1646 1483 ἐν
1663 1446 1737 1490 ταῖς
1753 1446 1842 1498 Περὶ
1859 1446 2035 1495 Φοινίκων
2049 1448 2216 1500 ἱστορίαις
2229 1449 2316 1502 γρά-

1272 1520 1328 1558 φει
1350 1504 1407 1543 τὸν
1435 1505 1561 1557 τρόπον
1592 1508 1735 1543 τοῦτον·
1763 1522 1780 1538 n
1810 1504 1995 1544 Ἀὅιὸάλου
2025 1506 2312 1555 τελευτήσαντος,

1273 1567 1291 1603 ὃ
1317 1557 1388 1607 υἱὸς
1416 1565 1520 1602 αὐτοῦ
1551 1562 1711 1615 Εἵρωμος
1742 1563 1979 1604 ἐὸασίλευσεν.
2013 1558 2124 1617 Οὗτος
2150 1565 2195 1604 τὰ
2230 1567 2315 1619 πρὸς

1275 1621 1444 1666 ἀνατολὰς
1465 1622 1555 1675 μέρη
1574 1625 1636 1669 τῆς
1653 1622 1787 1666 πόλεως
1805 1621 2030 1675 προσέχωσε,
2051 1622 2111 1661 καὶ
2136 1625 2251 1675 μεῖζον
2275 1625 2316 1664 τὸ

1275 1682 1363 1720 ἄστυ
1381 1680 1586 1729 πεποίηκε,
1623 1680 1684 1718 καὶ
1712 1685 1771 1719 τοῦ
1807 1681 2007 1732 Ὀλυμπίου
2041 1681 2121 1726 Διὸς
2156 1682 2196 1721 τὸ
2224 1683 2322 1736 ἱερὸν·

1274 1741 1352 1779 καθ’
1373 1739 1475 1778 ἑαυτὸ
1495 1738 1532 1777 ὂν
1552 1741 1586 1777 ἐν
1602 1738 1716 1791 νήσῳ,
1735 1739 1856 1791 χώσας
1877 1739 1935 1777 τὸν
1953 1739 2081 1790 μεταξὺ
2099 1740 2222 1790 τόπον,
2237 1757 2316 1780 συν-

1274 1800 1342 1852 ῆψε
1368 1801 1412 1850 τῇ
1440 1798 1557 1845 πόλει,
1587 1797 1646 1835 καὶ
1675 1799 1816 1849 χρυσοῖς
1845 1797 2083 1848 ἀναθήμασιν’
2098 1798 2315 1850 ἐκόσμησεν·

1277 1856 1408 1900 ἀναὸὰς
1429 1856 1465 1896 δὲ
1484 1857 1531 1900 εἷς
1555 1855 1613 1894 τὸν
1635 1855 1788 1894 Λίὸανον
1817 1855 2011 1906 ὑλοτόμησε
2041 1856 2127 1907 πρὸς
2156 1856 2220 1904 τὴν
2247 1860 2317 1897 τῶν

1277 1918 1368 1953 ναῶν
1391 1914 1628 1961 κατασκευήν.
1652 1916 1723 1954 Τὸν
1745 1914 1781 1952 δὲ
1809 1918 2041 1966 τυραννοῦντα
2064 1914 2316 1968 Ἱεροσολύμων

1278 1975 1472 2025 Σολομῶνα
1490 1974 1628 2026 πέμψαι
1651 1973 1736 2026 φασὶ
1752 1972 1837 2025 πρὸς
1855 1971 1912 2010 τὸν
1934 1971 2098 2025 Εἴρωμον
2126 1973 2318 2024 αἰνίγματα

1277 2033 1336 2071 καὶ
1366 2034 1450 2085 παρ’
1482 2033 1586 2071 αὐτοῦ
1605 2031 1724 2070 λαὸεῖν
1754 2030 1890 2081 ἀξιοῦν,
1919 2030 1976 2069 τὸν
1998 2029 2033 2069 δὲ
2059 2030 2109 2082 μὴ
2131 2031 2319 2079 δυνηθέντα

1278 2093 1451 2143 διακρῖναι
1479 2092 1528 2143 τῷ
1563 2090 1709 2129 λύσαντι
1741 2089 1910 2142 χρήματα
1943 2088 2130 2127 ἀποτίνειν.
2161 2089 2320 2140 εΟμολο--

1277 2149 1435 2201 γήσαντα
1457 2148 1493 2187 δὲ
1523 2148 1580 2187 τὸν
1602 2147 1764 2201 Εἴρωμον
1785 2147 1844 2185 καὶ
1863 2146 1912 2197 μὴ
1941 2146 2128 2194 δυνηθέντα
2146 2149 2250 2186 λῦσαι
2275 2147 2320 2186 τὰ

1279 2207 1470 2259 αἰνίγματα
1504 2206 1618 2246 πολλὰ
1653 2209 1721 2245 τῶν
1757 2205 1951 2258 χρημάτων
1985 2206 2032 2248 εἷς
2065 2205 2104 2243 τὸ
2139 2205 2320 2257 ἐπιζήμιον

1279 2267 1473 2306 ἀναλῶσαι.
1493 2259 1583 2305 Εἶτα
1604 2264 1647 2312 δὴ
1669 2263 1885 2314 Ἀὅδήμονόν
1906 2278 1983 2301 τινα
2002 2262 2128 2315 Τύριον
2147 2263 2258 2317 ἄνδρα
2277 2263 2322 2303 τὰ

1279 2324 1488 2376 προτεθέντα
1515 2325 1642 2375 λῦσαι,
1662 2323 1723 2362 καὶ
1748 2322 1849 2360 αὐτὸν
1876 2321 1966 2359 ἄλλα
1986 2321 2192 2373 προὸαλεῒν·
2220 2322 2243 2360 ἃ
2271 2322 2321 2374 μὴ

1277 2382 1432 2421 λύσαντα
1455 2381 1734 2436 τὸνῇΣολομῶνα
1753 2380 1869 2419 πολλὰ
1888 2382 1939 2433 τῷ
1960 2379 2116 2433 Εἱρώμῳ
2140 2395 2321 2434 προσαπο·

1277 2445 1372 2480 τῖσαι
1389 2441 1573 2494 χρήματα.
1603 2459 1620 2476 »
1646 2443 1725 2484 Δῖος
1751 2440 1813 2489 μὲν
1837 2439 1928 2479 οὕτω
1953 2439 2035 2492 περὶ
2058 2442 2127 2478 τῶν
2153 2455 2322 2493 προειρη-

1279 2500 1390 2551 μένων
1407 2504 1492 2551 ἡμῖν
1510 2500 1789 2553 μεμαρτύρηκεν.

1331 2562 1473 2598 Eadem
1491 2575 1510 2598 e
1535 2563 1703 2611 Josepho
1732 2560 1916 2597 Eusebius
1939 2559 2079 2598 Chron.
2109 2572 2150 2609 p.
2181 2557 2230 2595 80
2258 2558 2320 2598 ed.

1278 2621 1368 2658 Mai.
1399 2621 1634 2656 Memoratur
1653 2621 1747 2657 Dius
1765 2620 1865 2654 inter
1894 2618 2098 2666 scriptores
2124 2619 2181 2654 De
2204 2617 2323 2653 rebus

1278 2679 1501 2714 Phoenicum
1518 2691 1581 2727 ap.
1599 2680 1620 2715 J
1625 2679 1755 2728 oseph.
1774 2679 1815 2713 in
1832 2678 1922 2715 Ant.
1940 2675 2030 2714 Jud.
2048 2676 2160 2721 VIII,
2188 2673 2231 2720 5,
2251 2674 2294 2720 ὃς

1283 2803 1396 2834 teriam
1416 2803 1530 2836 cecidit
1555 2803 1594 2835 ad
1619 2805 1766 2835 sanorum
1786 2802 2049 2835 exstructionem.
2076 2803 2195 2842 Regem
2215 2801 2325 2832 autem

1285 2855 1580 2896 Hierosolymorum
1614 2855 1818 2887 solomonem
1850 2855 1891 2886 ad
1924 2862 2002 2886 eum
2031 2853 2124 2885 aiunt
2155 2851 2326 2892 aenigmata

1283 2909 1406 2941 misisse
1418 2912 1451 2942 et
1463 2909 1504 2941 ab
1517 2918 1555 2941 eo
1573 2909 1636 2940 alia
1651 2907 1864 2948 repoposcisse
1879 2916 1916 2939 ea
1927 2900 2017 2947 lege,
2030 2907 2068 2938 ut
2081 2905 2138 2945 qui
2153 2905 2326 2938 dissolvere

1284 2969 1348 2992 non
1366 2962 1488 3001 posset,
1516 2959 1700 2992 dissolventi
1726 2958 1877 3000 pecunias
1898 2958 2060 2999 penderet.
2084 2960 2190 2995 Quam
2214 2955 2325 2987 condi-

1283 3014 1403 3045 tionem
1425 3022 1526 3054 quum
1550 3013 1701 3045 Hiromus
1718 3012 1909 3052 accepisset,
1927 3020 1986 3043 nec
2003 3010 2160 3042 resolvere
2177 3008 2327 3049 ambages

1284 3065 1456 3105 potuisset,
1490 3064 1645 3096 mulctam
1683 3064 1843 3103 ingentem
1878 3061 2087 3103 pecuniarum
2126 3059 2323 3101 pependisse.

1284 3117 1372 3147 Tunc
1393 3116 1498 3147 virum
1525 3115 1685 3156 quendam
1708 3114 1841 3155 Tyrium
1867 3113 1996 3145 nomine
2018 3112 2243 3153 Abdemonum
2270 3120 2335 3157 ex(

1283 3167 1416 3205 stitisse,
1440 3167 1495 3208 qui
1516 3167 1715 3207 problemata
1739 3165 1877 3198 solveret
1898 3164 2024 3205 aliaque
2047 3163 2184 3195 invicem
2209 3171 2326 3204 propo-

1283 3220 1375 3251 neret
1392 3231 1400 3251 :
1416 3227 1489 3259 quae
1502 3227 1603 3259 quum
1618 3219 1770 3250 solomon
1785 3226 1849 3249 non
1864 3216 2026 3254 solvisset,
2040 3215 2191 3256 pecunias
2205 3215 2325 3247 multas

1285 3272 1417 3304 Hiromo
1433 3271 1561 3312 insuper
1578 3270 1767 3311 rependisse.
1788 3283 1803 3298 »
1829 3270 1878 3302 lta
1895 3268 2026 3310 quidem
2046 3268 2125 3300 Dius
2141 3267 2182 3300 de
2200 3267 2236 3300 iis
2250 3276 2325 3308 quae

1284 3332 1379 3364 supra
1392 3323 1530 3355 diximus
1545 3323 1679 3355 testatus
1692 3323 1748 3354 est.
2119 3329 2129 3338 ·
