<?xml version="1.0" encoding="UTF-8"?>
<!DOCTYPE html PUBLIC "-//W3C//DTD XHTML 1.0 Transitional//EN"
    "http://www.w3.org/TR/xhtml1/DTD/xhtml1-transitional.dtd">
<html xmlns="http://www.w3.org/1999/xhtml" xml:lang="en" lang="en">
 <head>
  <title>
</title>
<meta http-equiv="Content-Type" content="text/html;charset=utf-8" />
  <meta name='ocr-system' content='tesseract 3.04.00' />
  <meta name='ocr-capabilities' content='ocr_page ocr_carea ocr_par ocr_line ocrx_word'/>
</head>
<body>
  <div class='ocr_page' id='page_1' title='image "./fragmentahistori04mueluoft_0400.png"; bbox 0 0 2372 3704; ppageno 0'>
   <div class='ocr_carea' id='block_1_1' title="bbox 66 233 140 265">
    <p class='ocr_par' dir='ltr' id='par_1_1' title="bbox 66 233 140 265">
     <span class='ocr_line' id='line_1_1' title="bbox 66 233 140 265; baseline 0 0"><span class='ocrx_word' id='word_1_1' title='bbox 66 233 140 265; x_wconf 83' lang='lat'><strong>388</strong></span> 
     </span>
    </p>
   </div>
   <div class='ocr_carea' id='block_1_2' title="bbox 18 313 1113 896">
    <p class='ocr_par' dir='ltr' id='par_1_2' title="bbox 18 313 1113 896">
     <span class='ocr_line' id='line_1_2' title="bbox 63 313 1112 393; baseline 0.007 -43"><span class='ocrx_word' id='word_1_2' title='bbox 63 313 241 366; x_wconf 80' lang='grc' dir='ltr'>ἐγχωρίων</span> <span class='ocrx_word' id='word_1_3' title='bbox 271 313 383 366; x_wconf 85' lang='grc' dir='ltr'>κρίσιν</span> <span class='ocrx_word' id='word_1_4' title='bbox 405 313 554 367; x_wconf 84' lang='grc' dir='ltr'>ἐχόντων</span> <span class='ocrx_word' id='word_1_5' title='bbox 585 317 828 368; x_wconf 76' lang='grc' dir='ltr'>ἀντιπολεμεῖν</span> <span class='ocrx_word' id='word_1_6' title='bbox 854 319 964 371; x_wconf 78' lang='grc' dir='ltr'>αὐτῷ,</span> <span class='ocrx_word' id='word_1_7' title='bbox 984 318 1112 393; x_wconf 79' lang='grc' dir='ltr'>Πώρου</span> 
     </span>
     <span class='ocr_line' id='line_1_3' title="bbox 62 371 1111 429; baseline 0.006 -20"><span class='ocrx_word' id='word_1_8' title='bbox 62 388 123 410; x_wconf 83' lang='grc' dir='ltr'><strong>του</strong></span> <span class='ocrx_word' id='word_1_9' title='bbox 144 371 314 423; x_wconf 76' lang='grc' dir='ltr'>βασιλέως</span> <span class='ocrx_word' id='word_1_10' title='bbox 337 375 405 411; x_wconf 87' lang='grc' dir='ltr'><strong>τῶν</strong></span> <span class='ocrx_word' id='word_1_11' title='bbox 425 373 541 412; x_wconf 90' lang='grc' dir='ltr'>τόπων</span> <span class='ocrx_word' id='word_1_12' title='bbox 571 374 702 429; x_wconf 71' lang='grc' dir='ltr'>ἐλέφας</span> <span class='ocrx_word' id='word_1_13' title='bbox 714 376 890 429; x_wconf 75' lang='grc' dir='ltr'>αἰφνιδίως</span> <span class='ocrx_word' id='word_1_14' title='bbox 905 377 1111 429; x_wconf 79' lang='grc' dir='ltr'>οἰστροπλὴξ</span> 
     </span>
     <span class='ocr_line' id='line_1_4' title="bbox 63 430 1111 488; baseline 0.005 -20"><span class='ocrx_word' id='word_1_15' title='bbox 63 430 261 483; x_wconf 85' lang='grc' dir='ltr'>γενόμενος,</span> <span class='ocrx_word' id='word_1_16' title='bbox 277 431 403 470; x_wconf 81' lang='grc' dir='ltr'>ἐπὶτὸν</span> <span class='ocrx_word' id='word_1_17' title='bbox 424 431 547 471; x_wconf 83' lang='grc' dir='ltr'>Ἡλίου</span> <span class='ocrx_word' id='word_1_18' title='bbox 569 433 673 486; x_wconf 70' lang='grc' dir='ltr'>λόφον</span> <span class='ocrx_word' id='word_1_19' title='bbox 692 433 775 472; x_wconf 52' lang='lat' dir='ltr'><strong>etv-‘4⁵</strong></span> <span class='ocrx_word' id='word_1_20' title='bbox 757 450 817 482; x_wconf 88' lang='grc' dir='ltr'><strong>η,</strong></span> <span class='ocrx_word' id='word_1_21' title='bbox 837 434 898 473; x_wconf 82' lang='grc' dir='ltr'><strong>καὶ</strong></span> <span class='ocrx_word' id='word_1_22' title='bbox 913 435 1111 488; x_wconf 83' lang='grc' dir='ltr'>ἀνθρωπίνῃ</span> 
     </span>
     <span class='ocr_line' id='line_1_5' title="bbox 63 485 1113 544; baseline 0.006 -18"><span class='ocrx_word' id='word_1_23' title='bbox 63 491 159 541; x_wconf 80' lang='grc' dir='ltr'>φωνῇ</span> <span class='ocrx_word' id='word_1_24' title='bbox 182 489 406 542; x_wconf 85' lang='grc' dir='ltr'>χρησάμενος</span> <span class='ocrx_word' id='word_1_25' title='bbox 437 485 550 529; x_wconf 72' lang='grc' dir='ltr'>εἶπεν·</span> <span class='ocrx_word' id='word_1_26' title='bbox 571 492 736 530; x_wconf 84' lang='grc' dir='ltr'>Δέσποτα</span> <span class='ocrx_word' id='word_1_27' title='bbox 766 494 923 544; x_wconf 81' lang='grc' dir='ltr'>βασιλεῦ,</span> <span class='ocrx_word' id='word_1_28' title='bbox 949 494 988 532; x_wconf 84' lang='grc' dir='ltr'><strong>τὸ</strong></span> <span class='ocrx_word' id='word_1_29' title='bbox 1017 493 1113 544; x_wconf 83' lang='grc' dir='ltr'>γένος</span> 
     </span>
     <span class='ocr_line' id='line_1_6' title="bbox 62 547 1112 604; baseline 0.007 -20"><span class='ocrx_word' id='word_1_30' title='bbox 62 547 131 584; x_wconf 83' lang='grc' dir='ltr'><strong>ἀπὸ</strong></span> <span class='ocrx_word' id='word_1_31' title='bbox 146 548 198 593; x_wconf 87' lang='grc' dir='ltr'>1η</span> <span class='ocrx_word' id='word_1_32' title='bbox 201 547 325 598; x_wconf 84' lang='grc' dir='ltr'>γασίου</span> <span class='ocrx_word' id='word_1_33' title='bbox 342 548 519 600; x_wconf 83' lang='grc' dir='ltr'>κατάγων,</span> <span class='ocrx_word' id='word_1_34' title='bbox 535 551 643 600; x_wconf 80' lang='grc' dir='ltr'>μηδὲν</span> <span class='ocrx_word' id='word_1_35' title='bbox 662 550 734 595; x_wconf 80' lang='grc' dir='ltr'><strong>ἓξ’</strong></span> <span class='ocrx_word' id='word_1_36' title='bbox 719 551 875 595; x_wconf 86' lang='grc' dir='ltr'>εναντίας</span> <span class='ocrx_word' id='word_1_37' title='bbox 891 551 1112 604; x_wconf 82' lang='grc' dir='ltr'>Ἀλεξάνδρου</span> 
     </span>
     <span class='ocr_line' id='line_1_7' title="bbox 61 605 1112 660; baseline 0.006 -18"><span class='ocrx_word' id='word_1_38' title='bbox 61 620 224 657; x_wconf 83' lang='grc' dir='ltr'>ποιησῃς·</span> <span class='ocrx_word' id='word_1_39' title='bbox 244 605 325 650; x_wconf 82' lang='grc' dir='ltr'>Διὸς</span> <span class='ocrx_word' id='word_1_40' title='bbox 338 606 405 659; x_wconf 87' lang='grc' dir='ltr'>γάρ</span> <span class='ocrx_word' id='word_1_41' title='bbox 424 609 497 645; x_wconf 83' lang='grc' dir='ltr'>ἐστι</span> <span class='ocrx_word' id='word_1_42' title='bbox 515 607 704 660; x_wconf 87' lang='grc' dir='ltr'>Γηγάσιος.</span> <span class='ocrx_word' id='word_1_43' title='bbox 730 607 802 647; x_wconf 73' lang='grc' dir='ltr'><strong>Καὶ</strong></span> <span class='ocrx_word' id='word_1_44' title='bbox 812 610 956 653; x_wconf 86' lang='grc' dir='ltr'>τελέσας</span> <span class='ocrx_word' id='word_1_45' title='bbox 976 610 1033 648; x_wconf 86' lang='grc' dir='ltr'><strong>τὸν</strong></span> <span class='ocrx_word' id='word_1_46' title='bbox 1053 610 1112 648; x_wconf 87' lang='grc' dir='ltr'><strong>λό-</strong></span> 
     </span>
     <span class='ocr_line' id='line_1_8' title="bbox 58 662 1111 720; baseline 0.005 -19"><span class='ocrx_word' id='word_1_47' title='bbox 58 662 121 714; x_wconf 75' lang='grc' dir='ltr'>’γον</span> <span class='ocrx_word' id='word_1_48' title='bbox 143 663 276 704; x_wconf 87' lang='grc' dir='ltr'>ἔθανεν.</span> <span class='ocrx_word' id='word_1_49' title='bbox 299 663 465 710; x_wconf 80' lang='grc' dir='ltr'>Ἀκούσας</span> <span class='ocrx_word' id='word_1_50' title='bbox 485 665 520 704; x_wconf 81' lang='grc' dir='ltr'><strong>δὲ</strong></span> <span class='ocrx_word' id='word_1_51' title='bbox 534 666 663 704; x_wconf 88' lang='grc' dir='ltr'>τούτων</span> <span class='ocrx_word' id='word_1_52' title='bbox 678 669 695 705; x_wconf 82' lang='grc' dir='ltr'>ὁ</span> <span class='ocrx_word' id='word_1_53' title='bbox 711 668 850 718; x_wconf 84' lang='grc' dir='ltr'>Πῶρος,</span> <span class='ocrx_word' id='word_1_54' title='bbox 865 667 1036 720; x_wconf 80' lang='grc' dir='ltr'>ψοφοδεὴς</span> <span class='ocrx_word' id='word_1_55' title='bbox 1051 672 1111 706; x_wconf 76' lang='grc' dir='ltr'><strong>τοῦ</strong></span> 
     </span>
     <span class='ocr_line' id='line_1_9' title="bbox 61 721 1110 777; baseline 0.004 -17"><span class='ocrx_word' id='word_1_56' title='bbox 61 721 288 775; x_wconf 75' lang='grc' dir='ltr'>Ἀλεξάνδρου</span> <span class='ocrx_word' id='word_1_57' title='bbox 308 723 430 775; x_wconf 84' lang='grc' dir='ltr'>γόνασι</span> <span class='ocrx_word' id='word_1_58' title='bbox 457 725 688 777; x_wconf 82' lang='grc' dir='ltr'>προσέπεσεν,</span> <span class='ocrx_word' id='word_1_59' title='bbox 719 725 871 777; x_wconf 68' lang='grc' dir='ltr'>εἰρήνην</span> <span class='ocrx_word' id='word_1_60' title='bbox 889 726 1110 776; x_wconf 84' lang='grc' dir='ltr'>αἰτούμενος·</span> 
     </span>
     <span class='ocr_line' id='line_1_10' title="bbox 61 777 1111 838; baseline 0.005 -20"><span class='ocrx_word' id='word_1_61' title='bbox 61 780 179 833; x_wconf 77' lang='grc' dir='ltr'>τυχὼν</span> <span class='ocrx_word' id='word_1_62' title='bbox 203 781 238 820; x_wconf 80' lang='grc' dir='ltr'><strong>δὲ</strong></span> <span class='ocrx_word' id='word_1_63' title='bbox 266 777 314 821; x_wconf 68' lang='grc' dir='ltr'><strong>ὧν</strong></span> <span class='ocrx_word' id='word_1_64' title='bbox 333 778 451 834; x_wconf 81' lang='grc' dir='ltr'>ἤθελε,</span> <span class='ocrx_word' id='word_1_65' title='bbox 473 784 513 822; x_wconf 84' lang='grc' dir='ltr'><strong>τὸ</strong></span> <span class='ocrx_word' id='word_1_66' title='bbox 537 784 613 837; x_wconf 89' lang='grc' dir='ltr'>ὅρος</span> <span class='ocrx_word' id='word_1_67' title='bbox 634 784 830 838; x_wconf 79' lang='grc' dir='ltr'>Ἐλέφαντα</span> <span class='ocrx_word' id='word_1_68' title='bbox 851 785 1111 836; x_wconf 82' lang='grc' dir='ltr'>μετωνόμασεν·</span> 
     </span>
     <span class='ocr_line' id='line_1_11' title="bbox 18 840 860 896; baseline 0.004 -18"><span class='ocrx_word' id='word_1_69' title='bbox 18 847 22 849; x_wconf 69' lang='grc'><strong><em>’</em></strong></span> <span class='ocrx_word' id='word_1_70' title='bbox 61 840 174 884; x_wconf 85' lang='grc' dir='ltr'>καθὼς</span> <span class='ocrx_word' id='word_1_71' title='bbox 184 842 313 894; x_wconf 80' lang='grc' dir='ltr'>ἱστορεῖ</span> <span class='ocrx_word' id='word_1_72' title='bbox 329 841 525 894; x_wconf 87' lang='grc' dir='ltr'>Δέρκυλλος</span> <span class='ocrx_word' id='word_1_73' title='bbox 547 845 582 881; x_wconf 81' lang='grc' dir='ltr'><strong>ἐν</strong></span> <span class='ocrx_word' id='word_1_74' title='bbox 598 842 630 895; x_wconf 86' lang='grc' dir='ltr'><strong>γ’</strong></span> <span class='ocrx_word' id='word_1_75' title='bbox 652 843 741 896; x_wconf 79' lang='grc' dir='ltr'>Περὶ</span> <span class='ocrx_word' id='word_1_76' title='bbox 760 845 860 895; x_wconf 84' lang='grc' dir='ltr'>ὀρῶν.</span> 
     </span>
    </p>
   </div>
   <div class='ocr_carea' id='block_1_3' title="bbox 60 1000 1111 1228">
    <p class='ocr_par' dir='ltr' id='par_1_3' title="bbox 60 1000 1111 1228">
     <span class='ocr_line' id='line_1_12' title="bbox 114 1000 1111 1066; baseline 0.003 -30"><span class='ocrx_word' id='word_1_77' title='bbox 114 1002 244 1037; x_wconf 86' lang='lat' dir='ltr'><strong>Pluta1</strong></span> <span class='ocrx_word' id='word_1_78' title='bbox 246 1001 303 1038; x_wconf 91' lang='lat' dir='ltr'><strong>ch.</strong></span> <span class='ocrx_word' id='word_1_79' title='bbox 320 1003 377 1038; x_wconf 86' lang='lat' dir='ltr'><strong>De</strong></span> <span class='ocrx_word' id='word_1_80' title='bbox 391 1000 482 1040; x_wconf 88' lang='lat' dir='ltr'><strong>fluv.</strong></span> <span class='ocrx_word' id='word_1_81' title='bbox 502 1001 539 1047; x_wconf 87' lang='lat'><strong>8,</strong></span> <span class='ocrx_word' id='word_1_82' title='bbox 558 1006 612 1045; x_wconf 77' lang='grc'><strong>4.</strong></span> <span class='ocrx_word' id='word_1_83' title='bbox 633 1003 842 1040; x_wconf 86' lang='grc' dir='ltr'>Γενναται</span> <span class='ocrx_word' id='word_1_84' title='bbox 823 1003 854 1040; x_wconf 90' lang='lat'><strong>0’</strong></span> <span class='ocrx_word' id='word_1_85' title='bbox 869 1004 904 1040; x_wconf 83' lang='grc' dir='ltr'><strong>ἐν</strong></span> <span class='ocrx_word' id='word_1_86' title='bbox 922 1003 1017 1040; x_wconf 79' lang='grc' dir='ltr'>αὐτῶ</span> <span class='ocrx_word' id='word_1_87' title='bbox 1014 1002 1048 1066; x_wconf 85' lang='grc'>(</span> <span class='ocrx_word' id='word_1_88' title='bbox 1061 1017 1111 1055; x_wconf 88' lang='grc' dir='ltr'><strong>τῳ</strong></span> 
     </span>
     <span class='ocr_line' id='line_1_13' title="bbox 60 1057 1109 1113; baseline 0.004 -18"><span class='ocrx_word' id='word_1_89' title='bbox 60 1057 232 1111; x_wconf 82' lang='grc' dir='ltr'>Λυκόρμᾳ</span> <span class='ocrx_word' id='word_1_90' title='bbox 253 1060 422 1111; x_wconf 87' lang='grc' dir='ltr'>ποταμῶ)</span> <span class='ocrx_word' id='word_1_91' title='bbox 441 1058 609 1097; x_wconf 90' lang='grc' dir='ltr'>Λευκόϊον</span> <span class='ocrx_word' id='word_1_92' title='bbox 631 1059 741 1108; x_wconf 85' lang='grc' dir='ltr'>ἄνθος,</span> <span class='ocrx_word' id='word_1_93' title='bbox 757 1059 992 1113; x_wconf 79' lang='grc' dir='ltr'>ὃμητρυιᾶς</span> <span class='ocrx_word' id='word_1_94' title='bbox 977 1075 1109 1110; x_wconf 81' lang='grc' dir='ltr'>ονομα-</span> 
     </span>
     <span class='ocr_line' id='line_1_14' title="bbox 61 1116 1109 1172; baseline 0.003 -19"><span class='ocrx_word' id='word_1_95' title='bbox 61 1120 120 1154; x_wconf 86' lang='grc' dir='ltr'><strong>σθε</strong></span> <span class='ocrx_word' id='word_1_96' title='bbox 107 1116 219 1163; x_wconf 70' lang='grc' dir='ltr'>είσης,</span> <span class='ocrx_word' id='word_1_97' title='bbox 254 1116 481 1169; x_wconf 85' lang='grc' dir='ltr'>μαραίνεται·</span> <span class='ocrx_word' id='word_1_98' title='bbox 515 1116 659 1161; x_wconf 54' lang='grc' dir='ltr'>καθὼς(</span> <span class='ocrx_word' id='word_1_99' title='bbox 651 1119 779 1167; x_wconf 83' lang='grc' dir='ltr'>ιστορεῒ</span> <span class='ocrx_word' id='word_1_100' title='bbox 798 1119 994 1172; x_wconf 86' lang='grc' dir='ltr'>Δέρκυλλος</span> <span class='ocrx_word' id='word_1_101' title='bbox 1023 1121 1056 1157; x_wconf 83' lang='grc' dir='ltr'><strong>ἐν</strong></span> <span class='ocrx_word' id='word_1_102' title='bbox 1078 1119 1109 1171; x_wconf 83' lang='grc' dir='ltr'><strong>γ’</strong></span> 
     </span>
     <span class='ocr_line' id='line_1_15' title="bbox 62 1174 1103 1228; baseline 0.003 -15"><span class='ocrx_word' id='word_1_103' title='bbox 62 1174 186 1226; x_wconf 76' lang='grc' dir='ltr'>ΪΙερὶ’</span> <span class='ocrx_word' id='word_1_104' title='bbox 170 1177 271 1227; x_wconf 86' lang='grc' dir='ltr'>ορῶν.</span> <span class='ocrx_word' id='word_1_105' title='bbox 292 1178 392 1226; x_wconf 84' lang='lat' dir='ltr'><strong>Lege</strong></span> <span class='ocrx_word' id='word_1_106' title='bbox 412 1190 494 1225; x_wconf 89' lang='lat' dir='ltr'><strong>quae</strong></span> <span class='ocrx_word' id='word_1_107' title='bbox 509 1179 741 1215; x_wconf 87' lang='lat' dir='ltr'><strong>antecedunt</strong></span> <span class='ocrx_word' id='word_1_108' title='bbox 757 1192 818 1228; x_wconf 86' lang='lat' dir='ltr'><strong>ap.</strong></span> <span class='ocrx_word' id='word_1_109' title='bbox 842 1180 1103 1216; x_wconf 87' lang='lat' dir='ltr'><strong>Plutarchum.</strong></span> 
     </span>
    </p>
   </div>
   <div class='ocr_carea' id='block_1_4' title="bbox 381 1264 786 1392">
    <p class='ocr_par' dir='ltr' id='par_1_4' title="bbox 381 1264 786 1392">
     <span class='ocr_line' id='line_1_16' title="bbox 420 1264 747 1304; baseline 0.006 -2"><span class='ocrx_word' id='word_1_110' title='bbox 420 1264 541 1302; x_wconf 89' lang='grc' dir='ltr'>ΠΕΡΙ</span> <span class='ocrx_word' id='word_1_111' title='bbox 570 1265 747 1304; x_wconf 86' lang='grc' dir='ltr'><strong>ΛΙΘΩΝ.</strong></span> 
     </span>
     <span class='ocr_line' id='line_1_17' title="bbox 381 1354 786 1392; baseline 0.007 -3"><span class='ocrx_word' id='word_1_112' title='bbox 381 1354 410 1388; x_wconf 88' lang='grc' dir='ltr'>Ε</span> <span class='ocrx_word' id='word_1_113' title='bbox 438 1354 587 1390; x_wconf 89' lang='lat' dir='ltr'>LIBRO</span> <span class='ocrx_word' id='word_1_114' title='bbox 616 1355 786 1392; x_wconf 90' lang='lat' dir='ltr'><strong>PRIMO.</strong></span> 
     </span>
    </p>
   </div>
   <div class='ocr_carea' id='block_1_5' title="bbox 559 1450 619 1475">
    <p class='ocr_par' dir='ltr' id='par_1_5' title="bbox 559 1450 619 1475">
     <span class='ocr_line' id='line_1_18' title="bbox 559 1450 619 1475; baseline 0.033 -2"><span class='ocrx_word' id='word_1_115' title='bbox 559 1450 619 1475; x_wconf 91' lang='lat'><strong>10.</strong></span> 
     </span>
    </p>
   </div>
   <div class='ocr_carea' id='block_1_6' title="bbox 59 1515 1112 2213">
    <p class='ocr_par' dir='ltr' id='par_1_6' title="bbox 59 1515 1112 2154">
     <span class='ocr_line' id='line_1_19' title="bbox 115 1515 1110 1571; baseline 0.004 -20"><span class='ocrx_word' id='word_1_116' title='bbox 115 1516 302 1553; x_wconf 80' lang='lat' dir='ltr'><strong>Plutarch.</strong></span> <span class='ocrx_word' id='word_1_117' title='bbox 335 1518 391 1553; x_wconf 89' lang='lat' dir='ltr'><strong>De</strong></span> <span class='ocrx_word' id='word_1_118' title='bbox 411 1515 501 1555; x_wconf 88' lang='lat' dir='ltr'><strong>fluv.</strong></span> <span class='ocrx_word' id='word_1_119' title='bbox 525 1530 571 1566; x_wconf 88' lang='lat'><strong>19</strong></span> <span class='ocrx_word' id='word_1_120' title='bbox 587 1545 598 1566; x_wconf 92' lang='grc'>,</span> <span class='ocrx_word' id='word_1_121' title='bbox 619 1523 640 1562; x_wconf 79' lang='lat'>4</span> <span class='ocrx_word' id='word_1_122' title='bbox 665 1531 673 1554; x_wconf 90' lang='lat'>:</span> <span class='ocrx_word' id='word_1_123' title='bbox 698 1517 920 1570; x_wconf 86' lang='grc' dir='ltr'>Παράκειται</span> <span class='ocrx_word' id='word_1_124' title='bbox 946 1516 1110 1571; x_wconf 82' lang='grc' dir='ltr'>(Ἀλφειῷ</span> 
     </span>
     <span class='ocr_line' id='line_1_20' title="bbox 60 1572 1108 1626; baseline 0.005 -17"><span class='ocrx_word' id='word_1_125' title='bbox 60 1572 230 1625; x_wconf 84' lang='grc' dir='ltr'>ποταμῷ)</span> <span class='ocrx_word' id='word_1_126' title='bbox 243 1572 318 1625; x_wconf 83' lang='grc' dir='ltr'>ὅρος</span> <span class='ocrx_word' id='word_1_127' title='bbox 329 1603 338 1620; x_wconf 90' lang='grc'>,</span> <span class='ocrx_word' id='word_1_128' title='bbox 352 1573 499 1626; x_wconf 86' lang='grc' dir='ltr'>Κρόνιον</span> <span class='ocrx_word' id='word_1_129' title='bbox 509 1575 723 1625; x_wconf 89' lang='grc' dir='ltr'>καλούμενον</span> <span class='ocrx_word' id='word_1_130' title='bbox 735 1576 794 1614; x_wconf 83' lang='grc' dir='ltr'><strong>ἀπ’</strong></span> <span class='ocrx_word' id='word_1_131' title='bbox 809 1576 922 1620; x_wconf 84' lang='grc' dir='ltr'>αἰτίας</span> <span class='ocrx_word' id='word_1_132' title='bbox 936 1576 1108 1622; x_wconf 84' lang='grc' dir='ltr'>τοιαύτης.</span> 
     </span>
     <span class='ocr_line' id='line_1_21' title="bbox 60 1631 1112 1686; baseline 0.003 -17"><span class='ocrx_word' id='word_1_133' title='bbox 60 1631 163 1670; x_wconf 81' lang='grc' dir='ltr'>Μετὰ</span> <span class='ocrx_word' id='word_1_134' title='bbox 194 1631 256 1678; x_wconf 79' lang='grc' dir='ltr'><strong>τὴν</strong></span> <span class='ocrx_word' id='word_1_135' title='bbox 289 1632 569 1684; x_wconf 79' lang='grc' dir='ltr'>γιγαντομαχίαν</span> <span class='ocrx_word' id='word_1_136' title='bbox 599 1634 746 1686; x_wconf 87' lang='grc' dir='ltr'>Κρόνος,</span> <span class='ocrx_word' id='word_1_137' title='bbox 773 1634 834 1678; x_wconf 85' lang='grc' dir='ltr'><strong>τὰς</strong></span> <span class='ocrx_word' id='word_1_138' title='bbox 859 1634 939 1679; x_wconf 81' lang='grc' dir='ltr'>Διὸς</span> <span class='ocrx_word' id='word_1_139' title='bbox 965 1635 1112 1678; x_wconf 77' lang='grc' dir='ltr'>ἀπειλὰς</span> 
     </span>
     <span class='ocr_line' id='line_1_22' title="bbox 61 1690 1109 1746; baseline 0.005 -19"><span class='ocrx_word' id='word_1_140' title='bbox 61 1690 248 1738; x_wconf 83' lang='grc' dir='ltr'>ἐκκλίνων,</span> <span class='ocrx_word' id='word_1_141' title='bbox 269 1692 315 1734; x_wconf 85' lang='grc' dir='ltr'><strong>εἷς</strong></span> <span class='ocrx_word' id='word_1_142' title='bbox 343 1690 419 1743; x_wconf 83' lang='grc' dir='ltr'>ὅρος</span> <span class='ocrx_word' id='word_1_143' title='bbox 445 1691 653 1743; x_wconf 78' lang='grc' dir='ltr'>παρεγένετο</span> <span class='ocrx_word' id='word_1_144' title='bbox 676 1694 851 1746; x_wconf 76' lang='grc' dir='ltr'>Κτοῧρον,</span> <span class='ocrx_word' id='word_1_145' title='bbox 878 1693 896 1732; x_wconf 86' lang='grc' dir='ltr'>ὃ</span> <span class='ocrx_word' id='word_1_146' title='bbox 918 1695 978 1731; x_wconf 80' lang='grc' dir='ltr'><strong>ἀπ’</strong></span> <span class='ocrx_word' id='word_1_147' title='bbox 1001 1695 1109 1732; x_wconf 75' lang='grc' dir='ltr'>αὐτοῦ</span> 
     </span>
     <span class='ocr_line' id='line_1_23' title="bbox 63 1748 1109 1804; baseline 0.004 -18"><span class='ocrx_word' id='word_1_148' title='bbox 63 1748 210 1800; x_wconf 86' lang='grc' dir='ltr'>Κρόνιον</span> <span class='ocrx_word' id='word_1_149' title='bbox 232 1748 480 1799; x_wconf 85' lang='grc' dir='ltr'>μετωνόμασεν</span> <span class='ocrx_word' id='word_1_150' title='bbox 495 1765 502 1772; x_wconf 95' lang='grc'><em>·</em></span> <span class='ocrx_word' id='word_1_151' title='bbox 531 1750 648 1789; x_wconf 84' lang='grc' dir='ltr'>λαθὼν</span> <span class='ocrx_word' id='word_1_152' title='bbox 669 1751 703 1789; x_wconf 83' lang='grc' dir='ltr'><strong>δὲ</strong></span> <span class='ocrx_word' id='word_1_153' title='bbox 725 1751 810 1804; x_wconf 85' lang='grc' dir='ltr'>πρὸς</span> <span class='ocrx_word' id='word_1_154' title='bbox 829 1751 943 1802; x_wconf 77' lang='grc' dir='ltr'>ὀλίγον</span> <span class='ocrx_word' id='word_1_155' title='bbox 971 1751 1109 1802; x_wconf 81' lang='grc' dir='ltr'>καιρὸν,</span> 
     </span>
     <span class='ocr_line' id='line_1_24' title="bbox 61 1806 1111 1862; baseline 0.005 -18"><span class='ocrx_word' id='word_1_156' title='bbox 61 1806 121 1844; x_wconf 82' lang='grc' dir='ltr'><strong>καὶ</strong></span> <span class='ocrx_word' id='word_1_157' title='bbox 156 1808 317 1860; x_wconf 64' lang='grc' dir='ltr'>ἀφορμῆς</span> <span class='ocrx_word' id='word_1_158' title='bbox 350 1807 581 1860; x_wconf 82' lang='grc' dir='ltr'>δραξάμενος,</span> <span class='ocrx_word' id='word_1_159' title='bbox 614 1809 729 1862; x_wconf 78' lang='grc' dir='ltr'>διῆρεν</span> <span class='ocrx_word' id='word_1_160' title='bbox 757 1811 803 1854; x_wconf 87' lang='grc' dir='ltr'><strong>εἰς</strong></span> <span class='ocrx_word' id='word_1_161' title='bbox 835 1810 1023 1849; x_wconf 83' lang='grc' dir='ltr'>Καύκασον</span> <span class='ocrx_word' id='word_1_162' title='bbox 1049 1814 1111 1857; x_wconf 72' lang='grc' dir='ltr'><strong>τῆς</strong></span> 
     </span>
     <span class='ocr_line' id='line_1_25' title="bbox 61 1866 1111 1922; baseline 0.004 -19"><span class='ocrx_word' id='word_1_163' title='bbox 61 1866 228 1910; x_wconf 81' lang='grc' dir='ltr'>Σκυθίας.</span> <span class='ocrx_word' id='word_1_164' title='bbox 254 1868 424 1905; x_wconf 78' lang='grc' dir='ltr'>Γεννδίται</span> <span class='ocrx_word' id='word_1_165' title='bbox 441 1867 471 1904; x_wconf 89' lang='grc' dir='ltr'><strong>δ’</strong></span> <span class='ocrx_word' id='word_1_166' title='bbox 489 1868 523 1904; x_wconf 82' lang='grc' dir='ltr'><strong>ἐν</strong></span> <span class='ocrx_word' id='word_1_167' title='bbox 543 1869 593 1919; x_wconf 81' lang='grc' dir='ltr'><strong>τῷ</strong></span> <span class='ocrx_word' id='word_1_168' title='bbox 613 1867 683 1920; x_wconf 85' lang='grc' dir='ltr'>ὄρει</span> <span class='ocrx_word' id='word_1_169' title='bbox 703 1867 815 1921; x_wconf 85' lang='grc' dir='ltr'>τούτῳ</span> <span class='ocrx_word' id='word_1_170' title='bbox 842 1867 1031 1922; x_wconf 85' lang='grc' dir='ltr'>Κύλινδρος</span> <span class='ocrx_word' id='word_1_171' title='bbox 1047 1885 1111 1907; x_wconf 89' lang='grc' dir='ltr'>κα·-</span> 
     </span>
     <span class='ocr_line' id='line_1_26' title="bbox 59 1923 1110 1979; baseline 0.003 -17"><span class='ocrx_word' id='word_1_172' title='bbox 59 1925 226 1975; x_wconf 88' lang='grc' dir='ltr'>λούμενος</span> <span class='ocrx_word' id='word_1_173' title='bbox 245 1925 337 1968; x_wconf 90' lang='grc' dir='ltr'>λίθος</span> <span class='ocrx_word' id='word_1_174' title='bbox 357 1923 426 1962; x_wconf 83' lang='grc' dir='ltr'><strong>ἀπὸ</strong></span> <span class='ocrx_word' id='word_1_175' title='bbox 445 1928 507 1963; x_wconf 77' lang='grc' dir='ltr'><strong>τοῦ</strong></span> <span class='ocrx_word' id='word_1_176' title='bbox 535 1925 819 1977; x_wconf 78' lang='grc' dir='ltr'>συγκυρήματος·</span> <span class='ocrx_word' id='word_1_177' title='bbox 841 1927 961 1971; x_wconf 82' lang='grc' dir='ltr'>ὁσάκις</span> <span class='ocrx_word' id='word_1_178' title='bbox 981 1926 1048 1979; x_wconf 77' lang='grc' dir='ltr'>γὰρ</span> <span class='ocrx_word' id='word_1_179' title='bbox 1070 1927 1110 1966; x_wconf 82' lang='grc' dir='ltr'><strong>ἂν</strong></span> 
     </span>
     <span class='ocr_line' id='line_1_27' title="bbox 61 1982 1111 2039; baseline 0.005 -20"><span class='ocrx_word' id='word_1_180' title='bbox 61 1983 225 2036; x_wconf 79' lang='grc' dir='ltr'>ἀστράψῃ</span> <span class='ocrx_word' id='word_1_181' title='bbox 243 1982 328 2026; x_wconf 80' lang='grc' dir='ltr'>Ζεὺς</span> <span class='ocrx_word' id='word_1_182' title='bbox 344 1982 366 2030; x_wconf 83' lang='grc' dir='ltr'>ἢ</span> <span class='ocrx_word' id='word_1_183' title='bbox 389 1982 586 2036; x_wconf 73' lang='grc' dir='ltr'>βροντήσῃ,</span> <span class='ocrx_word' id='word_1_184' title='bbox 604 1984 812 2028; x_wconf 86' lang='grc' dir='ltr'>τοσαυτάκις</span> <span class='ocrx_word' id='word_1_185' title='bbox 828 1985 897 2023; x_wconf 85' lang='grc' dir='ltr'><strong>ἀπὸ</strong></span> <span class='ocrx_word' id='word_1_186' title='bbox 914 1989 974 2032; x_wconf 69' lang='grc' dir='ltr'><strong>τῆς</strong></span> <span class='ocrx_word' id='word_1_187' title='bbox 998 1988 1111 2039; x_wconf 84' lang='grc' dir='ltr'>ἀκρω-</span> 
     </span>
     <span class='ocr_line' id='line_1_28' title="bbox 62 2042 1112 2098; baseline 0.003 -18"><span class='ocrx_word' id='word_1_188' title='bbox 62 2042 154 2094; x_wconf 87' lang='grc' dir='ltr'>ρείας</span> <span class='ocrx_word' id='word_1_189' title='bbox 184 2042 240 2080; x_wconf 86' lang='grc' dir='ltr'><strong>διὰ</strong></span> <span class='ocrx_word' id='word_1_190' title='bbox 268 2043 373 2096; x_wconf 73' lang='grc' dir='ltr'>φόὸον</span> <span class='ocrx_word' id='word_1_191' title='bbox 391 2042 547 2082; x_wconf 88' lang='grc' dir='ltr'>κυλίεται</span> <span class='ocrx_word' id='word_1_192' title='bbox 559 2059 567 2067; x_wconf 90' lang='grc'><em>·</em></span> <span class='ocrx_word' id='word_1_193' title='bbox 582 2042 696 2088; x_wconf 86' lang='grc' dir='ltr'>καθὼς</span> <span class='ocrx_word' id='word_1_194' title='bbox 713 2046 846 2096; x_wconf 85' lang='grc' dir='ltr'>ἱστορεῖ</span> <span class='ocrx_word' id='word_1_195' title='bbox 863 2045 1058 2098; x_wconf 86' lang='grc' dir='ltr'>Δέρκυλλος</span> <span class='ocrx_word' id='word_1_196' title='bbox 1078 2047 1112 2083; x_wconf 83' lang='grc' dir='ltr'><strong>ἐν</strong></span> 
     </span>
     <span class='ocr_line' id='line_1_29' title="bbox 62 2102 340 2154; baseline 0.014 -15"><span class='ocrx_word' id='word_1_197' title='bbox 62 2102 95 2139; x_wconf 87' lang='grc' dir='ltr'><strong>α’</strong></span> <span class='ocrx_word' id='word_1_198' title='bbox 118 2102 207 2154; x_wconf 81' lang='grc' dir='ltr'>Περὶ</span> <span class='ocrx_word' id='word_1_199' title='bbox 223 2102 340 2143; x_wconf 80' lang='grc' dir='ltr'>λίθων.</span> 
     </span>
    </p>

    <p class='ocr_par' dir='ltr' id='par_1_7' title="bbox 558 2187 618 2213">
     <span class='ocr_line' id='line_1_30' title="bbox 558 2187 618 2213; baseline 0.05 -3"><span class='ocrx_word' id='word_1_200' title='bbox 558 2187 573 2210; x_wconf 97' lang='lat'>1</span> <span class='ocrx_word' id='word_1_201' title='bbox 586 2188 599 2211; x_wconf 91' lang='lat'>1</span> <span class='ocrx_word' id='word_1_202' title='bbox 609 2204 618 2213; x_wconf 90' lang='lat'><strong>.</strong></span> 
     </span>
    </p>
   </div>
   <div class='ocr_carea' id='block_1_7' title="bbox 61 2250 1114 2766">
    <p class='ocr_par' dir='ltr' id='par_1_8' title="bbox 61 2250 1114 2766">
     <span class='ocr_line' id='line_1_31' title="bbox 113 2250 1110 2304; baseline 0.005 -18"><span class='ocrx_word' id='word_1_203' title='bbox 113 2250 203 2288; x_wconf 87' lang='lat' dir='ltr'><strong>Joh.</strong></span> <span class='ocrx_word' id='word_1_204' title='bbox 225 2250 353 2299; x_wconf 89' lang='lat' dir='ltr'><strong>Lydus</strong></span> <span class='ocrx_word' id='word_1_205' title='bbox 365 2252 423 2287; x_wconf 90' lang='lat' dir='ltr'><strong>De</strong></span> <span class='ocrx_word' id='word_1_206' title='bbox 441 2263 560 2287; x_wconf 80' lang='lat' dir='ltr'><strong>niens.</strong></span> <span class='ocrx_word' id='word_1_207' title='bbox 576 2264 617 2300; x_wconf 93' lang='lat' dir='ltr'><strong>p.</strong></span> <span class='ocrx_word' id='word_1_208' title='bbox 635 2255 705 2294; x_wconf 79' lang='lat'><strong>104</strong></span> <span class='ocrx_word' id='word_1_209' title='bbox 725 2252 785 2290; x_wconf 90' lang='lat' dir='ltr'><strong>ed.</strong></span> <span class='ocrx_word' id='word_1_210' title='bbox 804 2253 976 2289; x_wconf 73' lang='lat' dir='ltr'><strong>Roeffler.</strong></span> <span class='ocrx_word' id='word_1_211' title='bbox 998 2265 1007 2291; x_wconf 90' lang='lat'>:</span> <span class='ocrx_word' id='word_1_212' title='bbox 1029 2251 1110 2304; x_wconf 83' lang='grc' dir='ltr'>Δέρ-</span> 
     </span>
     <span class='ocr_line' id='line_1_32' title="bbox 63 2361 1112 2404; baseline 0.003 -12"><span class='ocrx_word' id='word_1_213' title='bbox 63 2362 154 2401; x_wconf 83' lang='lat' dir='ltr'><strong>Pori,</strong></span> <span class='ocrx_word' id='word_1_214' title='bbox 174 2361 260 2393; x_wconf 90' lang='lat' dir='ltr'><strong>illius</strong></span> <span class='ocrx_word' id='word_1_215' title='bbox 275 2361 411 2401; x_wconf 82' lang='lat' dir='ltr'>regionis</span> <span class='ocrx_word' id='word_1_216' title='bbox 436 2361 534 2402; x_wconf 86' lang='lat' dir='ltr'><strong>regis,</strong></span> <span class='ocrx_word' id='word_1_217' title='bbox 554 2363 726 2403; x_wconf 81' lang='lat' dir='ltr'><strong>derepente</strong></span> <span class='ocrx_word' id='word_1_218' title='bbox 742 2365 840 2395; x_wconf 88' lang='lat' dir='ltr'><strong>oestro</strong></span> <span class='ocrx_word' id='word_1_219' title='bbox 859 2363 1001 2404; x_wconf 80' lang='lat' dir='ltr'><strong>percitus</strong></span> <span class='ocrx_word' id='word_1_220' title='bbox 1029 2364 1112 2396; x_wconf 90' lang='lat' dir='ltr'><strong>Solis</strong></span> 
     </span>
     <span class='ocr_line' id='line_1_33' title="bbox 61 2411 1113 2454; baseline 0.002 -10"><span class='ocrx_word' id='word_1_221' title='bbox 61 2413 176 2444; x_wconf 89' lang='lat' dir='ltr'><strong>collem</strong></span> <span class='ocrx_word' id='word_1_222' title='bbox 191 2411 375 2452; x_wconf 80' lang='lat' dir='ltr'><strong>adscendit,</strong></span> <span class='ocrx_word' id='word_1_223' title='bbox 401 2413 435 2444; x_wconf 85' lang='lat' dir='ltr'><strong>et</strong></span> <span class='ocrx_word' id='word_1_224' title='bbox 455 2420 567 2444; x_wconf 88' lang='lat' dir='ltr'><strong>vocem</strong></span> <span class='ocrx_word' id='word_1_225' title='bbox 586 2412 760 2444; x_wconf 83' lang='lat' dir='ltr'><strong>humanam</strong></span> <span class='ocrx_word' id='word_1_226' title='bbox 779 2413 970 2454; x_wconf 82' lang='lat' dir='ltr'><strong>depromens</strong></span> <span class='ocrx_word' id='word_1_227' title='bbox 994 2415 1027 2445; x_wconf 93' lang='lat' dir='ltr'><strong>in</strong></span> <span class='ocrx_word' id='word_1_228' title='bbox 1043 2415 1113 2445; x_wconf 85' lang='lat' dir='ltr'><strong>hoec</strong></span> 
     </span>
     <span class='ocr_line' id='line_1_34' title="bbox 62 2465 1113 2507; baseline 0.001 -10"><span class='ocrx_word' id='word_1_229' title='bbox 62 2466 187 2506; x_wconf 83' lang='lat' dir='ltr'><strong>erupit:</strong></span> <span class='ocrx_word' id='word_1_230' title='bbox 204 2478 219 2493; x_wconf 88' lang='lat'><em>«</em></span> <span class='ocrx_word' id='word_1_231' title='bbox 235 2465 373 2497; x_wconf 80' lang='lat' dir='ltr'><strong>Domine</strong></span> <span class='ocrx_word' id='word_1_232' title='bbox 389 2474 465 2503; x_wconf 88' lang='lat' dir='ltr'><strong>rex,</strong></span> <span class='ocrx_word' id='word_1_233' title='bbox 478 2465 533 2505; x_wconf 87' lang='lat' dir='ltr'><strong>qui</strong></span> <span class='ocrx_word' id='word_1_234' title='bbox 550 2473 569 2495; x_wconf 89' lang='lat' dir='ltr'><strong>a</strong></span> <span class='ocrx_word' id='word_1_235' title='bbox 587 2465 719 2504; x_wconf 82' lang='lat' dir='ltr'><strong>Gegasio</strong></span> <span class='ocrx_word' id='word_1_236' title='bbox 733 2474 832 2505; x_wconf 87' lang='lat' dir='ltr'><strong>genus</strong></span> <span class='ocrx_word' id='word_1_237' title='bbox 841 2466 950 2506; x_wconf 85' lang='lat' dir='ltr'><strong>(lucis,</strong></span> <span class='ocrx_word' id='word_1_238' title='bbox 965 2475 1005 2497; x_wconf 86' lang='lat' dir='ltr'><strong>ne</strong></span> <span class='ocrx_word' id='word_1_239' title='bbox 1022 2466 1113 2507; x_wconf 88' lang='lat' dir='ltr'><strong>quic-</strong></span> 
     </span>
     <span class='ocr_line' id='line_1_35' title="bbox 62 2516 1114 2558; baseline 0.001 -9"><span class='ocrx_word' id='word_1_240' title='bbox 62 2527 160 2558; x_wconf 89' lang='lat' dir='ltr'><strong>quam</strong></span> <span class='ocrx_word' id='word_1_241' title='bbox 180 2519 293 2549; x_wconf 89' lang='lat' dir='ltr'><strong>contra</strong></span> <span class='ocrx_word' id='word_1_242' title='bbox 310 2516 529 2549; x_wconf 80' lang='lat' dir='ltr'><strong>Alexandrum</strong></span> <span class='ocrx_word' id='word_1_243' title='bbox 548 2516 702 2556; x_wconf 77' lang='lat' dir='ltr'><strong>suscipias</strong></span> <span class='ocrx_word' id='word_1_244' title='bbox 721 2530 728 2548; x_wconf 76' lang='lat' dir='ltr'>z</span> <span class='ocrx_word' id='word_1_245' title='bbox 745 2517 835 2548; x_wconf 79' lang='lat' dir='ltr'><strong>Jovis</strong></span> <span class='ocrx_word' id='word_1_246' title='bbox 852 2518 937 2549; x_wconf 89' lang='lat' dir='ltr'><strong>enim</strong></span> <span class='ocrx_word' id='word_1_247' title='bbox 960 2518 1114 2558; x_wconf 87' lang='lat' dir='ltr'><strong>Gegasius</strong></span> 
     </span>
     <span class='ocr_line' id='line_1_36' title="bbox 63 2568 1114 2606; baseline -0.001 -4"><span class='ocrx_word' id='word_1_248' title='bbox 63 2571 122 2602; x_wconf 85' lang='lat' dir='ltr'><strong>est.</strong></span> <span class='ocrx_word' id='word_1_249' title='bbox 146 2582 161 2598; x_wconf 78' lang='grc' dir='ltr'>υ</span> <span class='ocrx_word' id='word_1_250' title='bbox 179 2570 218 2602; x_wconf 81' lang='lat' dir='ltr'><strong>Et</strong></span> <span class='ocrx_word' id='word_1_251' title='bbox 230 2569 378 2600; x_wconf 84' lang='lat' dir='ltr'><strong>absoluto</strong></span> <span class='ocrx_word' id='word_1_252' title='bbox 393 2576 541 2600; x_wconf 88' lang='lat' dir='ltr'><strong>sermone</strong></span> <span class='ocrx_word' id='word_1_253' title='bbox 553 2568 717 2599; x_wconf 88' lang='lat' dir='ltr'><strong>occubuit.</strong></span> <span class='ocrx_word' id='word_1_254' title='bbox 737 2569 862 2606; x_wconf 82' lang='lat' dir='ltr'><strong>Quibus</strong></span> <span class='ocrx_word' id='word_1_255' title='bbox 878 2569 996 2601; x_wconf 80' lang='lat' dir='ltr'><strong>auditis</strong></span> <span class='ocrx_word' id='word_1_256' title='bbox 1016 2572 1114 2602; x_wconf 80' lang='lat' dir='ltr'><strong>Porus</strong></span> 
     </span>
     <span class='ocr_line' id='line_1_37' title="bbox 65 2621 1111 2663; baseline 0 -9"><span class='ocrx_word' id='word_1_257' title='bbox 65 2623 202 2663; x_wconf 85' lang='lat' dir='ltr'><strong>supplex</strong></span> <span class='ocrx_word' id='word_1_258' title='bbox 220 2621 392 2654; x_wconf 81' lang='lat' dir='ltr'><strong>Alexandri</strong></span> <span class='ocrx_word' id='word_1_259' title='bbox 415 2629 519 2661; x_wconf 85' lang='lat' dir='ltr'><strong>genua</strong></span> <span class='ocrx_word' id='word_1_260' title='bbox 540 2621 708 2661; x_wconf 84' lang='lat' dir='ltr'><strong>amplexus</strong></span> <span class='ocrx_word' id='word_1_261' title='bbox 734 2623 782 2652; x_wconf 88' lang='lat' dir='ltr'><strong>est</strong></span> <span class='ocrx_word' id='word_1_262' title='bbox 799 2630 908 2661; x_wconf 84' lang='lat' dir='ltr'><strong>pacem</strong></span> <span class='ocrx_word' id='word_1_263' title='bbox 937 2623 1111 2662; x_wconf 87' lang='lat' dir='ltr'><strong>expetens;</strong></span> 
     </span>
     <span class='ocr_line' id='line_1_38' title="bbox 63 2673 1113 2715; baseline 0 -10"><span class='ocrx_word' id='word_1_264' title='bbox 63 2683 163 2715; x_wconf 83' lang='lat' dir='ltr'><strong>quam</strong></span> <span class='ocrx_word' id='word_1_265' title='bbox 176 2682 279 2714; x_wconf 89' lang='lat' dir='ltr'><strong>quum</strong></span> <span class='ocrx_word' id='word_1_266' title='bbox 297 2674 489 2705; x_wconf 84' lang='lat' dir='ltr'><strong>consecutus</strong></span> <span class='ocrx_word' id='word_1_267' title='bbox 504 2674 604 2711; x_wconf 88' lang='lat' dir='ltr'><strong>esset,</strong></span> <span class='ocrx_word' id='word_1_268' title='bbox 621 2673 765 2704; x_wconf 89' lang='lat' dir='ltr'><strong>montem</strong></span> <span class='ocrx_word' id='word_1_269' title='bbox 789 2673 878 2704; x_wconf 90' lang='lat' dir='ltr'><strong>illum</strong></span> <span class='ocrx_word' id='word_1_270' title='bbox 902 2673 1113 2713; x_wconf 75' lang='lat' dir='ltr'><strong>Elepliantem</strong></span> 
     </span>
     <span class='ocr_line' id='line_1_39' title="bbox 63 2725 1111 2766; baseline 0 -8"><span class='ocrx_word' id='word_1_271' title='bbox 63 2727 259 2766; x_wconf 85' lang='lat' dir='ltr'><strong>nominavit,</strong></span> <span class='ocrx_word' id='word_1_272' title='bbox 275 2727 313 2758; x_wconf 90' lang='lat' dir='ltr'><strong>ut</strong></span> <span class='ocrx_word' id='word_1_273' title='bbox 332 2727 469 2759; x_wconf 86' lang='lat' dir='ltr'><strong>testatur</strong></span> <span class='ocrx_word' id='word_1_274' title='bbox 490 2725 643 2765; x_wconf 85' lang='lat' dir='ltr'><strong>Dercylus</strong></span> <span class='ocrx_word' id='word_1_275' title='bbox 657 2725 740 2757; x_wconf 86' lang='lat' dir='ltr'><strong>libro</strong></span> <span class='ocrx_word' id='word_1_276' title='bbox 755 2726 849 2758; x_wconf 86' lang='lat' dir='ltr'><strong>tertio</strong></span> <span class='ocrx_word' id='word_1_277' title='bbox 870 2727 916 2758; x_wconf 90' lang='lat' dir='ltr'><strong>De</strong></span> <span class='ocrx_word' id='word_1_278' title='bbox 936 2726 1111 2758; x_wconf 85' lang='lat' dir='ltr'><strong>montibus.</strong></span> 
     </span>
    </p>
   </div>
   <div class='ocr_carea' id='block_1_8' title="bbox 571 2787 606 2820">
    <p class='ocr_par' dir='ltr' id='par_1_9' title="bbox 571 2787 606 2820">
     <span class='ocr_line' id='line_1_40' title="bbox 571 2787 606 2820; baseline -0.029 0"><span class='ocrx_word' id='word_1_279' title='bbox 571 2787 606 2820; x_wconf 85' lang='lat'><strong>9.</strong></span> 
     </span>
    </p>
   </div>
   <div class='ocr_carea' id='block_1_9' title="bbox 66 2847 1114 2992">
    <p class='ocr_par' dir='ltr' id='par_1_10' title="bbox 66 2847 1114 2992">
     <span class='ocr_line' id='line_1_41' title="bbox 106 2847 1113 2889; baseline -0.002 -7"><span class='ocrx_word' id='word_1_280' title='bbox 106 2851 253 2883; x_wconf 80' lang='lat' dir='ltr'><strong>Nascitur</strong></span> <span class='ocrx_word' id='word_1_281' title='bbox 268 2849 299 2880; x_wconf 91' lang='lat' dir='ltr'><strong>in</strong></span> <span class='ocrx_word' id='word_1_282' title='bbox 315 2851 473 2889; x_wconf 87' lang='lat' dir='ltr'><strong>Lycorma</strong></span> <span class='ocrx_word' id='word_1_283' title='bbox 486 2847 585 2880; x_wconf 85' lang='lat' dir='ltr'><strong>fluvio</strong></span> <span class='ocrx_word' id='word_1_284' title='bbox 603 2847 661 2879; x_wconf 85' lang='lat' dir='ltr'><strong>llos</strong></span> <span class='ocrx_word' id='word_1_285' title='bbox 676 2847 850 2880; x_wconf 88' lang='lat' dir='ltr'><strong>Leucoium</strong></span> <span class='ocrx_word' id='word_1_286' title='bbox 867 2847 968 2887; x_wconf 83' lang='lat' dir='ltr'><strong>(alba</strong></span> <span class='ocrx_word' id='word_1_287' title='bbox 985 2847 1113 2887; x_wconf 74' lang='lat' dir='ltr'><strong>viola),</strong></span> 
     </span>
     <span class='ocr_line' id='line_1_42' title="bbox 66 2899 1114 2943; baseline -0.002 -10"><span class='ocrx_word' id='word_1_288' title='bbox 66 2902 120 2943; x_wconf 85' lang='lat' dir='ltr'><strong>qui</strong></span> <span class='ocrx_word' id='word_1_289' title='bbox 138 2901 343 2942; x_wconf 83' lang='lat' dir='ltr'><strong>pronuntiato</strong></span> <span class='ocrx_word' id='word_1_290' title='bbox 368 2909 516 2932; x_wconf 79' lang='lat' dir='ltr'><strong>novercae</strong></span> <span class='ocrx_word' id='word_1_291' title='bbox 542 2899 719 2939; x_wconf 84' lang='lat' dir='ltr'><strong>vocabulo,</strong></span> <span class='ocrx_word' id='word_1_292' title='bbox 737 2900 845 2931; x_wconf 86' lang='lat' dir='ltr'><strong>statim</strong></span> <span class='ocrx_word' id='word_1_293' title='bbox 864 2899 1051 2939; x_wconf 55' lang='lat' dir='ltr'><strong>marcescit,</strong></span> <span class='ocrx_word' id='word_1_294' title='bbox 1078 2900 1114 2931; x_wconf 77' lang='lat' dir='ltr'><strong>ut</strong></span> 
     </span>
     <span class='ocr_line' id='line_1_43' title="bbox 66 2951 737 2992; baseline -0.004 -7"><span class='ocrx_word' id='word_1_295' title='bbox 66 2955 173 2985; x_wconf 79' lang='lat' dir='ltr'><strong>narrat</strong></span> <span class='ocrx_word' id='word_1_296' title='bbox 187 2953 342 2992; x_wconf 78' lang='lat' dir='ltr'><strong>Dercylus</strong></span> <span class='ocrx_word' id='word_1_297' title='bbox 354 2952 385 2983; x_wconf 94' lang='lat' dir='ltr'><strong>in</strong></span> <span class='ocrx_word' id='word_1_298' title='bbox 399 2952 493 2983; x_wconf 87' lang='lat' dir='ltr'><strong>tertio</strong></span> <span class='ocrx_word' id='word_1_299' title='bbox 506 2953 550 2983; x_wconf 88' lang='lat' dir='ltr'><strong>De</strong></span> <span class='ocrx_word' id='word_1_300' title='bbox 562 2951 737 2983; x_wconf 86' lang='lat' dir='ltr'><strong>montibus.</strong></span> 
     </span>
    </p>
   </div>
   <div class='ocr_carea' id='block_1_10' title="bbox 400 3049 779 3176">
    <p class='ocr_par' dir='ltr' id='par_1_11' title="bbox 400 3049 779 3176">
     <span class='ocr_line' id='line_1_44' title="bbox 400 3049 779 3089; baseline -0.005 -1"><span class='ocrx_word' id='word_1_301' title='bbox 400 3049 464 3088; x_wconf 90' lang='lat' dir='ltr'><strong>DE</strong></span> <span class='ocrx_word' id='word_1_302' title='bbox 492 3049 779 3089; x_wconf 86' lang='lat' dir='ltr'><strong>LAPIDlBUS.</strong></span> 
     </span>
     <span class='ocr_line' id='line_1_45' title="bbox 564 3144 621 3176; baseline -0.018 0"><span class='ocrx_word' id='word_1_303' title='bbox 564 3144 621 3176; x_wconf 81' lang='lat'><strong>10.</strong></span> 
     </span>
    </p>
   </div>
   <div class='ocr_carea' id='block_1_11' title="bbox 69 3220 1117 3470">
    <p class='ocr_par' dir='ltr' id='par_1_12' title="bbox 69 3220 1117 3470">
     <span class='ocr_line' id='line_1_46' title="bbox 110 3220 1117 3262; baseline -0.001 -8"><span class='ocrx_word' id='word_1_304' title='bbox 110 3221 243 3262; x_wconf 81' lang='lat' dir='ltr'><strong>Adjacel:</strong></span> <span class='ocrx_word' id='word_1_305' title='bbox 267 3220 387 3261; x_wconf 87' lang='lat' dir='ltr'><strong>Alpheo</strong></span> <span class='ocrx_word' id='word_1_306' title='bbox 404 3229 496 3252; x_wconf 91' lang='lat' dir='ltr'><strong>mons</strong></span> <span class='ocrx_word' id='word_1_307' title='bbox 511 3221 663 3260; x_wconf 88' lang='lat' dir='ltr'><strong>Cronius,</strong></span> <span class='ocrx_word' id='word_1_308' title='bbox 695 3221 727 3252; x_wconf 87' lang='lat' dir='ltr'><strong>id</strong></span> <span class='ocrx_word' id='word_1_309' title='bbox 749 3223 797 3253; x_wconf 84' lang='lat' dir='ltr'><strong>est</strong></span> <span class='ocrx_word' id='word_1_310' title='bbox 814 3222 999 3261; x_wconf 84' lang='lat' dir='ltr'><strong>Saturnius,</strong></span> <span class='ocrx_word' id='word_1_311' title='bbox 1016 3230 1054 3253; x_wconf 90' lang='lat' dir='ltr'><strong>ea</strong></span> <span class='ocrx_word' id='word_1_312' title='bbox 1077 3221 1117 3253; x_wconf 91' lang='lat' dir='ltr'><strong>de</strong></span> 
     </span>
     <span class='ocr_line' id='line_1_47' title="bbox 69 3274 1117 3314; baseline 0 -7"><span class='ocrx_word' id='word_1_313' title='bbox 69 3284 164 3307; x_wconf 80' lang='lat' dir='ltr'><strong>causa</strong></span> <span class='ocrx_word' id='word_1_314' title='bbox 181 3275 226 3306; x_wconf 90' lang='lat' dir='ltr'><strong>sic</strong></span> <span class='ocrx_word' id='word_1_315' title='bbox 255 3274 368 3306; x_wconf 90' lang='lat' dir='ltr'><strong>dictus.</strong></span> <span class='ocrx_word' id='word_1_316' title='bbox 397 3275 470 3306; x_wconf 81' lang='lat' dir='ltr'><strong>Post</strong></span> <span class='ocrx_word' id='word_1_317' title='bbox 495 3274 790 3313; x_wconf 74' lang='lat' dir='ltr'><strong>Gigantomacliiam</strong></span> <span class='ocrx_word' id='word_1_318' title='bbox 827 3277 1002 3314; x_wconf 82' lang='lat' dir='ltr'><strong>Saturnus,</strong></span> <span class='ocrx_word' id='word_1_319' title='bbox 1027 3275 1117 3308; x_wconf 83' lang='lat' dir='ltr'><strong>Jovis</strong></span> 
     </span>
     <span class='ocr_line' id='line_1_48' title="bbox 70 3325 1117 3366; baseline -0.001 -7"><span class='ocrx_word' id='word_1_320' title='bbox 70 3328 172 3359; x_wconf 85' lang='lat' dir='ltr'><strong>minas</strong></span> <span class='ocrx_word' id='word_1_321' title='bbox 190 3326 368 3362; x_wconf 82' lang='lat' dir='ltr'><strong>declinans.</strong></span> <span class='ocrx_word' id='word_1_322' title='bbox 395 3325 435 3356; x_wconf 85' lang='lat' dir='ltr'><strong>ad</strong></span> <span class='ocrx_word' id='word_1_323' title='bbox 461 3327 603 3357; x_wconf 84' lang='lat' dir='ltr'><strong>montem</strong></span> <span class='ocrx_word' id='word_1_324' title='bbox 624 3327 758 3356; x_wconf 87' lang='lat' dir='ltr'><strong>Cturum</strong></span> <span class='ocrx_word' id='word_1_325' title='bbox 776 3327 942 3366; x_wconf 83' lang='lat' dir='ltr'><strong>pervenit,</strong></span> <span class='ocrx_word' id='word_1_326' title='bbox 963 3335 1059 3366; x_wconf 84' lang='lat' dir='ltr'><strong>quem</strong></span> <span class='ocrx_word' id='word_1_327' title='bbox 1076 3326 1117 3358; x_wconf 89' lang='lat' dir='ltr'><strong>dc</strong></span> 
     </span>
     <span class='ocr_line' id='line_1_49' title="bbox 70 3376 1117 3418; baseline -0.001 -8"><span class='ocrx_word' id='word_1_328' title='bbox 70 3388 103 3410; x_wconf 79' lang='lat' dir='ltr'><strong>se</strong></span> <span class='ocrx_word' id='word_1_329' title='bbox 116 3378 335 3410; x_wconf 76' lang='lat' dir='ltr'><strong>denominavit</strong></span> <span class='ocrx_word' id='word_1_330' title='bbox 348 3376 512 3409; x_wconf 85' lang='lat' dir='ltr'><strong>Cronium.</strong></span> <span class='ocrx_word' id='word_1_331' title='bbox 532 3378 640 3413; x_wconf 91' lang='lat' dir='ltr'><strong>Quum</strong></span> <span class='ocrx_word' id='word_1_332' title='bbox 657 3379 765 3408; x_wconf 90' lang='lat' dir='ltr'><strong>autem</strong></span> <span class='ocrx_word' id='word_1_333' title='bbox 783 3386 837 3417; x_wconf 88' lang='lat' dir='ltr'><strong>per</strong></span> <span class='ocrx_word' id='word_1_334' title='bbox 850 3378 978 3417; x_wconf 83' lang='lat' dir='ltr'><strong>aliquod</strong></span> <span class='ocrx_word' id='word_1_335' title='bbox 991 3380 1117 3418; x_wconf 86' lang='lat' dir='ltr'><strong>tempus</strong></span> 
     </span>
     <span class='ocr_line' id='line_1_50' title="bbox 71 3427 1116 3470; baseline -0.002 -8"><span class='ocrx_word' id='word_1_336' title='bbox 71 3431 232 3470; x_wconf 81' lang='lat' dir='ltr'><strong>latuisset,</strong></span> <span class='ocrx_word' id='word_1_337' title='bbox 260 3431 348 3470; x_wconf 81' lang='lat' dir='ltr'><strong>rapta</strong></span> <span class='ocrx_word' id='word_1_338' title='bbox 365 3429 550 3467; x_wconf 83' lang='lat' dir='ltr'><strong>occasione,</strong></span> <span class='ocrx_word' id='word_1_339' title='bbox 575 3427 704 3459; x_wconf 82' lang='lat' dir='ltr'><strong>divertit</strong></span> <span class='ocrx_word' id='word_1_340' title='bbox 730 3429 760 3459; x_wconf 84' lang='lat' dir='ltr'><strong>in</strong></span> <span class='ocrx_word' id='word_1_341' title='bbox 780 3430 921 3460; x_wconf 83' lang='lat' dir='ltr'><strong>montem</strong></span> <span class='ocrx_word' id='word_1_342' title='bbox 937 3431 1116 3461; x_wconf 80' lang='lat' dir='ltr'><strong>Caucasum</strong></span> 
     </span>
    </p>
   </div>
   <div class='ocr_carea' id='block_1_12' title="bbox 990 229 1286 272">
    <p class='ocr_par' dir='ltr' id='par_1_13' title="bbox 990 229 1286 272">
     <span class='ocr_line' id='line_1_51' title="bbox 990 229 1286 272; baseline 0.003 -2"><span class='ocrx_word' id='word_1_343' title='bbox 990 229 1286 272; x_wconf 83' lang='lat' dir='ltr'>DIEUCHIDAE</span> 
     </span>
    </p>
   </div>
   <div class='ocr_carea' id='block_1_13' title="bbox 1173 317 2218 665">
    <p class='ocr_par' dir='ltr' id='par_1_14' title="bbox 1173 317 2218 665">
     <span class='ocr_line' id='line_1_52' title="bbox 1174 317 2218 375; baseline 0.002 -18"><span class='ocrx_word' id='word_1_344' title='bbox 1174 321 1299 363; x_wconf 89' lang='grc' dir='ltr'>κυλλος</span> <span class='ocrx_word' id='word_1_345' title='bbox 1317 317 1353 357; x_wconf 80' lang='grc' dir='ltr'><strong>δέ</strong></span> <span class='ocrx_word' id='word_1_346' title='bbox 1371 334 1492 372; x_wconf 82' lang='grc' dir='ltr'>φησιν,</span> <span class='ocrx_word' id='word_1_347' title='bbox 1508 319 1560 358; x_wconf 84' lang='grc' dir='ltr'><strong>ὅτι</strong></span> <span class='ocrx_word' id='word_1_348' title='bbox 1574 326 1737 372; x_wconf 81' lang='grc' dir='ltr'>γεννᾶται</span> <span class='ocrx_word' id='word_1_349' title='bbox 1757 322 1792 360; x_wconf 82' lang='grc' dir='ltr'><strong>ἐν</strong></span> <span class='ocrx_word' id='word_1_350' title='bbox 1812 337 1863 375; x_wconf 84' lang='grc' dir='ltr'><strong>τῳ</strong></span> <span class='ocrx_word' id='word_1_351' title='bbox 1880 320 2044 374; x_wconf 84' lang='grc' dir='ltr'>Ὑδάσπῃ</span> <span class='ocrx_word' id='word_1_352' title='bbox 2067 322 2218 375; x_wconf 78' lang='grc' dir='ltr'>ποταμῶ</span> 
     </span>
     <span class='ocr_line' id='line_1_53' title="bbox 1173 377 2217 431; baseline 0.005 -16"><span class='ocrx_word' id='word_1_353' title='bbox 1173 377 1266 422; x_wconf 87' lang='grc' dir='ltr'>λίθος</span> <span class='ocrx_word' id='word_1_354' title='bbox 1291 378 1411 430; x_wconf 86' lang='grc' dir='ltr'>λυχνὶς</span> <span class='ocrx_word' id='word_1_355' title='bbox 1435 379 1663 429; x_wconf 81' lang='grc' dir='ltr'>καλούμενος·</span> <span class='ocrx_word' id='word_1_356' title='bbox 1688 384 1806 429; x_wconf 78' lang='grc' dir='ltr'>οὗτος,</span> <span class='ocrx_word' id='word_1_357' title='bbox 1838 381 1985 429; x_wconf 86' lang='grc' dir='ltr'>σελήνης</span> <span class='ocrx_word' id='word_1_358' title='bbox 2002 381 2193 431; x_wconf 70' lang='grc' dir='ltr'>αὐξομένης</span> <span class='ocrx_word' id='word_1_359' title='bbox 2207 410 2217 428; x_wconf 91' lang='grc'>,</span> 
     </span>
     <span class='ocr_line' id='line_1_54' title="bbox 1174 436 2216 489; baseline 0.005 -16"><span class='ocrx_word' id='word_1_360' title='bbox 1174 439 1260 488; x_wconf 77' lang='grc' dir='ltr'>ἠχον</span> <span class='ocrx_word' id='word_1_361' title='bbox 1291 436 1464 489; x_wconf 84' lang='grc' dir='ltr'>μελῳδίας</span> <span class='ocrx_word' id='word_1_362' title='bbox 1482 438 1684 479; x_wconf 82' lang='grc' dir='ltr'>ἀποδίδωσι.</span> <span class='ocrx_word' id='word_1_363' title='bbox 1706 441 1848 478; x_wconf 85' lang='lat' dir='ltr'><strong>Eadem</strong></span> <span class='ocrx_word' id='word_1_364' title='bbox 1877 439 2062 478; x_wconf 81' lang='lat' dir='ltr'><strong>brevius</strong></span> <span class='ocrx_word' id='word_1_365' title='bbox 2052 456 2092 478; x_wconf 88' lang='lat' dir='ltr'><strong>ln</strong></span> <span class='ocrx_word' id='word_1_366' title='bbox 2109 441 2216 478; x_wconf 87' lang='lat' dir='ltr'><strong>Bois-</strong></span> 
     </span>
     <span class='ocr_line' id='line_1_55' title="bbox 1174 496 2218 548; baseline 0.003 -16"><span class='ocrx_word' id='word_1_367' title='bbox 1174 496 1307 534; x_wconf 89' lang='lat' dir='ltr'><strong>sonad.</strong></span> <span class='ocrx_word' id='word_1_368' title='bbox 1329 497 1475 533; x_wconf 88' lang='lat' dir='ltr'><strong>Anecd.</strong></span> <span class='ocrx_word' id='word_1_369' title='bbox 1502 499 1542 543; x_wconf 92' lang='lat' dir='ltr'><strong>I,</strong></span> <span class='ocrx_word' id='word_1_370' title='bbox 1557 510 1598 546; x_wconf 90' lang='lat' dir='ltr'><strong>p.</strong></span> <span class='ocrx_word' id='word_1_371' title='bbox 1619 502 1707 545; x_wconf 77' lang='lat'><strong>417.</strong></span> <span class='ocrx_word' id='word_1_372' title='bbox 1740 500 1934 535; x_wconf 86' lang='lat' dir='ltr'><strong>Plutarch.</strong></span> <span class='ocrx_word' id='word_1_373' title='bbox 1949 502 2004 537; x_wconf 91' lang='lat' dir='ltr'><strong>De</strong></span> <span class='ocrx_word' id='word_1_374' title='bbox 2023 499 2116 536; x_wconf 86' lang='lat' dir='ltr'><strong>fluv.</strong></span> <span class='ocrx_word' id='word_1_375' title='bbox 2143 514 2179 548; x_wconf 84' lang='lat'><strong>1,</strong></span> <span class='ocrx_word' id='word_1_376' title='bbox 2195 508 2218 535; x_wconf 68' lang='grc' dir='ltr'>α</span> 
     </span>
     <span class='ocr_line' id='line_1_56' title="bbox 1173 554 2215 610; baseline 0.003 -20"><span class='ocrx_word' id='word_1_377' title='bbox 1173 555 1221 590; x_wconf 90' lang='lat' dir='ltr'><strong>de</strong></span> <span class='ocrx_word' id='word_1_378' title='bbox 1248 556 1321 591; x_wconf 90' lang='lat' dir='ltr'><strong>hoc</strong></span> <span class='ocrx_word' id='word_1_379' title='bbox 1347 555 1474 603; x_wconf 77' lang='lat' dir='ltr'><strong>lapide</strong></span> <span class='ocrx_word' id='word_1_380' title='bbox 1489 556 1541 591; x_wconf 84' lang='lat' dir='ltr'><strong>ait</strong></span> <span class='ocrx_word' id='word_1_381' title='bbox 1559 569 1568 591; x_wconf 72' lang='grc' dir='ltr'>ε</span> <span class='ocrx_word' id='word_1_382' title='bbox 1593 554 1751 603; x_wconf 82' lang='grc' dir='ltr'>Σελήνης</span> <span class='ocrx_word' id='word_1_383' title='bbox 1766 555 1794 594; x_wconf 90' lang='grc' dir='ltr'><strong>δ’</strong></span> <span class='ocrx_word' id='word_1_384' title='bbox 1807 555 1999 607; x_wconf 77' lang='grc' dir='ltr'>αὐξομένης</span> <span class='ocrx_word' id='word_1_385' title='bbox 2014 556 2215 610; x_wconf 81' lang='grc' dir='ltr'>εὑρίσκεται</span> 
     </span>
     <span class='ocr_line' id='line_1_57' title="bbox 1173 610 1595 665; baseline 0.007 -16"><span class='ocrx_word' id='word_1_386' title='bbox 1173 610 1258 664; x_wconf 81' lang='grc' dir='ltr'>πρὸς</span> <span class='ocrx_word' id='word_1_387' title='bbox 1274 611 1449 665; x_wconf 86' lang='grc' dir='ltr'>μελῳδίαν</span> <span class='ocrx_word' id='word_1_388' title='bbox 1466 613 1595 653; x_wconf 80' lang='grc' dir='ltr'>αὐλῶν.</span> 
     </span>
    </p>
   </div>
   <div class='ocr_carea' id='block_1_14' title="bbox 1556 703 1829 742">
    <p class='ocr_par' dir='ltr' id='par_1_15' title="bbox 1556 703 1829 742">
     <span class='ocr_line' id='line_1_58' title="bbox 1556 703 1829 742; baseline 0.004 -1"><span class='ocrx_word' id='word_1_389' title='bbox 1556 703 1813 742; x_wconf 85' lang='grc' dir='ltr'>ΣΑΤΥΡΙΚΑ</span> <span class='ocrx_word' id='word_1_390' title='bbox 1821 732 1829 742; x_wconf 95' lang='grc'><strong>.</strong></span> 
     </span>
    </p>
   </div>
   <div class='ocr_carea' id='block_1_15' title="bbox 1171 793 2223 1183">
    <p class='ocr_par' dir='ltr' id='par_1_16' title="bbox 1483 793 1895 914">
     <span class='ocr_line' id='line_1_59' title="bbox 1483 793 1895 834; baseline 0.01 -5"><span class='ocrx_word' id='word_1_391' title='bbox 1483 793 1512 829; x_wconf 84' lang='grc' dir='ltr'>Ε</span> <span class='ocrx_word' id='word_1_392' title='bbox 1540 795 1692 832; x_wconf 86' lang='lat' dir='ltr'>LIBRO</span> <span class='ocrx_word' id='word_1_393' title='bbox 1722 794 1895 834; x_wconf 86' lang='lat' dir='ltr'><strong>PRIMO.</strong></span> 
     </span>
     <span class='ocr_line' id='line_1_60' title="bbox 1668 887 1728 914; baseline 0.033 -3"><span class='ocrx_word' id='word_1_394' title='bbox 1668 887 1728 914; x_wconf 81' lang='lat'><strong>12.</strong></span> 
     </span>
    </p>

    <p class='ocr_par' dir='ltr' id='par_1_17' title="bbox 1171 952 2223 1183">
     <span class='ocr_line' id='line_1_61' title="bbox 1225 952 2220 1008; baseline 0.006 -20"><span class='ocrx_word' id='word_1_395' title='bbox 1225 953 1419 991; x_wconf 87' lang='lat' dir='ltr'><strong>Plutarch.</strong></span> <span class='ocrx_word' id='word_1_396' title='bbox 1443 954 1489 990; x_wconf 90' lang='lat' dir='ltr'><strong>de</strong></span> <span class='ocrx_word' id='word_1_397' title='bbox 1510 952 1602 993; x_wconf 89' lang='lat' dir='ltr'><strong>fluv.</strong></span> <span class='ocrx_word' id='word_1_398' title='bbox 1627 968 1690 1004; x_wconf 82' lang='lat'><strong>10,</strong></span> <span class='ocrx_word' id='word_1_399' title='bbox 1709 955 1730 992; x_wconf 87' lang='lat'>3</span> <span class='ocrx_word' id='word_1_400' title='bbox 1757 969 1766 992; x_wconf 79' lang='lat' dir='ltr'><em>z</em></span> <span class='ocrx_word' id='word_1_401' title='bbox 1787 956 1960 994; x_wconf 76' lang='grc' dir='ltr'>Γεννᾶται</span> <span class='ocrx_word' id='word_1_402' title='bbox 1982 954 2011 993; x_wconf 91' lang='grc' dir='ltr'><strong>δ’</strong></span> <span class='ocrx_word' id='word_1_403' title='bbox 2036 956 2071 994; x_wconf 83' lang='grc' dir='ltr'><strong>ἐν</strong></span> <span class='ocrx_word' id='word_1_404' title='bbox 2091 956 2141 1008; x_wconf 80' lang='grc' dir='ltr'>τῷ</span> <span class='ocrx_word' id='word_1_405' title='bbox 2157 969 2220 994; x_wconf 88' lang='grc' dir='ltr'>πο·</span> 
     </span>
     <span class='ocr_line' id='line_1_62' title="bbox 1172 1009 2223 1064; baseline 0.005 -18"><span class='ocrx_word' id='word_1_406' title='bbox 1172 1012 1277 1061; x_wconf 84' lang='grc' dir='ltr'>ταμῷ</span> <span class='ocrx_word' id='word_1_407' title='bbox 1297 1009 1408 1063; x_wconf 89' lang='grc' dir='ltr'>τούτῳ</span> <span class='ocrx_word' id='word_1_408' title='bbox 1441 1011 1636 1064; x_wconf 75' lang='grc' dir='ltr'>(Μαρσύᾳ)</span> <span class='ocrx_word' id='word_1_409' title='bbox 1657 1012 1787 1064; x_wconf 86' lang='grc' dir='ltr'>βοτάνη</span> <span class='ocrx_word' id='word_1_410' title='bbox 1800 1042 1811 1062; x_wconf 88' lang='grc'>,</span> <span class='ocrx_word' id='word_1_411' title='bbox 1829 1011 1932 1056; x_wconf 85' lang='grc' dir='ltr'>αὐλὸς</span> <span class='ocrx_word' id='word_1_412' title='bbox 1958 1013 2197 1064; x_wconf 80' lang='grc' dir='ltr'>ὀνομαζομένη</span> <span class='ocrx_word' id='word_1_413' title='bbox 2211 1042 2223 1061; x_wconf 87' lang='grc'>,</span> 
     </span>
     <span class='ocr_line' id='line_1_63' title="bbox 1171 1067 2223 1125; baseline 0.005 -20"><span class='ocrx_word' id='word_1_414' title='bbox 1171 1068 1215 1115; x_wconf 80' lang='grc' dir='ltr'><strong>ἣν</strong></span> <span class='ocrx_word' id='word_1_415' title='bbox 1230 1067 1289 1106; x_wconf 82' lang='grc' dir='ltr'><strong>ἐὰν</strong></span> <span class='ocrx_word' id='word_1_416' title='bbox 1303 1068 1388 1121; x_wconf 85' lang='grc' dir='ltr'>πρὸς</span> <span class='ocrx_word' id='word_1_417' title='bbox 1407 1068 1533 1120; x_wconf 84' lang='grc' dir='ltr'>ἄνεμον</span> <span class='ocrx_word' id='word_1_418' title='bbox 1553 1070 1651 1122; x_wconf 86' lang='grc' dir='ltr'>σείσῃ</span> <span class='ocrx_word' id='word_1_419' title='bbox 1669 1086 1739 1118; x_wconf 90' lang='grc' dir='ltr'>τις,</span> <span class='ocrx_word' id='word_1_420' title='bbox 1758 1070 1927 1121; x_wconf 83' lang='grc' dir='ltr'>μουσικὴν</span> <span class='ocrx_word' id='word_1_421' title='bbox 1942 1070 2014 1123; x_wconf 86' lang='grc' dir='ltr'>ἔχει</span> <span class='ocrx_word' id='word_1_422' title='bbox 2029 1071 2223 1125; x_wconf 84' lang='grc' dir='ltr'>μελῳδίαν,</span> 
     </span>
     <span class='ocr_line' id='line_1_64' title="bbox 1173 1126 2004 1183; baseline 0.004 -18"><span class='ocrx_word' id='word_1_423' title='bbox 1173 1126 1287 1170; x_wconf 83' lang='grc' dir='ltr'>καθὼς</span> <span class='ocrx_word' id='word_1_424' title='bbox 1306 1129 1435 1180; x_wconf 79' lang='grc' dir='ltr'>ἱστορεῖ</span> <span class='ocrx_word' id='word_1_425' title='bbox 1458 1127 1658 1181; x_wconf 86' lang='grc' dir='ltr'>Δέρκυλλος</span> <span class='ocrx_word' id='word_1_426' title='bbox 1675 1130 1711 1167; x_wconf 82' lang='grc' dir='ltr'><strong>ἐν</strong></span> <span class='ocrx_word' id='word_1_427' title='bbox 1728 1129 1761 1167; x_wconf 88' lang='grc' dir='ltr'><strong>α’</strong></span> <span class='ocrx_word' id='word_1_428' title='bbox 1783 1131 2004 1183; x_wconf 85' lang='grc' dir='ltr'>Σατυρικῶν.</span> 
     </span>
    </p>
   </div>
   <div class='ocr_carea' id='block_1_16' title="bbox 1595 1241 1829 1258">
    <p class='ocr_par' dir='ltr' id='par_1_18' title="bbox 1595 1241 1829 1258">
     <span class='ocr_line' id='line_1_65' title="bbox 1595 1241 1829 1258; baseline 0 2446"><span class='ocrx_word' id='word_1_429' title='bbox 1595 1241 1829 1258; x_wconf 95' lang='lat' dir='ltr'><strong> </strong></span> 
     </span>
    </p>
   </div>
   <div class='ocr_carea' id='block_1_17' title="bbox 1463 1326 1908 1484">
    <p class='ocr_par' dir='ltr' id='par_1_19' title="bbox 1463 1326 1908 1484">
     <span class='ocr_line' id='line_1_66' title="bbox 1463 1326 1908 1385; baseline 0.007 -4"><span class='ocrx_word' id='word_1_430' title='bbox 1463 1326 1908 1385; x_wconf 88' lang='lat' dir='ltr'><strong>DIEUCHIDAS</strong></span> 
     </span>
     <span class='ocr_line' id='line_1_67' title="bbox 1564 1445 1839 1484; baseline -0.007 -1"><span class='ocrx_word' id='word_1_431' title='bbox 1564 1445 1839 1484; x_wconf 77' lang='grc' dir='ltr'>ΜΕΓΑΡιΚΑ.</span> 
     </span>
    </p>
   </div>
   <div class='ocr_carea' id='block_1_18' title="bbox 1671 1538 1705 1563">
    <p class='ocr_par' dir='ltr' id='par_1_20' title="bbox 1671 1538 1705 1563">
     <span class='ocr_line' id='line_1_68' title="bbox 1671 1538 1705 1563; baseline 0.029 -1"><span class='ocrx_word' id='word_1_432' title='bbox 1671 1538 1705 1563; x_wconf 91' lang='lat'><strong>1.</strong></span> 
     </span>
    </p>
   </div>
   <div class='ocr_carea' id='block_1_19' title="bbox 1172 1603 2217 1772">
    <p class='ocr_par' dir='ltr' id='par_1_21' title="bbox 1172 1603 2217 1772">
     <span class='ocr_line' id='line_1_69' title="bbox 1226 1603 2213 1654; baseline 0.002 -16"><span class='ocrx_word' id='word_1_433' title='bbox 1226 1603 1397 1639; x_wconf 88' lang='lat' dir='ltr'><strong>Clemens</strong></span> <span class='ocrx_word' id='word_1_434' title='bbox 1423 1605 1531 1641; x_wconf 87' lang='lat' dir='ltr'><strong>Alex.</strong></span> <span class='ocrx_word' id='word_1_435' title='bbox 1571 1606 1713 1645; x_wconf 82' lang='lat' dir='ltr'><strong>Strom.</strong></span> <span class='ocrx_word' id='word_1_436' title='bbox 1750 1606 1820 1651; x_wconf 92' lang='lat' dir='ltr'><strong>VI,</strong></span> <span class='ocrx_word' id='word_1_437' title='bbox 1843 1617 1883 1654; x_wconf 85' lang='lat' dir='ltr'><strong>p.</strong></span> <span class='ocrx_word' id='word_1_438' title='bbox 1906 1605 2004 1652; x_wconf 85' lang='lat'><strong>267,</strong></span> <span class='ocrx_word' id='word_1_439' title='bbox 2035 1618 2059 1654; x_wconf 92' lang='lat'><strong>9</strong></span> <span class='ocrx_word' id='word_1_440' title='bbox 2079 1606 2183 1654; x_wconf 83' lang='lat' dir='ltr'><strong>Sylb.</strong></span> <span class='ocrx_word' id='word_1_441' title='bbox 2204 1618 2213 1640; x_wconf 76' lang='grc' dir='ltr'>ε</span> 
     </span>
     <span class='ocr_line' id='line_1_70' title="bbox 1172 1660 2217 1716; baseline 0.003 -18"><span class='ocrx_word' id='word_1_442' title='bbox 1172 1660 1357 1712; x_wconf 69' lang='grc' dir='ltr'>Διευχίδας</span> <span class='ocrx_word' id='word_1_443' title='bbox 1376 1677 1412 1699; x_wconf 88' lang='grc' dir='ltr'><strong>τε</strong></span> <span class='ocrx_word' id='word_1_444' title='bbox 1425 1665 1442 1700; x_wconf 84' lang='grc' dir='ltr'>ὁ</span> <span class='ocrx_word' id='word_1_445' title='bbox 1460 1662 1659 1716; x_wconf 79' lang='grc' dir='ltr'>Μεγαρικὸς</span> <span class='ocrx_word' id='word_1_446' title='bbox 1683 1662 1746 1710; x_wconf 83' lang='grc' dir='ltr'><strong>τὴν</strong></span> <span class='ocrx_word' id='word_1_447' title='bbox 1763 1662 1876 1715; x_wconf 84' lang='grc' dir='ltr'>ἀρχὴν</span> <span class='ocrx_word' id='word_1_448' title='bbox 1895 1667 1955 1702; x_wconf 79' lang='grc' dir='ltr'><strong>τοῦ</strong></span> <span class='ocrx_word' id='word_1_449' title='bbox 1978 1662 2081 1716; x_wconf 88' lang='grc' dir='ltr'>λόγου</span> <span class='ocrx_word' id='word_1_450' title='bbox 2099 1665 2217 1710; x_wconf 75' lang='grc' dir='ltr'>ἔκτῆς</span> 
     </span>
     <span class='ocr_line' id='line_1_71' title="bbox 1173 1718 1880 1772; baseline 0.004 -14"><span class='ocrx_word' id='word_1_451' title='bbox 1173 1718 1384 1758; x_wconf 87' lang='grc' dir='ltr'>Ἑλλανίκου</span> <span class='ocrx_word' id='word_1_452' title='bbox 1399 1722 1657 1764; x_wconf 87' lang='grc' dir='ltr'>Δευκαλιωνίας</span> <span class='ocrx_word' id='word_1_453' title='bbox 1674 1721 1880 1772; x_wconf 71' lang='grc' dir='ltr'>μετέλαὸεν.</span> 
     </span>
    </p>
   </div>
   <div class='ocr_carea' id='block_1_20' title="bbox 1479 1811 1910 1848">
    <p class='ocr_par' dir='ltr' id='par_1_22' title="bbox 1479 1811 1910 1848">
     <span class='ocr_line' id='line_1_72' title="bbox 1479 1811 1910 1848; baseline 0.005 -2"><span class='ocrx_word' id='word_1_454' title='bbox 1479 1811 1508 1846; x_wconf 89' lang='lat' dir='ltr'>E</span> <span class='ocrx_word' id='word_1_455' title='bbox 1535 1812 1686 1848; x_wconf 86' lang='lat' dir='ltr'>LIBRO</span> <span class='ocrx_word' id='word_1_456' title='bbox 1715 1812 1910 1848; x_wconf 89' lang='lat' dir='ltr'><strong>TERTIO.</strong></span> 
     </span>
    </p>
   </div>
   <div class='ocr_carea' id='block_1_21' title="bbox 1173 1904 2223 2188">
    <p class='ocr_par' dir='ltr' id='par_1_23' title="bbox 1660 1904 1696 1928">
     <span class='ocr_line' id='line_1_73' title="bbox 1660 1904 1696 1928; baseline 0 0"><span class='ocrx_word' id='word_1_457' title='bbox 1660 1904 1696 1928; x_wconf 79' lang='lat'><strong>2.</strong></span> 
     </span>
    </p>

    <p class='ocr_par' dir='ltr' id='par_1_24' title="bbox 1173 1958 2222 2131">
     <span class='ocr_line' id='line_1_74' title="bbox 1232 1958 2221 2012; baseline 0.002 -16"><span class='ocrx_word' id='word_1_458' title='bbox 1232 1962 1491 2009; x_wconf 84' lang='lat' dir='ltr'><strong>Harpocratio</strong></span> <span class='ocrx_word' id='word_1_459' title='bbox 1513 1973 1522 1999; x_wconf 90' lang='lat'>:</span> <span class='ocrx_word' id='word_1_460' title='bbox 1539 1960 1723 2011; x_wconf 83' lang='grc' dir='ltr'>Ἀγυιᾶς...</span> <span class='ocrx_word' id='word_1_461' title='bbox 1742 1959 1892 2012; x_wconf 80' lang='grc' dir='ltr'>Ἀγυιεὺς</span> <span class='ocrx_word' id='word_1_462' title='bbox 1921 1958 1958 1999; x_wconf 86' lang='grc' dir='ltr'><strong>δέ</strong></span> <span class='ocrx_word' id='word_1_463' title='bbox 1977 1961 2051 1999; x_wconf 82' lang='grc' dir='ltr'>ἐστι</span> <span class='ocrx_word' id='word_1_464' title='bbox 2064 1959 2148 1998; x_wconf 89' lang='grc' dir='ltr'>κίων</span> <span class='ocrx_word' id='word_1_465' title='bbox 2172 1962 2221 2004; x_wconf 88' lang='grc' dir='ltr'><strong>εἷς</strong></span> 
     </span>
     <span class='ocr_line' id='line_1_75' title="bbox 1173 2012 2222 2073; baseline 0 -17"><span class='ocrx_word' id='word_1_466' title='bbox 1173 2017 1229 2062; x_wconf 80' lang='grc' dir='ltr'><strong>ὀξὺ</strong></span> <span class='ocrx_word' id='word_1_467' title='bbox 1245 2017 1378 2069; x_wconf 80' lang='grc' dir='ltr'>λήγων,</span> <span class='ocrx_word' id='word_1_468' title='bbox 1400 2018 1436 2056; x_wconf 85' lang='grc' dir='ltr'><strong>ὃν</strong></span> <span class='ocrx_word' id='word_1_469' title='bbox 1459 2021 1578 2057; x_wconf 77' lang='grc' dir='ltr'>ἱστᾶσι</span> <span class='ocrx_word' id='word_1_470' title='bbox 1595 2019 1661 2072; x_wconf 86' lang='grc' dir='ltr'>πρὸ</span> <span class='ocrx_word' id='word_1_471' title='bbox 1680 2022 1749 2058; x_wconf 81' lang='grc' dir='ltr'><strong>τῶν</strong></span> <span class='ocrx_word' id='word_1_472' title='bbox 1780 2022 1906 2072; x_wconf 76' lang='grc' dir='ltr'>θυρῶν.</span> <span class='ocrx_word' id='word_1_473' title='bbox 1926 2018 2050 2073; x_wconf 85' lang='grc' dir='ltr'>Ἰδίους</span> <span class='ocrx_word' id='word_1_474' title='bbox 2073 2019 2109 2057; x_wconf 86' lang='grc' dir='ltr'><strong>δὲ</strong></span> <span class='ocrx_word' id='word_1_475' title='bbox 2133 2012 2222 2057; x_wconf 74' lang='grc' dir='ltr'>εἷναί</span> 
     </span>
     <span class='ocr_line' id='line_1_76' title="bbox 1175 2075 2219 2131; baseline 0.001 -17"><span class='ocrx_word' id='word_1_476' title='bbox 1175 2091 1279 2129; x_wconf 87' lang='grc' dir='ltr'>φασιν</span> <span class='ocrx_word' id='word_1_477' title='bbox 1294 2075 1419 2122; x_wconf 81' lang='grc' dir='ltr'>αὐτους</span> <span class='ocrx_word' id='word_1_478' title='bbox 1434 2077 1664 2124; x_wconf 82' lang='grc' dir='ltr'>Ἀπόλλωνος,</span> <span class='ocrx_word' id='word_1_479' title='bbox 1683 2081 1714 2117; x_wconf 82' lang='grc' dir='ltr'>οἳ</span> <span class='ocrx_word' id='word_1_480' title='bbox 1729 2079 1764 2117; x_wconf 81' lang='grc' dir='ltr'><strong>δὲ</strong></span> <span class='ocrx_word' id='word_1_481' title='bbox 1781 2078 1961 2126; x_wconf 86' lang='grc' dir='ltr'>Διονύσου,</span> <span class='ocrx_word' id='word_1_482' title='bbox 1977 2080 2009 2117; x_wconf 77' lang='grc' dir='ltr'>οἵ</span> <span class='ocrx_word' id='word_1_483' title='bbox 2023 2078 2095 2116; x_wconf 81' lang='grc' dir='ltr'><strong>δὲ’</strong></span> <span class='ocrx_word' id='word_1_484' title='bbox 2075 2082 2219 2131; x_wconf 76' lang='grc' dir='ltr'>αμφοῖν.</span> 
     </span>
    </p>

    <p class='ocr_par' dir='ltr' id='par_1_25' title="bbox 1211 2134 2223 2188">
     <span class='ocr_line' id='line_1_77' title="bbox 1211 2134 2223 2188; baseline -0.001 -13.97"><span class='ocrx_word' id='word_1_485' title='bbox 1211 2134 1342 2174; x_wconf 78' lang='grc' dir='ltr'>,Φασι</span> <span class='ocrx_word' id='word_1_486' title='bbox 1364 2136 1394 2173; x_wconf 87' lang='grc' dir='ltr'><strong>δ’</strong></span> <span class='ocrx_word' id='word_1_487' title='bbox 1416 2136 1501 2174; x_wconf 79' lang='grc' dir='ltr'>αὐτὸ</span> <span class='ocrx_word' id='word_1_488' title='bbox 1520 2135 1606 2174; x_wconf 84' lang='grc' dir='ltr'>ἴδιον</span> <span class='ocrx_word' id='word_1_489' title='bbox 1625 2140 1713 2174; x_wconf 80' lang='grc' dir='ltr'>εἶναι</span> <span class='ocrx_word' id='word_1_490' title='bbox 1729 2136 1908 2188; x_wconf 87' lang='grc' dir='ltr'>Δωριεων,</span> <span class='ocrx_word' id='word_1_491' title='bbox 1938 2139 1984 2180; x_wconf 87' lang='grc' dir='ltr'><strong>ως</strong></span> <span class='ocrx_word' id='word_1_492' title='bbox 2004 2137 2111 2184; x_wconf 88' lang='grc' dir='ltr'>δηλον</span> <span class='ocrx_word' id='word_1_493' title='bbox 2131 2140 2223 2174; x_wconf 84' lang='grc' dir='ltr'>ποιεῖ</span> 
     </span>
    </p>
   </div>
   <div class='ocr_carea' id='block_1_22' title="bbox 1173 2193 2222 2247">
    <p class='ocr_par' dir='ltr' id='par_1_26' title="bbox 1173 2193 2222 2247">
     <span class='ocr_line' id='line_1_78' title="bbox 1173 2193 2222 2247; baseline -0.001 -14"><span class='ocrx_word' id='word_1_494' title='bbox 1173 2196 1233 2233; x_wconf 86' lang='grc' dir='ltr'><strong>Διε</strong></span> <span class='ocrx_word' id='word_1_495' title='bbox 1220 2193 1359 2246; x_wconf 71' lang='grc' dir='ltr'>ευχίδας</span> <span class='ocrx_word' id='word_1_496' title='bbox 1381 2195 1520 2245; x_wconf 87' lang='lat' dir='ltr'><strong>(codd.</strong></span> <span class='ocrx_word' id='word_1_497' title='bbox 1545 2197 1593 2234; x_wconf 83' lang='grc' dir='ltr'><strong>Δε</strong></span> <span class='ocrx_word' id='word_1_498' title='bbox 1579 2194 1739 2247; x_wconf 65' lang='grc' dir='ltr'>ευχίδαςς</span> <span class='ocrx_word' id='word_1_499' title='bbox 1767 2209 1841 2235; x_wconf 87' lang='lat' dir='ltr'><strong>em.</strong></span> <span class='ocrx_word' id='word_1_500' title='bbox 1861 2197 2020 2234; x_wconf 85' lang='lat' dir='ltr'><strong>casaub.</strong></span> <span class='ocrx_word' id='word_1_501' title='bbox 2033 2194 2080 2246; x_wconf 86' lang='lat'><strong>)&#39;</strong></span> <span class='ocrx_word' id='word_1_502' title='bbox 2065 2209 2100 2232; x_wconf 90' lang='grc' dir='ltr'><strong>εν</strong></span> <span class='ocrx_word' id='word_1_503' title='bbox 2127 2197 2171 2247; x_wconf 79' lang='grc' dir='ltr'><strong>τῇ</strong></span> <span class='ocrx_word' id='word_1_504' title='bbox 2190 2193 2222 2246; x_wconf 87' lang='grc' dir='ltr'><strong>γ’</strong></span> 
     </span>
    </p>
   </div>
   <div class='ocr_carea' id='block_1_23' title="bbox 1174 2254 1486 2305">
    <p class='ocr_par' dir='ltr' id='par_1_27' title="bbox 1174 2254 1486 2305">
     <span class='ocr_line' id='line_1_79' title="bbox 1174 2254 1486 2305; baseline 0 -15"><span class='ocrx_word' id='word_1_505' title='bbox 1174 2254 1242 2290; x_wconf 88' lang='grc' dir='ltr'><strong>τῶν</strong></span> <span class='ocrx_word' id='word_1_506' title='bbox 1261 2255 1486 2305; x_wconf 83' lang='grc' dir='ltr'>Μεγαρικῶν.</span> 
     </span>
    </p>
   </div>
   <div class='ocr_carea' id='block_1_24' title="bbox 1170 2364 2224 2932">
    <p class='ocr_par' dir='ltr' id='par_1_28' title="bbox 1170 2364 2224 2932">
     <span class='ocr_line' id='line_1_80' title="bbox 1171 2364 2222 2406; baseline -0.001 -10"><span class='ocrx_word' id='word_1_507' title='bbox 1171 2365 1283 2405; x_wconf 71' lang='lat' dir='ltr'><strong>Syriae.</strong></span> <span class='ocrx_word' id='word_1_508' title='bbox 1304 2365 1455 2397; x_wconf 86' lang='lat' dir='ltr'><strong>Provenit</strong></span> <span class='ocrx_word' id='word_1_509' title='bbox 1470 2365 1502 2396; x_wconf 88' lang='lat' dir='ltr'><strong>in</strong></span> <span class='ocrx_word' id='word_1_510' title='bbox 1519 2374 1558 2398; x_wconf 91' lang='lat' dir='ltr'><strong>eo</strong></span> <span class='ocrx_word' id='word_1_511' title='bbox 1571 2367 1681 2398; x_wconf 87' lang='lat' dir='ltr'><strong>monte</strong></span> <span class='ocrx_word' id='word_1_512' title='bbox 1697 2365 1793 2406; x_wconf 87' lang='lat' dir='ltr'><strong>lapis,</strong></span> <span class='ocrx_word' id='word_1_513' title='bbox 1815 2374 1911 2406; x_wconf 89' lang='lat' dir='ltr'><strong>quem</strong></span> <span class='ocrx_word' id='word_1_514' title='bbox 1933 2365 1974 2397; x_wconf 88' lang='lat' dir='ltr'><strong>ab</strong></span> <span class='ocrx_word' id='word_1_515' title='bbox 1987 2365 2104 2397; x_wconf 85' lang='lat' dir='ltr'><strong>eventu</strong></span> <span class='ocrx_word' id='word_1_516' title='bbox 2118 2364 2222 2405; x_wconf 82' lang='lat' dir='ltr'><strong>cylin-</strong></span> 
     </span>
     <span class='ocr_line' id='line_1_81' title="bbox 1173 2416 2221 2458; baseline 0 -12"><span class='ocrx_word' id='word_1_517' title='bbox 1173 2416 1268 2447; x_wconf 88' lang='lat' dir='ltr'><strong>drum</strong></span> <span class='ocrx_word' id='word_1_518' title='bbox 1289 2421 1426 2456; x_wconf 88' lang='lat' dir='ltr'><strong>vocant;</strong></span> <span class='ocrx_word' id='word_1_519' title='bbox 1443 2425 1518 2448; x_wconf 89' lang='lat' dir='ltr'><strong>nam</strong></span> <span class='ocrx_word' id='word_1_520' title='bbox 1534 2417 1788 2458; x_wconf 87' lang='lat' dir='ltr'><strong>quotiescunque</strong></span> <span class='ocrx_word' id='word_1_521' title='bbox 1805 2417 1947 2457; x_wconf 80' lang='lat' dir='ltr'><strong>fulgurat</strong></span> <span class='ocrx_word' id='word_1_522' title='bbox 1965 2418 2023 2448; x_wconf 87' lang='lat' dir='ltr'><strong>aut</strong></span> <span class='ocrx_word' id='word_1_523' title='bbox 2041 2417 2131 2447; x_wconf 82' lang='lat' dir='ltr'><strong>tonat</strong></span> <span class='ocrx_word' id='word_1_524' title='bbox 2145 2417 2221 2456; x_wconf 85' lang='lat' dir='ltr'><strong>Jup-</strong></span> 
     </span>
     <span class='ocr_line' id='line_1_82' title="bbox 1175 2467 2224 2509; baseline 0 -11"><span class='ocrx_word' id='word_1_525' title='bbox 1175 2467 1270 2507; x_wconf 69' lang='lat' dir='ltr'><strong>puer,</strong></span> <span class='ocrx_word' id='word_1_526' title='bbox 1290 2468 1385 2499; x_wconf 88' lang='lat' dir='ltr'><strong>toties</strong></span> <span class='ocrx_word' id='word_1_527' title='bbox 1399 2467 1440 2499; x_wconf 93' lang='lat' dir='ltr'><strong>de</strong></span> <span class='ocrx_word' id='word_1_528' title='bbox 1464 2469 1632 2500; x_wconf 85' lang='lat' dir='ltr'><strong>cacumine</strong></span> <span class='ocrx_word' id='word_1_529' title='bbox 1653 2477 1720 2509; x_wconf 83' lang='lat' dir='ltr'><strong>prae</strong></span> <span class='ocrx_word' id='word_1_530' title='bbox 1741 2468 1857 2500; x_wconf 84' lang='lat' dir='ltr'><strong>timore</strong></span> <span class='ocrx_word' id='word_1_531' title='bbox 1871 2467 2030 2507; x_wconf 85' lang='lat' dir='ltr'><strong>volvitur,</strong></span> <span class='ocrx_word' id='word_1_532' title='bbox 2054 2468 2091 2499; x_wconf 87' lang='lat' dir='ltr'><strong>ut</strong></span> <span class='ocrx_word' id='word_1_533' title='bbox 2113 2467 2224 2499; x_wconf 82' lang='lat' dir='ltr'><strong>narrat</strong></span> 
     </span>
     <span class='ocr_line' id='line_1_83' title="bbox 1173 2520 1692 2561; baseline 0.002 -10"><span class='ocrx_word' id='word_1_534' title='bbox 1173 2520 1332 2560; x_wconf 81' lang='lat' dir='ltr'><strong>Dercylus</strong></span> <span class='ocrx_word' id='word_1_535' title='bbox 1347 2520 1450 2561; x_wconf 90' lang='lat' dir='ltr'><strong>primo</strong></span> <span class='ocrx_word' id='word_1_536' title='bbox 1460 2523 1508 2553; x_wconf 91' lang='lat' dir='ltr'><strong>De</strong></span> <span class='ocrx_word' id='word_1_537' title='bbox 1519 2520 1692 2561; x_wconf 85' lang='lat' dir='ltr'><strong>lapidibus.</strong></span> 
     </span>
     <span class='ocr_line' id='line_1_84' title="bbox 1675 2575 1732 2608; baseline -0.018 0"><span class='ocrx_word' id='word_1_538' title='bbox 1675 2575 1732 2608; x_wconf 90' lang='lat'><strong>11.</strong></span> 
     </span>
     <span class='ocr_line' id='line_1_85' title="bbox 1216 2625 2223 2670; baseline -0.004 -9"><span class='ocrx_word' id='word_1_539' title='bbox 1216 2629 1371 2670; x_wconf 74' lang='lat' dir='ltr'><strong>Dercylus</strong></span> <span class='ocrx_word' id='word_1_540' title='bbox 1392 2631 1501 2661; x_wconf 84' lang='lat' dir='ltr'><strong>narrat</strong></span> <span class='ocrx_word' id='word_1_541' title='bbox 1522 2630 1609 2662; x_wconf 89' lang='lat' dir='ltr'><strong>nasci</strong></span> <span class='ocrx_word' id='word_1_542' title='bbox 1632 2630 1665 2662; x_wconf 91' lang='lat' dir='ltr'><strong>in</strong></span> <span class='ocrx_word' id='word_1_543' title='bbox 1681 2629 1828 2670; x_wconf 84' lang='lat' dir='ltr'><strong>Hydaspe</strong></span> <span class='ocrx_word' id='word_1_544' title='bbox 1846 2628 1984 2669; x_wconf 84' lang='lat' dir='ltr'><strong>lapidem</strong></span> <span class='ocrx_word' id='word_1_545' title='bbox 1997 2651 2006 2668; x_wconf 92' lang='lat'>,</span> <span class='ocrx_word' id='word_1_546' title='bbox 2022 2626 2077 2668; x_wconf 85' lang='lat' dir='ltr'><strong>qui</strong></span> <span class='ocrx_word' id='word_1_547' title='bbox 2098 2625 2223 2667; x_wconf 85' lang='lat' dir='ltr'><strong>lyclmis</strong></span> 
     </span>
     <span class='ocr_line' id='line_1_86' title="bbox 1172 2678 2138 2722; baseline -0.003 -10"><span class='ocrx_word' id='word_1_548' title='bbox 1172 2681 1371 2722; x_wconf 86' lang='lat' dir='ltr'><strong>nominatur,</strong></span> <span class='ocrx_word' id='word_1_549' title='bbox 1385 2681 1441 2721; x_wconf 87' lang='lat' dir='ltr'><strong>qui</strong></span> <span class='ocrx_word' id='word_1_550' title='bbox 1452 2683 1615 2713; x_wconf 82' lang='lat' dir='ltr'><strong>crescente</strong></span> <span class='ocrx_word' id='word_1_551' title='bbox 1632 2682 1708 2713; x_wconf 87' lang='lat' dir='ltr'><strong>luna</strong></span> <span class='ocrx_word' id='word_1_552' title='bbox 1720 2689 1836 2713; x_wconf 91' lang='lat' dir='ltr'><strong>sonum</strong></span> <span class='ocrx_word' id='word_1_553' title='bbox 1853 2680 2049 2713; x_wconf 89' lang='lat' dir='ltr'><strong>melodicum</strong></span> <span class='ocrx_word' id='word_1_554' title='bbox 2061 2678 2138 2710; x_wconf 89' lang='lat' dir='ltr'><strong>edit.</strong></span> 
     </span>
     <span class='ocr_line' id='line_1_87' title="bbox 1667 2736 1723 2767; baseline -0.018 0"><span class='ocrx_word' id='word_1_555' title='bbox 1667 2736 1723 2767; x_wconf 87' lang='lat'><strong>12.</strong></span> 
     </span>
     <span class='ocr_line' id='line_1_88' title="bbox 1216 2785 2219 2829; baseline -0.002 -9"><span class='ocrx_word' id='word_1_556' title='bbox 1216 2789 1363 2820; x_wconf 88' lang='lat' dir='ltr'><strong>Nascitur</strong></span> <span class='ocrx_word' id='word_1_557' title='bbox 1388 2789 1420 2820; x_wconf 94' lang='lat' dir='ltr'><strong>in</strong></span> <span class='ocrx_word' id='word_1_558' title='bbox 1446 2790 1571 2829; x_wconf 82' lang='lat' dir='ltr'><strong>Marsya</strong></span> <span class='ocrx_word' id='word_1_559' title='bbox 1594 2788 1693 2821; x_wconf 90' lang='lat' dir='ltr'><strong>ssuvio</strong></span> <span class='ocrx_word' id='word_1_560' title='bbox 1721 2789 1819 2821; x_wconf 86' lang='lat' dir='ltr'><strong>herba</strong></span> <span class='ocrx_word' id='word_1_561' title='bbox 1847 2789 1961 2827; x_wconf 89' lang='lat' dir='ltr'><strong>aulus,</strong></span> <span class='ocrx_word' id='word_1_562' title='bbox 1983 2787 2014 2819; x_wconf 92' lang='lat' dir='ltr'><strong>id</strong></span> <span class='ocrx_word' id='word_1_563' title='bbox 2040 2787 2088 2819; x_wconf 89' lang='lat' dir='ltr'><strong>est</strong></span> <span class='ocrx_word' id='word_1_564' title='bbox 2112 2785 2219 2822; x_wconf 73' lang='lat' dir='ltr'><strong>tibia,</strong></span> 
     </span>
     <span class='ocr_line' id='line_1_89' title="bbox 1170 2837 2221 2880; baseline -0.002 -10"><span class='ocrx_word' id='word_1_565' title='bbox 1170 2839 1277 2880; x_wconf 86' lang='lat' dir='ltr'><strong>dicta,</strong></span> <span class='ocrx_word' id='word_1_566' title='bbox 1294 2848 1368 2880; x_wconf 81' lang='lat' dir='ltr'><strong>quae</strong></span> <span class='ocrx_word' id='word_1_567' title='bbox 1387 2840 1411 2871; x_wconf 91' lang='lat' dir='ltr'><strong>si</strong></span> <span class='ocrx_word' id='word_1_568' title='bbox 1429 2840 1469 2871; x_wconf 84' lang='lat' dir='ltr'><strong>ad</strong></span> <span class='ocrx_word' id='word_1_569' title='bbox 1494 2842 1629 2871; x_wconf 86' lang='lat' dir='ltr'><strong>ventum</strong></span> <span class='ocrx_word' id='word_1_570' title='bbox 1658 2842 1839 2880; x_wconf 85' lang='lat' dir='ltr'><strong>moveatur,</strong></span> <span class='ocrx_word' id='word_1_571' title='bbox 1863 2839 2001 2871; x_wconf 86' lang='lat' dir='ltr'><strong>musicos</strong></span> <span class='ocrx_word' id='word_1_572' title='bbox 2021 2846 2117 2870; x_wconf 80' lang='lat' dir='ltr'><strong>sonos</strong></span> <span class='ocrx_word' id='word_1_573' title='bbox 2136 2837 2221 2876; x_wconf 81' lang='lat' dir='ltr'><strong>edit,</strong></span> 
     </span>
     <span class='ocr_line' id='line_1_90' title="bbox 1172 2892 1961 2932; baseline -0.001 -9"><span class='ocrx_word' id='word_1_574' title='bbox 1172 2892 1328 2924; x_wconf 82' lang='lat' dir='ltr'><strong>referente</strong></span> <span class='ocrx_word' id='word_1_575' title='bbox 1348 2892 1485 2932; x_wconf 84' lang='lat' dir='ltr'><strong>Dercylo</strong></span> <span class='ocrx_word' id='word_1_576' title='bbox 1510 2892 1590 2923; x_wconf 91' lang='lat' dir='ltr'><strong>libro</strong></span> <span class='ocrx_word' id='word_1_577' title='bbox 1609 2892 1712 2932; x_wconf 88' lang='lat' dir='ltr'><strong>primo</strong></span> <span class='ocrx_word' id='word_1_578' title='bbox 1731 2892 1961 2932; x_wconf 84' lang='lat' dir='ltr'><strong>Satyricorum.</strong></span> 
     </span>
    </p>
   </div>
   <div class='ocr_carea' id='block_1_25' title="bbox 1554 2976 1839 3015">
    <p class='ocr_par' dir='ltr' id='par_1_29' title="bbox 1554 2976 1839 3015">
     <span class='ocr_line' id='line_1_91' title="bbox 1554 2976 1839 3015; baseline 0 -1"><span class='ocrx_word' id='word_1_579' title='bbox 1554 2976 1839 3015; x_wconf 83' lang='lat' dir='ltr'><strong>MEGARICA.</strong></span> 
     </span>
    </p>
   </div>
   <div class='ocr_carea' id='block_1_26' title="bbox 1688 3060 1717 3092">
    <p class='ocr_par' dir='ltr' id='par_1_30' title="bbox 1688 3060 1717 3092">
     <span class='ocr_line' id='line_1_92' title="bbox 1688 3060 1717 3092; baseline -0.069 0"><span class='ocrx_word' id='word_1_580' title='bbox 1688 3060 1717 3092; x_wconf 88' lang='lat'><strong>1.</strong></span> 
     </span>
    </p>
   </div>
   <div class='ocr_carea' id='block_1_27' title="bbox 1175 3115 2221 3469">
    <p class='ocr_par' dir='ltr' id='par_1_31' title="bbox 1176 3115 2221 3203">
     <span class='ocr_line' id='line_1_93' title="bbox 1214 3115 2221 3159; baseline -0.004 -8"><span class='ocrx_word' id='word_1_581' title='bbox 1214 3118 1406 3151; x_wconf 87' lang='lat' dir='ltr'><strong>Dieuchidas</strong></span> <span class='ocrx_word' id='word_1_582' title='bbox 1416 3119 1590 3159; x_wconf 84' lang='lat' dir='ltr'><strong>Megaricus</strong></span> <span class='ocrx_word' id='word_1_583' title='bbox 1607 3119 1735 3151; x_wconf 91' lang='lat' dir='ltr'><strong>initium</strong></span> <span class='ocrx_word' id='word_1_584' title='bbox 1752 3118 1892 3151; x_wconf 83' lang='lat' dir='ltr'><strong>historiae</strong></span> <span class='ocrx_word' id='word_1_585' title='bbox 1901 3126 1968 3150; x_wconf 83' lang='lat' dir='ltr'><strong>suae</strong></span> <span class='ocrx_word' id='word_1_586' title='bbox 1981 3126 1999 3150; x_wconf 93' lang='lat' dir='ltr'><strong>e</strong></span> <span class='ocrx_word' id='word_1_587' title='bbox 2012 3115 2221 3149; x_wconf 81' lang='lat' dir='ltr'><strong>Deucalionia</strong></span> 
     </span>
     <span class='ocr_line' id='line_1_94' title="bbox 1176 3171 1415 3203; baseline -0.004 -1"><span class='ocrx_word' id='word_1_588' title='bbox 1176 3172 1342 3203; x_wconf 87' lang='lat' dir='ltr'><strong>mutuatus</strong></span> <span class='ocrx_word' id='word_1_589' title='bbox 1356 3171 1415 3202; x_wconf 87' lang='lat' dir='ltr'><strong>est.</strong></span> 
     </span>
    </p>

    <p class='ocr_par' dir='ltr' id='par_1_32' title="bbox 1677 3219 1712 3251">
     <span class='ocr_line' id='line_1_95' title="bbox 1677 3219 1712 3251; baseline 0.029 -1"><span class='ocrx_word' id='word_1_590' title='bbox 1677 3219 1712 3251; x_wconf 87' lang='lat'><strong>2.</strong></span> 
     </span>
    </p>

    <p class='ocr_par' dir='ltr' id='par_1_33' title="bbox 1175 3271 2221 3469">
     <span class='ocr_line' id='line_1_96' title="bbox 1216 3271 2220 3316; baseline -0.005 -9"><span class='ocrx_word' id='word_1_591' title='bbox 1216 3275 1353 3316; x_wconf 72' lang='lat' dir='ltr'><strong>Agyieus</strong></span> <span class='ocrx_word' id='word_1_592' title='bbox 1368 3276 1415 3306; x_wconf 82' lang='lat' dir='ltr'><strong>est</strong></span> <span class='ocrx_word' id='word_1_593' title='bbox 1438 3274 1587 3306; x_wconf 87' lang='lat' dir='ltr'><strong>columna</strong></span> <span class='ocrx_word' id='word_1_594' title='bbox 1606 3273 1639 3305; x_wconf 95' lang='lat' dir='ltr'><strong>in</strong></span> <span class='ocrx_word' id='word_1_595' title='bbox 1655 3275 1786 3305; x_wconf 88' lang='lat' dir='ltr'><strong>acutum</strong></span> <span class='ocrx_word' id='word_1_596' title='bbox 1802 3273 1967 3311; x_wconf 88' lang='lat' dir='ltr'><strong>desinens,</strong></span> <span class='ocrx_word' id='word_1_597' title='bbox 1981 3281 2080 3313; x_wconf 84' lang='lat' dir='ltr'><strong>quam</strong></span> <span class='ocrx_word' id='word_1_598' title='bbox 2099 3279 2157 3312; x_wconf 87' lang='lat' dir='ltr'><strong>pro</strong></span> <span class='ocrx_word' id='word_1_599' title='bbox 2175 3271 2220 3302; x_wconf 82' lang='lat' dir='ltr'><strong>so-</strong></span> 
     </span>
     <span class='ocr_line' id='line_1_97' title="bbox 1176 3323 2221 3365; baseline -0.004 -7"><span class='ocrx_word' id='word_1_600' title='bbox 1176 3327 1264 3358; x_wconf 88' lang='lat' dir='ltr'><strong>ribus</strong></span> <span class='ocrx_word' id='word_1_601' title='bbox 1278 3326 1437 3359; x_wconf 79' lang='lat' dir='ltr'><strong>statuunt.</strong></span> <span class='ocrx_word' id='word_1_602' title='bbox 1457 3327 1518 3356; x_wconf 78' lang='lat' dir='ltr'><strong>Eas</strong></span> <span class='ocrx_word' id='word_1_603' title='bbox 1532 3325 1583 3356; x_wconf 71' lang='lat' dir='ltr'><strong>alii</strong></span> <span class='ocrx_word' id='word_1_604' title='bbox 1609 3325 1745 3365; x_wconf 88' lang='lat' dir='ltr'><strong>Apollini</strong></span> <span class='ocrx_word' id='word_1_605' title='bbox 1759 3349 1768 3364; x_wconf 90' lang='lat'>,</span> <span class='ocrx_word' id='word_1_606' title='bbox 1785 3325 1838 3356; x_wconf 83' lang='lat' dir='ltr'><strong>alii</strong></span> <span class='ocrx_word' id='word_1_607' title='bbox 1855 3324 1979 3356; x_wconf 81' lang='lat' dir='ltr'><strong>Baccho</strong></span> <span class='ocrx_word' id='word_1_608' title='bbox 1991 3348 2000 3362; x_wconf 91' lang='lat'><strong>,</strong></span> <span class='ocrx_word' id='word_1_609' title='bbox 2019 3323 2070 3355; x_wconf 90' lang='lat' dir='ltr'><strong>alii</strong></span> <span class='ocrx_word' id='word_1_610' title='bbox 2091 3323 2221 3362; x_wconf 83' lang='lat' dir='ltr'><strong>utrique</strong></span> 
     </span>
     <span class='ocr_line' id='line_1_98' title="bbox 1175 3375 2219 3416; baseline -0.005 -6"><span class='ocrx_word' id='word_1_611' title='bbox 1175 3387 1281 3410; x_wconf 87' lang='lat' dir='ltr'><strong>sacras</strong></span> <span class='ocrx_word' id='word_1_612' title='bbox 1300 3386 1367 3410; x_wconf 86' lang='lat' dir='ltr'><strong>esse</strong></span> <span class='ocrx_word' id='word_1_613' title='bbox 1382 3377 1548 3408; x_wconf 62' lang='lat' dir='ltr'><strong>dicunt...</strong></span> <span class='ocrx_word' id='word_1_614' title='bbox 1569 3376 1665 3408; x_wconf 85' lang='lat' dir='ltr'><strong>Aiunt</strong></span> <span class='ocrx_word' id='word_1_615' title='bbox 1689 3385 1765 3407; x_wconf 87' lang='lat' dir='ltr'><strong>vero</strong></span> <span class='ocrx_word' id='word_1_616' title='bbox 1791 3375 1954 3416; x_wconf 87' lang='lat' dir='ltr'><strong>proprium</strong></span> <span class='ocrx_word' id='word_1_617' title='bbox 1977 3375 2038 3406; x_wconf 88' lang='lat' dir='ltr'><strong>hoc</strong></span> <span class='ocrx_word' id='word_1_618' title='bbox 2059 3383 2127 3406; x_wconf 86' lang='lat' dir='ltr'><strong>esse</strong></span> <span class='ocrx_word' id='word_1_619' title='bbox 2152 3376 2219 3405; x_wconf 93' lang='lat' dir='ltr'><strong>Do-</strong></span> 
     </span>
     <span class='ocr_line' id='line_1_99' title="bbox 1177 3426 2158 3469; baseline -0.005 -7"><span class='ocrx_word' id='word_1_620' title='bbox 1177 3430 1327 3462; x_wconf 88' lang='lat' dir='ltr'><strong>riensium</strong></span> <span class='ocrx_word' id='word_1_621' title='bbox 1339 3453 1347 3469; x_wconf 85' lang='lat'>,</span> <span class='ocrx_word' id='word_1_622' title='bbox 1362 3430 1397 3461; x_wconf 91' lang='lat' dir='ltr'><strong>ut</strong></span> <span class='ocrx_word' id='word_1_623' title='bbox 1411 3428 1542 3469; x_wconf 79' lang='lat' dir='ltr'><strong>exponit</strong></span> <span class='ocrx_word' id='word_1_624' title='bbox 1555 3427 1743 3460; x_wconf 85' lang='lat' dir='ltr'><strong>Dieuchidas</strong></span> <span class='ocrx_word' id='word_1_625' title='bbox 1757 3427 1789 3459; x_wconf 90' lang='lat' dir='ltr'><strong>in</strong></span> <span class='ocrx_word' id='word_1_626' title='bbox 1803 3427 1897 3459; x_wconf 87' lang='lat' dir='ltr'><strong>tertio</strong></span> <span class='ocrx_word' id='word_1_627' title='bbox 1914 3426 2158 3466; x_wconf 81' lang='lat' dir='ltr'><strong>Megaricorum.</strong></span> 
     </span>
    </p>
   </div>
  </div>
 </body>
</html>
