2372 3704
1047 253 1376 295 FRAGMENTA.

621 345 707 384 126.

189 429 281 466 Exc.
303 429 361 464 De
381 426 451 462 ins.
480 438 521 475 p.
543 425 591 473 37
616 438 624 461 ε
645 417 757 467 Οῧτος
781 423 971 474 πυθόμενος
1006 423 1068 472 τὴν
1100 422 1189 465 Ῥω-

138 485 251 535 μαίων
286 482 400 536 ἀρχὴν
418 481 593 534 μετέωρον
613 481 806 535 φερομένην
825 482 1053 536 ἁρπάζεσθαι,
1078 499 1190 522 κατα-

135 541 238 595 γνοὺς
256 545 316 581 τοῦ
338 540 400 593 μὲν
423 540 613 595 ῥαθυμίαν,
635 544 693 579 τοῦ
711 541 748 579 δὲ
764 541 981 594 δυσπραγίαν
995 540 1188 593 (ἐνέπειθον

135 601 173 640 δὲ
193 600 297 640 αὗτὸν
315 600 376 640 καὶ
395 600 557 654 ὀνείρατα
575 599 635 638 καὶ
648 599 805 652 χρησμοὶ
823 599 882 638 καὶ
899 599 1075 651 σύμὸολα·
1099 600 1139 639 τό
1149 617 1188 653 γε

137 661 336 699 τελευταῖον
358 659 456 714 ᾠήθη
466 658 526 713 τὸν
545 658 748 711 Περτίνακα
769 659 852 697 ἰδεῖν
883 661 936 712 ἐφ’
952 658 1061 698 ἵππου
1089 666 1187 713 προϊ-

135 717 219 758 όντα
230 749 240 767 ,
260 719 319 758 τὸν
343 717 379 770 δὲ
395 717 504 757 ἵππον
522 719 650 756 ἐκεῖνον
667 717 731 769 μὲν
760 717 1052 770 ἀποσεισάμενον,
1070 718 1188 766 2565]-

137 794 195 831 ρον
215 778 252 817 δὲ
283 777 526 824 ἀναλαὸόντα)
551 792 559 801 ·
595 776 686 815 οὕτω
713 776 828 815 τοίνυν
857 779 875 815 ὁ
898 777 1054 831 Σεὸἧρος
1076 778 1189 831 ἀρθεὶς

135 837 199 885 τὴν
217 838 360 890 γνώμην
382 836 577 888 ἀπόπειραν
599 838 668 874 τῶν
689 838 911 888 στρατιωτῶν
937 837 1100 877 ἐποιεῖτο.
1130 839 1188 877 Τὰ

139 895 202 947 μὲν
232 899 356 950 πρῶτα
388 896 467 935 κατ’
495 895 629 944 ὀλίγους
647 894 821 946 ἡγεμόνας
839 894 952 933 τεκαὶ
983 895 1188 949 χιλιάρχους

135 955 367 1006 οἰκειούμενος
379 984 390 1003 ,
410 955 491 1007 περὶ
514 958 575 1002 τῆς
594 953 786 1005 Ῥωμαίων
808 955 919 1006 ἀρχῆς
931 954 1102 1006 διελέγετο
1115 986 1125 1003 ,
1142 958 1188 1001 ὡς

135 1014 333 1068 ἐρέρριπτο,
355 1014 491 1058 οὐδενὸς
513 1013 609 1058 ὄντος
626 1017 686 1052 τοῦ
705 1015 784 1052 κατ’
796 1013 898 1058 ἀξίαν
917 1012 1025 1060 αὐτὴν
1045 1014 1187 1066 λαμὸά-

133 1088 249 1118 νοντος
269 1073 330 1112 καὶ
346 1073 561 1127 Περτίνακος
589 1071 688 1125 φόνον
717 1074 917 1119 ζητοῦντος·
945 1070 1087 1124 ἡγεμὼν
1120 1071 1187 1125 γὰρ

134 1135 204 1171 τῶν
225 1133 404 1185 Ἰλλυριῶν
426 1131 484 1170 ἐπὶ
505 1130 653 1183 Μάρκου
677 1130 854 1176 καταστὰς
872 1134 890 1170 ὃ
906 1129 1078 1183 Περτίναξ
1097 1131 1187 1182 μνή-

137 1207 205 1243 μης
220 1186 294 1244 εἶχε
311 1191 395 1244 παρ’
409 1191 526 1234 αὐτοῖς
549 1190 722 1242 μεγάλως.
858 1240 866 1243 χ

188 1263 221 1291 2.
249 1252 412 1290 Τοιαῦτα
429 1249 542 1288 τοίνυν
563 1248 722 1300 λέγοντος
740 1251 800 1287 τοῦ
821 1247 1001 1300 Σεὸήρου,
1018 1247 1187 1286 ἐπέδοσαν

134 1308 276 1354 ἑαυτοὺς
297 1311 328 1347 οἱ
360 1310 593 1362 στρατιῶται,
620 1307 778 1358 μάλιστα
798 1307 854 1346 διὰ
880 1307 938 1346 τὸν
973 1306 1188 1359 Περτίνακος

135 1368 252 1422 φόνον,
274 1366 366 1406 ὥστε
401 1369 625 1420 παραχρῆμα
655 1365 716 1404 καὶ
740 1365 980 1419 αὐτοκράτορα
1009 1365 1187 1410 ἀποδεῖξαι

134 1426 192 1465 τὸν
205 1426 381 1479 Σεόἧρον.
399 1425 445 1465 Ὁ
461 1425 497 1464 δὲ
524 1424 588 1473 τὴν
607 1424 720 1478 ἀρχὴν
741 1424 1016 1476 ὑποδεξάμενος,
1035 1424 1097 1463 καί
1110 1439 1187 1463 τινα

134 1484 400 1537 προδιαλεχθεὶς
428 1487 479 1538 τῷ
514 1484 763 1537 στρατοπέδῳ,
791 1483 915 1528 εὐθέως
948 1481 1011 1529 τὴν
1040 1483 1097 1521 ἐπὶ
1124 1482 1188 1530 τὴν

134 1543 281 1595 Ῥώμην
302 1543 416 1597 ἄφιξιν
436 1543 708 1597 προηγόρευσεν,
725 1542 842 1595 ὀλίγον
863 1541 941 1580 τινὰ
962 1541 1039 1585 δοὺς
1067 1541 1187 1594 καιρὸν

133 1603 205 1647 τοῖς
224 1601 455 1656 στρατιώταις
482 1600 725 1646 ἀναπαύσεως.
756 1601 818 1645 Ὡς
850 1600 886 1639 δὲ
914 1603 975 1647 τῆς
994 1599 1189 1653 ὁδοιπορίας

134 1661 286 1714 ἤρξατο,
323 1662 478 1712 οὗδαμοῦ
509 1660 642 1714 τρυφὴν
683 1659 869 1713 βασιλικὴν
913 1659 1189 1710 ἐνδεικνύμενος,

136 1719 228 1760 ἀλλὰ
242 1719 305 1759 σὺν
322 1722 394 1764 τοῖς
411 1718 642 1773 στρατιώταις
663 1719 887 1770 διαιτώμενος
898 1749 908 1767 ,
925 1718 1053 1765 ἐπέστη
1068 1733 1104 1756 τε
1120 1721 1190 1762 τοῖς

133 1783 195 1827 τῆς
207 1778 362 1824 Ἰταλίας
380 1779 470 1831 ὅροις
481 1808 492 1828 ,
511 1778 574 1826 τήν
590 1794 627 1817 τε
641 1778 762 1832 φήμην
779 1777 982 1830 προφθάσας
998 1782 1067 1821 τοῖς
1079 1779 1190 1816 ἐκεῖσε

137 1837 260 1892 παρὼν
291 1836 412 1892 ὤφθη·
431 1836 492 1876 καὶ
511 1836 638 1881 πάντες
667 1836 771 1875 αὐτὸν
798 1837 1097 1889 δαφνηφοροῦντες
1127 1836 1190 1874 καὶ

137 1903 214 1942 ταῖς
245 1897 373 1942 πύλαις
395 1896 631 1949 ἠνεωγμέναις
655 1896 827 1949 ἐδέχοντο.
847 1895 934 1948 [Ὡς
962 1895 997 1934 δὲ
1011 1899 1122 1934 ταῦτα
1140 1898 1189 1948 τῷ

136 1956 319 2009 Ἰουλιανῷ
335 1955 594 2007 ἀπηγγέλλετο,
614 1956 649 1993 ἐν
670 1955 806 2007 ἐσχάτῃ
825 1954 1020 2006 ἀπογνώσει
1033 1949 1116 2006 ἧν,]
1131 1958 1189 1993 τοῦ

136 2013 199 2066 μὲν
219 2019 369 2068 στρατοῦ
396 2016 459 2061 τὴν
488 2012 634 2065 δύναμιν
651 2014 711 2053 καὶ
730 2013 770 2053 τὸ
788 2015 919 2060 πλῆθος
943 2013 1090 2061 ἀκούων,
1113 2013 1190 2052 οὔτε

135 2074 172 2112 δὲ
187 2076 237 2128 τῷ
259 2073 362 2126 δήμῳ
380 2073 566 2120 πιστεύων,
588 2071 666 2111 οὔτε
694 2078 766 2117 τοῖς
786 2071 1018 2125 στρατιώταις
1047 2074 1185 2124 θαρρῶν

137 2131 196 2177 οὒς
227 2132 414 2186 ἐψεύσατο.
439 2131 510 2171 Καὶ
532 2131 590 2170 διὰ
609 2135 711 2171 τοῦτο
731 2130 808 2170 οὐδὲ
829 2134 889 2178 τῆς
905 2130 1040 2174 πόλεως
1061 2132 1191 2183 προελ-

135 2189 206 2230 θεῖν
226 2191 376 2242 ἐτόλμα,
405 2189 500 2229 ἀλλὰ
521 2190 567 2228 τὰ
602 2189 698 2228 ἔνδον
718 2189 1026 2242 παρασκευάζετο,
1054 2190 1100 2231 ὡς
1126 2187 1188 2235 τὴν

136 2249 298 2303 Σεὸήρου
318 2249 437 2303 μάχην
453 2251 488 2288 ἐν
508 2252 552 2302 τῇ
568 2249 667 2287 πόλει
683 2247 925 2299 ποιησόμενος.

189 2323 220 2350 3.
253 2309 411 2349 Ἐκείνου
428 2307 465 2346 δὲ
477 2312 589 2347 ταῦτα
613 2306 824 2360 βουλομένου
838 2336 848 2354 ,
870 2309 887 2344 ὃ
910 2304 1066 2358 Σεὸἢρος
1087 2304 1189 2344 κατέ-

139 2368 228 2407 λαὸε
246 2367 290 2407 τὰ
306 2368 428 2421 τείχη,
446 2367 508 2406 καὶ
525 2367 658 2406 κελεύει
678 2365 735 2404 διὰ
756 2365 872 2412 πάσης
890 2366 969 2403 ὁδοῦ
1003 2364 1189 2402 λανθάνον-

137 2444 199 2472 τας
219 2428 278 2467 καὶ
303 2428 518 2481 κρύπτοντας
534 2425 579 2466 τὰ
601 2425 693 2465 ὅπλα
709 2428 743 2464 ἐν
764 2426 910 2463 ἰδιωτῶν
932 2422 1091 2476 σχήματι
1113 2426 1188 2462 εἷσ-

140 2488 240 2526 δῦναι
255 2486 334 2532 τοὺς
360 2485 588 2539 στρατιώτας·
606 2485 666 2523 καὶ
677 2485 745 2532 ἤδη
761 2486 792 2523 οἱ
803 2483 964 2534 πολέμιοι
978 2482 1074 2521 ἔνδον
1084 2477 1187 2530 ἦσαν,

137 2547 199 2583 τοῦ
213 2545 404 2585 Ἰουλιανοῦ
424 2544 682 2589 ἐξυπτιάζοντος
709 2542 768 2581 καὶ
788 2544 989 2594 ἀγνοοῦντος
1011 2541 1055 2580 τὰ
1073 2557 1187 2594 πρατ-

138 2604 283 2656 τόμενα.
300 2603 447 2651 Ἐπειδὴ
469 2603 506 2642 δὲ
522 2606 633 2642 ταῦτα
654 2602 829 2641 διάπυστα
844 2604 894 2654 τῷ
913 2601 1014 2654 δήμῳ
1036 2600 1184 2652 ἐγένετο,

2210 271 2285 304 587

1253 342 1287 379 ἐν
1309 343 1423 394 πολλῇ
1445 345 1584 395 ταραχῇ
1605 342 1678 381 ὄντι
1697 343 1754 382 διὰ
1774 344 1836 392 τὴν
1869 347 2012 398 δύναμιν
2030 351 2089 387 τοῦ
2113 348 2271 402 Σεὸήρου
2284 381 2294 397 ,

1251 399 1295 437 τὰ
1315 400 1446 439 ἐκείνου
1463 402 1598 458 φρονεῖν
1623 408 1912 455 προσεποιοῦντο,
1928 410 1988 445 τοῦ
2018 409 2080 457 μὲν
2100 407 2293 448 Ἰουλιανοῦ

1251 458 1571 511 καταγινώσκοντες
1599 461 1815 513 ἀνανδρείαν,
1828 467 1887 501 τοῦ
1905 463 1941 502 δὲ
1974 464 2104 518 Νίγρου
2126 466 2293 516 μέλλησίν

1250 533 1286 556 τε
1302 518 1362 556 καὶ
1383 519 1568 572 ῥᾳθυμίαν,
1586 518 1629 559 Ὁ
1649 519 1685 557 δὲ
1705 520 1887 565 Ἰουλιανὸς
1905 523 2038 575 ἀφασία
2051 540 2088 562 τε
2105 526 2189 576 [καὶ
2210 529 2294 565 ἀπο-

1252 577 1309 629 ρίᾳ
1325 577 1340 628 ]
1357 576 1591 631 καταληφθεὶς
1618 577 1751 629 πέμπει
1766 579 1851 632 πρὸς
1870 580 1928 618 τὸν
1941 581 2113 634 Σεὸἧρον,
2133 585 2294 623 κοινωνὸν

1251 634 1354 673 αὐτὸν
1377 638 1439 682 τῆς
1461 636 1641 689 βασιλείας
1659 637 1936 690 ἀποφηνάμενος.

1301 708 1331 734 4.
1363 694 1409 734 ‘H
1430 695 1466 733 δὲ
1484 695 1676 747 σύγκλητος
1697 698 1813 748 ὁρῶσα
1845 697 1903 736 τὸν
1930 698 2118 737 Ἰουλιανὸν
2151 701 2185 738 ἐν
2211 702 2297 740 ἀπο·

1248 751 1397 803 γνώσει,
1427 755 1477 807 τῷ
1497 753 1533 792 δὲ
1563 754 1714 808 Σεὸήρῳ
1733 755 1867 800 πάντας
1891 755 1960 804 ἤδη
1986 761 2298 810 προσχωροῦντας,

1249 811 1423 865 συνέδριον
1443 814 1666 864 ποιησαμένη
1686 815 1720 852 ἐν
1749 813 1870 867 ἐκείνῳ
1895 816 1945 868 τῷ
1968 814 2082 868 τόπῳ,
2105 818 2138 854 ἐν
2159 810 2187 869 ᾧ
2214 833 2298 856 ποτε

1249 873 1279 909 οἱ
1299 870 1425 910 ὕπατοι
1456 872 1501 911 τὰ
1519 872 1715 926 πράγματα
1753 871 1915 927 διῴκουν,
1937 875 2122 928 ψηφίζεται
2151 876 2209 915 τὸν
2235 877 2298 927 μὲν

1250 931 1496 983 ἀναιρεθῆναι,
1517 932 1754 984 ἀποδεχθῆναι
1783 932 1819 971 δὲ
1838 933 1940 983 μόνον
1969 934 2209 988 αὐτοκράτορα
2227 938 2300 975 Σε-

1250 987 1371 1042 δῆρον.
1431 990 1629 1043 Πρεσὸείαν
1662 1007 1699 1029 τε
1718 990 1804 1044 πρὸς
1824 991 1927 1030 αὐτὸν
1950 992 2125 1043 ἐκπέμπει
2150 993 2207 1032 διὰ
2230 997 2299 1032 τῶν

1250 1045 1475 1099 ἐξοχωτάτων
1497 1052 1559 1096 τῆς
1581 1051 1728 1102 βουλῆς,
1747 1050 1865 1095 πάσας
1875 1067 1913 1089 τε
1930 1053 2025 1104 αὐτῷ
2042 1052 2300 1104 προσφέρειτὰς

1249 1105 1462 1157 σεὸασμίους
1480 1108 1603 1158 τιμάς·
1630 1108 1688 1147 ἐπὶ
1720 1107 1756 1147 δὲ
1791 1108 1850 1148 τὸν
1886 1109 2076 1150 Ἰουλιανὸν
2099 1111 2298 1164 χιλίαρχον,

1250 1166 1508 1205 ἀποκτενοῦντα
1536 1167 1705 1221 ἄνανδρον
1737 1167 1798 1206 καὶ
1820 1168 1937 1207 ἄθλιον
1966 1167 2180 1221 πρεσὸύτην,
2204 1170 2300 1214 ἰδίοις

1247 1222 1426 1275 χρήμασιν
1441 1225 1663 1275 ὠνησάμενον
1681 1224 1771 1264 οὕτω
1790 1226 1941 1279 πονηρὸν
1959 1226 2070 1270 τέλος.
2090 1226 2136 1267 Ὁ
2156 1227 2219 1278 μὲν
2241 1224 2299 1267 οὖν

1250 1282 1397 1334 εὑρεθεὶς
1413 1282 1553 1335 ἔρημος,
1569 1285 1723 1337 αἰσχρῶς
1736 1285 1985 1337 ὀλοφυρόμενος
1997 1285 2179 1338 ἐφονεύθη.
2196 1286 2300 1326 Ἐπεὶ

1249 1339 1285 1379 δὲ
1300 1339 1343 1379 τὰ
1364 1341 1461 1394 παρὰ
1479 1345 1541 1390 τ’ῆς
1559 1343 1754 1395 συγκλήτου
1786 1345 1944 1392 ἐδηλώθη
1961 1347 2010 1397 τῷ
2032 1345 2201 1398 Σεὸήρῳ,
2219 1345 2244 1393 ἥ
2261 1362 2298 1385 τε

1248 1402 1307 1437 τοῦ
1332 1399 1524 1439 Ἰουλιανοῦ
1556 1401 1747 1454 ἀναίρεσις,
1772 1401 1909 1446 ἀναὸὰς
1933 1402 1992 1441 ἐπὶ
2018 1407 2078 1441 τοῦ
2115 1404 2293 1456 βήματος,

1250 1458 1476 1512 αὐτοκράτωρ
1490 1458 1550 1497 καὶ
1565 1459 1762 1511 Αὔγουστος
1776 1461 1844 1499 ὑπὸ
1857 1460 2046 1512 Ῥωμαίων
2068 1463 2296 1516 ἀνηγορεύθη.

1731 1544 1818 1577 127.

1304 1601 1394 1637 Exc.
1416 1601 1530 1638 Salm.
1551 1614 1593 1650 p.
1617 1601 1692 1650 397
1725 1614 1733 1637 :
1757 1599 1914 1651 Σεὸἦρος
1943 1599 2074 1638 ἔστειλε
2105 1602 2301 1653 γράμματα

1251 1658 1297 1700 εἷς
1319 1657 1464 1705 Ῥώμην
1482 1661 1680 1705 ὑπαντῆσαι
1701 1660 1795 1711 αὐτῷ
1821 1658 1900 1702 τοὺς
1927 1658 2151 1712 στρατιώτας.
2177 1662 2303 1699 Συνελ-

1251 1715 1373 1760 θόντας
1409 1716 1445 1754 δὲ
1476 1716 1662 1765 ὠνείδισεν,
1683 1715 1804 1768 εἰπὼν,
1839 1715 1892 1755 δ’τι
1921 1717 1987 1756 κᾶν
2012 1718 2062 1768 μὴ
2098 1719 2196 1756 αὐτοὶ
2227 1719 2301 1771 ἐγέ·

1250 1789 1348 1814 νοντο
1368 1775 1567 1827 αὐτόχειρες
1587 1775 1802 1828 Περτίνακος
1827 1779 1887 1814 τοῦ
1909 1776 2096 1828 βασιλέως,
2114 1776 2203 1815 ἀλλὰ
2223 1778 2298 1817 δέον

1252 1833 1375 1877 αὖτοὺς
1402 1836 1532 1872 ἀνελεῖν
1554 1834 1630 1878 τοὺς
1651 1834 1923 1879 ἀποκτείναντας
1943 1837 2071 1874 ἐκεῖνον
2086 1847 2095 1859 ·’
2121 1839 2221 1875 τοῦτο
2250 1837 2299 1886 μὴ

1251 1892 1456 1938 ποιήσαντες
1476 1892 1533 1930 ὑπ’
1551 1893 1700 1931 αἷτίασιν
1715 1892 1781 1931 εἶσὶ
1799 1893 1915 1947 φόνου.
1940 1912 1955 1927 «
1977 1893 2063 1933 Ἐπὶ
2079 1895 2219 1946 φυλακῇ
2233 1895 2300 1947 γὰρ

1253 1952 1418 2004 βασιλικῇ
1450 1951 1656 2003 ταχθέντες,
1676 1951 1763 2004 ἔφη,
1794 1953 1855 1990 οὐκ
1875 1953 1909 1990 ἐν
1930 1955 1978 2003 τῷ
2003 1953 2174 2005 ἀριστερῷ
2204 1953 2302 2006 μέρει

1250 2010 1294 2048 τὰ
1315 2009 1392 2063 ξίφη
1414 2010 1662 2058 διαζώννυσθε,
1680 2012 1757 2049 ἀλλ’
1779 2012 1813 2048 ἐν
1827 2013 1877 2064 τῷ
1907 2010 2020 2064 δεξιῷ.
2038 2028 2054 2045 »
2076 2011 2148 2050 Καὶ
2171 2013 2302 2051 ἀπολα-

1252 2068 1323 2107 ὅὼν
1343 2068 1386 2106 τὰ
1403 2067 1494 2107 ὅπλα
1510 2068 1569 2107 καὶ
1590 2069 1668 2113 τοὺς
1692 2068 1841 2119 ἵππους,
1876 2068 2064 2113 ἀπεδίωξεν
2085 2069 2217 2113 αὐτούς.
2239 2064 2301 2114 Εἷς

1252 2128 1287 2165 δὲ
1309 2127 1544 2181 στρατιώτης,
1566 2129 1628 2166 οὐκ
1648 2128 1888 2180 ἀνασχομένου
1909 2132 1968 2166 τοῦ
1991 2127 2099 2166 ἵππου
2117 2130 2300 2167 ἀπολιπεῖν

1251 2187 1369 2238 αὐτὸν,
1389 2188 1467 2225 ἀλλ’
1485 2188 1751 2230 ἀκολουθοῦντος
1769 2186 1829 2224 καὶ
1843 2186 2124 2239 χρεμετίζοντος,
2145 2189 2301 2240 ὑπεραλ-

1250 2244 1312 2297 γὴς
1328 2245 1530 2296 γενόμενος,
1548 2244 1606 2283 τὸν
1620 2243 1726 2283 ἵππον
1739 2244 1914 2298 ἀπέσφαξε
1934 2245 1994 2283 καὶ
2014 2245 2149 2283 ἑαυτόν.

1304 2299 1416 2349 Οῧτος
1430 2307 1447 2343 ὃ
1464 2303 1627 2356 βασιλεὺς
1639 2303 1679 2342 τὸ
1699 2303 1887 2349 Βυζάντιον
1899 2303 2118 2356 παραλαὸὼν
2136 2302 2181 2342 τὰ
2198 2304 2298 2356 τείχη

1250 2365 1422 2404 καθεῖλεν.
1447 2356 1536 2415 Εἶχε
1553 2363 1588 2401 δὲ
1608 2361 1759 2414 πύργους
1781 2363 1870 2401 ἑπτὰ
1899 2365 1937 2401 ἐκ
1957 2365 2025 2401 τῶν
2043 2362 2210 2416 Θρᾳκίων
2233 2379 2300 2402 πυ·

1249 2425 1318 2462 λῶν
1343 2423 1558 2476 ἀρχομένους
1573 2423 1632 2460 καὶ
1649 2422 1707 2460 ἐπὶ
1725 2421 1786 2469 τὴν
1816 2421 1979 2476 ἀρκτῴαν
2001 2421 2216 2469 καθήκοντας
2238 2423 2300 2460 θά-

1248 2483 1397 2520 λασσαν.
1416 2481 1488 2520 Καὶ
1504 2481 1637 2519 τούτων
1657 2480 1690 2519 εἴ
1704 2497 1754 2524 τις
1771 2480 1877 2534 ἑτέρῳ
1891 2497 1940 2533 τῳ
1956 2479 2078 2533 πύργῳ
2094 2481 2301 2532 προσῆλθεν,

1248 2540 1392 2590 οὐδεμία
1408 2539 1565 2588 αἴσθησις
1577 2545 1647 2584 τοῖς
1658 2539 1774 2584 ἄλλοις
1786 2538 1933 2590 ἐγένετο·
1945 2539 2019 2578 εἰδὲ
2032 2541 2081 2591 τῷ
2092 2539 2220 2592 πρώτῳ
2231 2539 2301 2577 ἐνε-

1248 2599 1374 2647 ὅόησεν
1393 2598 1416 2646 ἢ
1433 2599 1526 2638 λίθον
1543 2598 1750 2651 ἐ[νέ]6αλεν,
1767 2598 1868 2643 αὐτός
1880 2614 1918 2637 τε
1933 2598 2026 2650 ἤχει,
2043 2597 2103 2636 καὶ
2122 2597 2301 2643 σιωπήσας

179 2718 204 2748 F
207 2725 233 2747 r.
252 2719 322 2747 126.
341 2713 553 2756 ἁρπάζεσθαι]
569 2713 709 2755 ἁρπάσαι
723 2713 835 2745 codex.
848 2730 890 2736 —
905 2711 1137 2753 ζητοῦντος]
1151 2711 1172 2743 i.
1190 2720 1219 2743 e.
1237 2711 1447 2748 ἐπεξελθόντος
1463 2714 1507 2751 τῷ
1529 2711 1612 2752 φόνῳ
1625 2721 1634 2750 ;
1657 2710 1717 2742 nisi
1735 2710 1841 2750 potius
1854 2710 1915 2742 suit
1927 2710 2103 2750 ἀμύνασθαι
2119 2711 2293 2747 ζητοῦντος.

139 2762 314 2794 Herodian.
335 2774 342 2793 :
360 2762 445 2802 ἔλεγε
459 2762 491 2792 δὲ
504 2761 566 2792 δεῖν
582 2761 736 2801 ἐπαμῦναι
751 2761 805 2792 καὶ
819 2760 989 2797 ἐπεξελθεῖν
1004 2762 1051 2800 τῷ
1071 2759 1259 2800 Περτίνακος
1278 2759 1372 2800 φόνῳ.
1386 2779 1425 2785 --
1440 2758 1459 2799 ξ
1475 2763 1503 2790 2.
1521 2757 1672 2800 ἄφιξιν]
1686 2758 1788 2795 ἔξοδον
1804 2757 1923 2789 Herod.
1940 2760 1967 2789 Π
1978 2782 1987 2797 ,
2011 2761 2060 2789 11.
2078 2777 2119 2784 -
2132 2768 2198 2798 τρυ
2208 2755 2301 2797 φὴν]

138 2812 215 2843 Her.
227 2820 235 2849 ;
250 2809 362 2851 τροφὴν
376 2808 446 2840 cod.
459 2828 492 2834 —
510 2810 537 2839 ὡ
547 2818 560 2843 ς
576 2807 616 2839 δὲ
628 2818 645 2839 τ
654 2810 699 2838 αὖ
708 2819 724 2839 τ
733 2818 753 2839 α
766 2808 846 2838 κτλ.
858 2806 869 2847 ]
884 2806 1007 2838 inclusa
1020 2806 1164 2846 supplevi
1178 2815 1196 2838 e
1208 2805 1401 2838 Herodiano.
1414 2824 1454 2829 -—
1467 2809 1535 2837 τοῦ
1553 2807 1620 2847 μὲν
1637 2808 1807 2846 στρατοῦ
1819 2805 1830 2846 ]
1841 2814 1882 2836 ex
1896 2804 2013 2837 Herod.
2027 2816 2035 2845 ;
2051 2804 2153 2836 codex
2171 2816 2179 2836 :
2194 2805 2228 2835 τὸ
2239 2804 2299 2844 γὰρ

138 2858 251 2895 πλῆθος
269 2859 325 2888 τοῦ
339 2858 473 2897 στρατοῦ
494 2856 549 2893 τὴν
566 2854 694 2895 δύναμιν
708 2855 760 2886 καὶ
773 2855 810 2886 τὸ
823 2854 938 2891 πλῆθος
952 2853 1088 2884 ἀκούων.
1101 2873 1143 2880 -
1155 2852 1331 2894 προελθεῖν]
1345 2853 1521 2895 προσελθεῖν
1535 2853 1606 2885 cod.
1629 2870 1672 2876 —-
1690 2851 1708 2892 ἕ
1725 2856 1757 2885 3.
1782 2851 2004 2893 διάπυστα]
2020 2852 2168 2884 διάπιστα
2185 2851 2300 2883 codex.

139 2921 179 2927 —
192 2904 256 2936 διὰ
272 2905 339 2942 τὴν
355 2902 538 2944 δύναμιν]
552 2901 603 2933 διά
616 2912 648 2933 τε
664 2903 721 2940 τὴν
738 2902 803 2933 δυν.
819 2901 934 2932 codex.
949 2920 989 2926 —-
1004 2900 1022 2941 ὃ
1037 2902 1067 2932 4.
1084 2903 1134 2941 τῷ
1148 2900 1186 2931 δὲ
1207 2900 1364 2941 Σεὸήρῳ
1377 2899 1546 2940 πάντας]
1561 2902 1622 2931 τῶν
1635 2899 1667 2930 δὲ
1682 2899 1818 2940 Σεὸήρου
1833 2911 1867 2931 π.
1883 2899 1997 2931 codex.
2013 2917 2055 2924 —
2067 2896 2301 2939 χιλίαρχον]

139 2951 252 2983 melius
262 2950 365 2982 oratio
376 2949 562 2990 procederet
572 2948 597 2980 si
609 2957 685 2979 cum
697 2948 877 2980 Herodiano
888 2948 995 2979 dicere
1007 2948 1120 2978 auctor
1133 2946 1285 2978 voluisset
1301 2958 1308 2977 :
1324 2941 1541 2986 ἀποπέμπεται
1554 2945 1714 2986 χιλίαρχον
1729 2946 1909 2977 ἀποκτεῖναι
1924 2946 2070 2987 ἄνανδρον
2083 2946 2148 2976 κτλ.
2159 2962 2201 2970 —
2211 2944 2299 2976 ἀναί-

141 3009 241 3039 ρεσις,
258 2995 396 3037 ἀναὸὰς]
411 2996 499 3028 Inter
510 3004 542 3027 v.
560 2995 713 3037 ἀναίρεσις
730 2997 762 3027 et
779 2995 896 3031 ἀναὸὰς
910 2994 1077 3034 complura
1093 2995 1209 3026 omissa
1223 2993 1309 3024 sunt.
1329 2992 1458 3024 Scilicet
1472 2993 1620 3024 nuntiata
1636 3002 1714 3025 nece
1731 2995 1749 3024 J
1754 2993 1850 3024 uliani
1861 3017 1869 3032 ‚
1886 2995 2023 3025 Severus
2040 2996 2176 3025 Romam
2195 2991 2298 3029 misit,

139 3045 196 3084 qui
210 3044 362 3084 Juberent
375 3043 493 3075 milites
504 3042 626 3083 absque
641 3042 739 3074 armis
751 3051 792 3074 ex
806 3042 886 3074 urbe
898 3041 1028 3072 obviam
1042 3042 1087 3072 ire
1097 3065 1105 3080 ‚
1120 3041 1345 3080 imperatorem
1362 3040 1568 3072 salutaturos.
1588 3042 1660 3076 Quo
1676 3040 1759 3072 facto
1769 3064 1778 3080 ,
1793 3040 1895 3072 cinxit
1915 3040 2052 3071 inermes
2062 3063 2072 3080 ,
2093 3047 2206 3071 necem
2221 3040 2297 3070 Per-

139 3090 253 3123 tinacis
266 3090 303 3123 iis
316 3089 507 3131 exprobrat,
522 3097 560 3121 ac
572 3089 721 3130 deinceps
733 3089 883 3129 dispellit.
899 3088 980 3120 Vide
996 3089 1032 3120 sr.
1053 3091 1122 3120 127.
1139 3090 1214 3120 Post
1228 3089 1297 3119 haec
1312 3089 1445 3119 Romam
1459 3087 1618 3127 ingressus
1632 3088 1663 3119 in
1680 3089 1792 3120 senatu
1806 3087 1903 3119 verba
1921 3087 2008 3118 facit.

182 3139 238 3170 Fr.
267 3140 336 3170 127.
357 3137 465 3170 Severi
483 3136 523 3168 ad
539 3137 657 3169 milites
672 3139 835 3169 Romanos
854 3135 1031 3168 orationem
1048 3135 1145 3168 hahes
1158 3145 1209 3176 ap.
1233 3133 1449 3167 Herodianum
1474 3136 1525 3172 11,
1554 3137 1589 3166 13
1602 3144 1612 3173 ;
1635 3134 1691 3167 sed
1704 3136 1812 3166 nostra
1828 3134 1872 3166 ibi
1887 3143 1951 3165 non
1975 3133 2136 3173 leguntur.
2162 3133 2299 3163 Joanncs

141 3193 200 3216 sua
219 3184 325 3216 bausit
337 3193 355 3216 e
369 3185 490 3224 Dione,
504 3193 545 3216 ex
560 3193 624 3224 quo
638 3185 734 3216 etiam
748 3183 913 3224 sequentia
923 3207 932 3223 ‚
945 3184 987 3219 εἷς
1001 3184 1032 3214 δὲ
1046 3184 1236 3223 στρατιώτης
1252 3182 1318 3213 κτλ.
1330 3204 1340 3219 ,
1356 3180 1535 3220 exscripsit.
1550 3181 1633 3213 Vide
1646 3181 1798 3221 xiphilin.
1819 3181 1950 3213 LXXIV
1961 3203 1970 3218 ,
1986 3182 2017 3211 4.
2032 3196 2073 3201 —
2087 3178 2163 3209 ἀλλ’
2187 3177 2224 3208 ἐν
2245 3179 2298 3216 τῷ

141 3231 276 3273 δεξιῷ]
291 3234 399 3264 Monet
411 3232 451 3264 de
465 3231 514 3263 his
530 3233 704 3265 Salmasius
717 3231 759 3264 ad
771 3232 834 3264 AEl.
849 3231 1054 3272 spartianum
1069 3230 1101 3261 in
1113 3232 1221 3262 Sever.
1237 3238 1266 3261 c.
1282 3233 1300 3260 6
1311 3252 1320 3267 ‚
1336 3237 1401 3267 quo
1422 3227 1494 3258 loco
1519 3228 1616 3259 etiam
1638 3229 1871 3268 Excerptornm
1894 3228 2078 3258 nostrorum
2102 3223 2297 3255 mentionem

142 3280 230 3312 facit.
251 3279 302 3312 cf.
315 3280 447 3321 interpr.
466 3280 508 3311 ad
524 3280 643 3320 Xiphil.
662 3280 684 3311 l.
700 3281 723 3313 l.
741 3298 782 3303 —
796 3278 1033 3319 Βυζάντιον]
1054 3280 1101 3309 De
1115 3279 1208 3318 capto
1230 3276 1382 3317 Byzantio
1396 3282 1427 3305 v.
1445 3274 1614 3306 Herodian.
1632 3276 1693 3314 111,
1708 3279 1740 3313 6,
1760 3275 1792 3305 et
1808 3273 1959 3313 Xiphilin.
1979 3271 2128 3308 LXXlV‚
2148 3271 2196 3300 14.
2217 3270 2296 3304 Quae

142 3326 183 3358 de
193 3326 338 3359 turribus
347 3327 513 3359 vocalibus
523 3328 713 3367 sequuntur,
728 3336 771 3359 ex
784 3327 885 3358 Dione
897 3325 995 3366 petita
1012 3325 1097 3356 sunt.
1113 3343 1152 3350 —
1167 3325 1283 3365 ἑτέρῳ
1299 3335 1349 3364 τῳ
1367 3322 1414 3354 πύ
1423 3333 1437 3362 ρ
1447 3321 1520 3363 γῳ]
1541 3322 1572 3353 ἐν
1591 3322 1685 3363 ἑτέρῳ
1699 3322 1806 3362 πύργῳ
1820 3320 1935 3351 codex.
1950 3337 1991 3344 —
2003 3319 2051 3357 τῷ
2070 3326 2090 3347 π
2101 3326 2116 3355 ρ
2126 3315 2152 3345 ώ
2161 3325 2211 3354 τῳ
2226 3314 2298 3344 ἐνε·

143 3373 285 3410 ὃόησεν
299 3373 310 3414 ]
326 3382 344 3405 e
363 3373 484 3413 Xiphil.
498 3386 506 3413 ;
522 3375 552 3406 ἐν
569 3377 614 3414 τῷ
637 3385 689 3414 πρ.
705 3374 871 3411 ἀνεὸόησεν
894 3373 1006 3404 codex.
1022 3391 1063 3398 —
1084 3370 1316 3411 σιωπήσας]
1338 3370 1399 3400 hoc
1422 3368 1617 3408 excerptoris
1638 3370 1697 3408 est.
1720 3370 1767 3399 ua
1787 3366 1939 3407 Xiphilin.
1959 3377 1966 3396 τ
1985 3363 2075 3398 αὐτὸς
2100 3362 2131 3392 δὲ
2149 3360 2295 3410 ἤκεῑῇῑαὶ

143 3420 244 3452 ἐλάλει
255 3444 264 3459 ,
279 3422 332 3451 καὶ
346 3423 391 3460 τῷ
405 3421 536 3462 δευτέρῳ
550 3421 585 3452 τὸ
602 3421 677 3452 αὐτὸ
691 3423 782 3451 τοῦτο
797 3423 895 3452 ποιεῖν
912 3419 1076 3459 παρεδίδου
1091 3430 1096 3436 ·
1116 3419 1167 3449 καὶ
1186 3418 1268 3449 οὕτω
1287 3417 1338 3448 διὰ
1353 3414 1478 3447 πάντων
1499 3414 1615 3455 ὁμοίως
1635 3414 1756 3455 ἐχώρει.
1774 3414 1925 3444 Ceterum
1941 3409 2051 3441 eadem
2068 3407 2163 3438 habet
2179 3405 2294 3461 S'ffldas

146 3475 176 3497 v.
196 3466 358 3503 Βυζάντιον
370 3490 378 3506 ,
394 3467 566 3506 praemissis
579 3466 685 3498 verbis
698 3466 868 3497 Herodian}
886 3466 895 3505 (
909 3467 948 3496 ΙΙΙ
962 3488 969 3504 ,
988 3469 996 3495 1
1011 3489 1020 3504 ,
1032 3469 1049 3496 6
1062 3466 1071 3504 )
1087 3477 1093 3495 2
1109 3465 1179 3496 Ὅτι
1195 3465 1230 3496 τὸ
1248 3462 1410 3499 Βυζάντιον
1425 3462 1473 3494 ἐπὶ
1490 3462 1624 3502 Σεὸήρου
1638 3464 1692 3492 τοῦ
1707 3459 1858 3501 βασιλέως
1872 3461 1932 3489 τῶν
1946 3454 2110 3495 Ῥωμαίων
2123 3461 2294 3492 τετειχιστο
