2372 3704
991 211 1324 252 FRAGMENTA.

393 321 423 357 E
450 319 600 359 Lumo
628 316 846 367 QUAn'ro.
878 318 884 326 ¹

610 409 644 448 4.

158 478 287 516 Idem:
302 474 550 527 Ἀλεξάνδρεια,
564 473 681 517 πόλεις
693 471 944 512 ὀκτωκαίδεκα,
953 501 977 512 ..
994 470 1147 524 Δευτέρα

113 537 186 574 ἔστι
203 533 452 586 πόλιςΤροίας,
483 535 518 571 ἐν
537 527 562 584 ᾗ
581 532 714 583 ἐγένετο
729 530 900 581 Ἠγήμων
919 530 1097 578 ἐποποιὸς,
1113 530 1149 574 ὃς

107 593 237 647 ἔγραψε
255 592 313 631 τὸν
333 590 544 643 Λευκτρικὸν
560 589 712 640 πόλεμον
728 591 797 627 τῶν
811 587 980 635 Θηὸαίων
1000 587 1060 626 καὶ
1080 590 1149 627 Λα-

108 649 359 702 κεδαιμονίων·
386 650 466 703 περὶ
493 644 535 697 ἧς
559 646 783 699 Δημοσθένης
802 649 836 686 ἐν
864 647 1019 700 τετάρτῳ
1047 649 1150 686 Βιθυ·

109 725 252 749 νιακων.

161 839 269 875 Idem
297 851 306 874 ε
335 836 484 888 Ἡραία,
515 835 607 888 ἄκρα
635 834 725 874 οὕτω
751 833 921 886 λεγομένη
943 831 1152 885 καταντικρὺ

109 894 352 942 Χαλκηδόνος.
371 892 515 941 Ταύτην
536 893 565 932 δ’
592 894 627 932 ἐν
647 897 690 945 τῇ
708 892 871 945 συνηθείᾳ
888 890 1049 945 Ἥέρειάν
1069 906 1154 943 φασι

108 969 214 1001 τινες,
233 955 364 1003 κακῶς,
386 952 485 991 ἄλλοι
500 951 536 990 δὲ
550 950 691 1005 Ἥριον,
707 953 969 1002 μυθοποιοῧντες
984 951 1031 993 ὡς
1045 951 1155 987 ἐκεῖσε

110 1010 293 1063 ὀρύξαντες
311 1010 439 1063 τάφους
462 1009 593 1062 χύτρας
615 1003 712 1061 εἷρον
731 1007 791 1047 καὶ
810 1009 909 1046 ὀστᾶ.
936 1005 1100 1046 Πειστέον
1120 1004 1156 1044 δὲ

111 1070 243 1120 μᾶλλον
262 1071 313 1122 τῷ
332 1070 467 1121 Βιθυνῷ
490 1068 703 1119 Δημοσθένει
718 1068 752 1105 ἐν
778 1068 828 1119 τῷ
847 1065 875 1104 δ’
900 1065 1025 1119 βιὸλίῳ
1039 1081 1048 1089 ·

193 1162 284 1194 Ἔστι
299 1163 333 1194 δέ
345 1174 389 1199 τις
401 1162 589 1204 προπάροιθε
600 1162 712 1200 κλυτῆς
725 1159 921 1198 Χαλκηδόνος
936 1158 1015 1200 ἄκρη

195 1210 308 1251 Ἡραία
320 1213 481 1251 τρηχοῦσα
491 1232 499 1248 ,
513 1208 706 1244 πολυσπιλάς
717 1216 725 1224 ·
740 1207 838 1239 ἔνδοθι
854 1205 881 1238 δ’
895 1207 987 1245 αὐτῆς

197 1256 316 1288 λαΐνεον
329 1257 397 1297 περὶ
410 1258 511 1296 τεῖχος
525 1257 580 1287 ἰὼν
594 1254 780 1286 κοιλαίνεται
793 1253 870 1285 εἴσω

194 1303 308 1339 κόλπος
321 1303 393 1338 ἁλός
407 1311 414 1318 ·
426 1302 516 1343 φαίης
532 1313 585 1334 κεν
604 1302 678 1333 ἰδὼν
693 1300 856 1342 βαθυδίνεα
868 1299 968 1340 πάντῃ

193 1350 334 1390 ἔμμεναι.
354 1349 490 1388 Εἰαμενή
503 1349 536 1380 δὲ
550 1349 602 1380 καὶ
617 1348 653 1380 οὐ
667 1349 756 1390 βύθος
770 1347 834 1379 ἐστὶ
849 1346 1005 1382 θαλάσσης
1014 1368 1022 1383 ,

196 1397 267 1428 ἔνθα
283 1407 318 1427 τε
329 1399 403 1434 νῆας
416 1395 543 1436 ἀνῆγον,
558 1395 693 1435 ὀῐόμενοι
708 1395 826 1430 σκέπας
840 1393 917 1424 εἶναι

193 1443 362 1482 αὐτοφυοῦς
375 1442 482 1484 ὅρμοιο
491 1466 500 1482 ,
514 1445 604 1483 κακῷ
617 1442 643 1473 δ’
658 1441 822 1482 ἐνέκυρσαν
836 1438 964 1481 ἑτοίμῳ.

112 1541 253 1578 Eadem
268 1542 390 1588 Etym.
407 1541 456 1578 M.
484 1553 526 1589 p.
554 1541 645 1585 437,
666 1545 735 1588 4ο,
759 1540 904 1575 omissis
930 1538 1056 1575 verbis
1074 1539 1162 1575 inde

114 1612 136 1636 a
157 1600 337 1649 τρηχοῦσα
367 1611 486 1647 usque
515 1598 565 1635 ad
596 1595 690 1640 ἁλός.
725 1597 872 1633 Ibidem
900 1609 972 1645 pro
1008 1594 1088 1632 ἔνθα
1125 1610 1162 1633 τε

113 1665 196 1709 νῆας
214 1663 339 1712 ἀνῆγον
360 1670 415 1699 est
438 1676 445 1699 :
469 1660 549 1699 ἔνθα
570 1659 647 1704 θοὰς
666 1663 750 1708 νῆας
768 1654 850 1709 ἦγον
863 1688 873 1706 ,
892 1674 926 1696 κ.
946 1658 975 1696 δ’
995 1661 1044 1699 ἐν.
1069 1659 1161 1698 ἑτοί-

114 1735 200 1770 μως.
230 1722 375 1758 Vocem
397 1714 480 1773 ἦγον
504 1733 576 1770 pro
603 1720 728 1770 ἀνῆγον
760 1719 906 1769 praebet
935 1720 1049 1755 etiam
1070 1720 1158 1757 cod.

112 1780 272 1830 Rhedig.

614 1843 652 1880 6.

442 1929 472 1964 1.
523 1927 651 1964 .113R0
680 1927 831 1965 NONO.

169 2025 276 2061 Idem
303 2038 313 2060 t
345 2022 515 2075 Ἀρτάκη,
545 2021 646 2066 πόλις
674 2020 851 2075 Φρυγίας,
872 2021 1013 2065 ἄποικος
1045 2022 1164 2067 Μιλη-

2174 213 2247 247 385

1204 290 1322 336 εἷπε...
1352 294 1410 334 καὶ
1430 294 1607 346 Ἀρτάκιος
1627 287 1702 332 εἶπε
1724 293 1948 344 Δημοσθένης
1975 295 2008 333 ἐν
2034 293 2163 347 ἐννάτῳ
2182 297 2244 334 Βι-

1205 356 1384 394 θυνιακῶν·

1288 429 1439 462 Νάσσατο
1451 429 1479 460 δ’
1493 427 1692 470 Ἀρτακίοισιν
1707 426 1843 468 ἐφέστιος
1857 428 2036 467 αἰγιαλοῖσι.

1208 497 1314 538 Οὕτω
1329 496 1397 549 γὰρ
1413 494 1531 534 αὐτόθι
1549 498 1570 542 ἡ
1587 493 1769 547 Ἀφροδίτη
1786 495 1960 535 καλεῖται.
1975 499 2020 533 In
2030 498 2170 533 ultimis
2184 510 2248 535 ex-

1208 565 1421 607 cerptorem
1436 557 1688 605 negligentem
1703 565 1932 591 accusamus.

1712 638 1732 671 7
1739 651 1748 662 .

1511 698 1541 733 E
1568 695 1719 732 LIBRO
1749 695 1951 732 DECIMO.

1263 779 1368 815 Idem
1386 792 1394 814 ε
1417 775 1571 822 Κοσσὸς,
1590 774 1666 827 ὅρος
1685 774 1868 823 Βιθυνίας,
1884 777 1930 817 ὡς
1950 773 2176 825 Δημοσθένης
2194 776 2252 814 Βι-

1210 835 1379 874 θυνιακῶν
1400 832 1548 886 δεκάτῳ.
1566 834 1613 872 Οἱ
1630 832 1801 876 οἰκοῦντες
1818 832 2003 871 Κοσσαῖοι.

1716 911 1754 949 8.

1265 976 1372 1012 Idem
1389 989 1397 1011 z
1420 973 1633 1020 Μαυσωλοὶ,
1652 974 1683 1011 οἱ
1701 959 1834 1026 Κᾶρὲς,
1854 973 1924 1011 ἀπὸ
1942 973 2160 1012 Μαυσωλοῖἱ.
2182 974 2253 1020 Δη-

1215 1032 1380 1084 μοσθένης
1391 1031 1527 1085 δεκάτῳ
1541 1034 1753 1071 Βιθυνιακῶν
1765 1046 1774 1055 ·
1793 1049 1808 1066 «
1826 1031 1985 1070 Δαίδαλα
2001 1033 2222 1072 Μαυσωλῶν.
2238 1050 2254 1066 ¹·

1492 1116 1522 1150 E
1549 1115 1710 1151 LIBRIS
1739 1115 1977 1152 INCERTIS.

1713 1204 1751 1240 9.

1270 1262 1376 1298 Idem
1396 1275 1403 1297 :
1423 1259 1634 1312 Ἄμαστρις,
1653 1260 1751 1304 πόλις
1771 1259 2090 1313 Παφλαγονίας,...
2115 1259 2184 1298 ἀπὸ
2200 1276 2261 1312 γυ·

1217 1319 1333 1362 ναικὸς
1354 1319 1523 1371 Περσίδος
1542 1319 1790 1371 Ἀμαστρίδος,
1810 1319 1975 1371 θυγατρὸς
1991 1319 2182 1372 Ὀξυάθρου
2202 1324 2261 1358 τοῦ

1219 1379 1365 1430 ἀδελφοῦ
1380 1378 1548 1430 Δαρείου,
1563 1378 1586 1424 ἣ
1602 1377 1782 1431 συνῴκησε
1796 1378 1965 1429 Διονυσίῳ
1983 1380 2032 1430 τῷ
2050 1377 2262 1430 “Ηρακλείας

1218 1437 1386 1490 τυράννῳ.
1409 1436 1634 1488 Δημοσθένης
1655 1438 1684 1475 δ’
1700 1437 1735 1482 ἐξ
1752 1436 1937 1487 Ἀμαζόνος
1957 1436 2047 1475 οὕτω
2063 1435 2262 1488 λεγομένης.

1714 1528 1772 1552 10.

1272 1578 1380 1615 Idem
1400 1592 1407 1614 :
1434 1576 1672 1627 Ἀπολλωνία,
1691 1576 1812 1629 πρώτη
1833 1575 1930 1620 πόλις
1945 1569 2168 1627 Ἰλλυριάς...
2191 1576 2262 1624 κδ’,

1221 1637 1289 1674 τῶν
1309 1635 1365 1673 ἐπὶ
1385 1634 1530 1689 Θρᾴκης
1546 1635 1686 1682 Ἰώνων,
1709 1635 1751 1682 ἣν
1772 1636 1997 1686 Δημοσθένης
2012 1635 2129 1688 φησίν.

1717 1726 1731 1748 1
1743 1725 1757 1748 1
1769 1741 1776 1748 .
1984 1761 1986 1763 q

1276 1776 1381 1812 Idem
1400 1789 1407 1811 :
1425 1774 1645 1826 Δορυλάειον,
1662 1773 1760 1818 πόλις
1778 1774 1954 1827 Φρυγίας,
1971 1774 2062 1812 ὃκαὶ
2076 1773 2266 1826 Δορύλαιον

1224 1833 1447 1885 Δημοσθένης
1465 1833 1564 1886 φησί.

1718 1906 1777 1929 12.

1279 1964 1385 2000 Idem
1405 1977 1412 1999 z
1434 1964 1605 2013 Κρῆσσα,
1622 1961 1721 2006 πόλις
1742 1961 2012 2015 Παφλαγονίας,
2036 1962 2074 2009 ἢν
2091 1962 2269 2015 Μηριόνης

1228 2020 1316 2071 μετὰ
1327 2020 1455 2072 Τροίαν
1473 2020 1601 2068 ἔκτισε,
1619 2020 1751 2067 Ζηίλας
1766 2020 1801 2058 δὲ
1816 2014 1904 2058 εἷλεν
1921 2024 1938 2059 ὃ
1950 2020 2170 2071 Νικομήδους
2181 2020 2265 2064 υἱός.

117 2081 250 2121 σίων...
267 2082 318 2121 Τὸ
337 2081 467 2120 ἐθνικὸν
481 2079 704 2134 Ἀρτακηνός.
725 2082 908 2132 Σοφοκλῆς
925 2078 960 2118 δὲ
979 2078 1163 2133 Ἀρτακεὺς
1227 2078 1451 2130 Δημοσθένης
1466 2079 1591 2131 γράφει
1606 2079 1645 2117 τὸ
1665 2079 1793 2118 ἐθνικὸν
1815 2082 2027 2131 Κρησσαῖος.

612 2195 648 2227 4.

158 2248 360 2281 Alexandria.
377 2249 522 2283 Secunda
538 2249 607 2289 ejus
618 2249 757 2281 nominis
770 2249 846 2281 urbs
858 2249 890 2281 in
903 2248 1026 2281 Troade
1041 2249 1106 2288 est,
1125 2257 1165 2281 ex

118 2307 184 2344 qua
201 2301 365 2340 Hegemon
381 2302 477 2341 poeta
493 2300 603 2341 epicus
621 2300 777 2332 oriundus
795 2301 861 2339 est,
888 2300 942 2341 qui
960 2300 1165 2332 Leuctricam

120 2348 238 2385 benum
250 2351 477 2383 Thebanorum
500 2353 533 2384 et
551 2351 869 2384 Lacedaemoniorum
886 2351 1021 2392 scripsit.
1044 2354 1088 2383 De
1107 2351 1167 2382 hac

119 2400 199 2433 urbe
212 2402 442 2434 Demosthenes
457 2402 536 2434 dicit
552 2402 586 2434 in
599 2403 714 2443 quarto
728 2404 775 2434 De
790 2402 942 2443 Bithynia
957 2402 1049 2434 libro.

160 2511 295 2549 Heraea,
318 2511 576 2551 promontorium
595 2511 641 2543 sic
662 2511 846 2543 nominatur
862 2510 1073 2543 Chalcedonis
1088 2519 1105 2542 e
1122 2519 1167 2542 re·

119 2559 211 2600 gionc
220 2561 331 2600 situm,
339 2562 425 2601 quod
434 2562 581 2594 nonnulli
591 2571 632 2594 ex
639 2562 869 2594 consuetudine
878 2562 1025 2595 Heeriam
1036 2563 1167 2602 vocant,

120 2621 298 2654 perperam.
314 2614 375 2646 Alii
388 2622 465 2646 vero
482 2614 633 2654 Herium,
648 2614 829 2647 fabulantes
839 2614 927 2655 quod
943 2614 987 2645 ibi
1013 2614 1169 2646 fodientes

121 2665 268 2704 sepulcra
281 2665 392 2706 (ἠρία)
407 2665 589 2697 invenerint
601 2674 699 2698 urnas
714 2669 746 2698 et
758 2675 839 2698 ossa.
859 2666 920 2698 Sed
931 2665 1009 2698 fides
1022 2666 1168 2698 habenda

121 2717 227 2756 potius
239 2718 287 2749 est
301 2718 508 2750 Demostheni
524 2719 678 2759 Bithyno,
693 2719 749 2760 qui
763 2719 844 2751 libro
859 2721 973 2760 quarto
988 2719 1030 2751 ita
1048 2719 1145 2751 habet
1159 2732 1167 2751 z

193 2786 245 2813 Est
253 2792 325 2814 vero
337 2787 406 2814 ante
418 2785 568 2814 celebrem
587 2785 805 2815 chalcedonem
818 2785 1061 2822 promontorium
1069 2806 1079 2821 ‚

193 2832 312 2866 Heraea,
326 2839 480 2868 asperum,
494 2833 622 2869 seopulis
634 2833 774 2861 obsitum.
790 2834 872 2861 Intra
888 2831 961 2862 illud
970 2852 978 2867 ‚

194 2885 330 2906 saxosum
349 2878 430 2907 circa
448 2886 570 2908 murum
581 2900 591 2914 ,
606 2879 772 2916 procedens
786 2881 912 2908 cavatur

193 2924 275 2953 sinus
290 2925 389 2954 maris.
407 2927 503 2959 Quem
516 2926 703 2963 conspiciens
721 2926 829 2954 dixeris
841 2924 1027 2962 profundum

131 2995 134 2997 .
195 2969 307 3005 ubique
323 2977 393 2999 etse.
407 2972 447 2999 At
461 2970 636 3000 humectum
648 2969 769 3007 quidem
781 2971 878 2999 solum
887 2991 894 3003 ‚
909 2970 960 2999 sed
972 2970 1052 2999 nulla
1068 2970 1158 2998 maris

195 3014 393 3051 profunditas.
407 3015 452 3044 lbi
460 3023 550 3045 naves
562 3015 778 3050 subduxerunt,
793 3016 950 3045 credentes
964 3018 1097 3045 tutamen
1110 3023 1171 3045 esse

197 3064 304 3098 portus
318 3064 427 3091 natura
439 3061 510 3092 facti
522 3073 531 3096 ς
544 3064 575 3091 at
590 3062 622 3091 in
640 3065 779 3100 paratum
790 3062 965 3092 inciderunt
979 3063 1101 3091 malum.

633 3119 669 3151 6.

166 3172 300 3204 Artaces
310 3195 319 3211 ‚
333 3171 412 3205 urbs
424 3173 568 3214 Phrygiae
577 3197 587 3212 ,
607 3173 804 3205 Milesiorum
817 3174 952 3205 colonia.
978 3173 1104 3206 Gentile
1118 3176 1174 3205 Ar-

126 3223 269 3255 tacenus.
284 3224 456 3264 Sophocles
471 3233 547 3256 vero
563 3225 719 3257 Artaceus
730 3225 830 3264 dixit,
850 3226 883 3256 et
900 3225 1130 3257 Demosthenes
1142 3225 1174 3255 in

127 3282 212 3307 nono
224 3278 272 3308 De
283 3276 431 3317 Bithynia
446 3278 607 3310 Artacius
623 3277 722 3309 habet
743 3290 750 3309 :

323 3334 474 3363 Habitavit
488 3335 521 3363 in
534 3335 659 3364 Artaciis
671 3334 772 3364 sedem
783 3334 875 3371 figens
887 3335 955 3363 oris.

131 3387 182 3420 Sic
196 3388 281 3421 enim
297 3389 463 3432 (Artacia)
478 3391 522 3423 ibi
535 3394 645 3424 venus
660 3391 789 3423 dicitur.

271 3453 457 3478 FRAGMENTA
478 3455 604 3478 uis-ron.
626 3456 680 3478 on.
702 3464 735 3469 —
755 3456 827 3478 voi..
850 3455 894 3477 iv.

1728 2195 1763 2226 7.

1266 2262 1402 2300 Cossus,
1420 2269 1512 2292 mons
1534 2260 1706 2301 Bithyniae,
1729 2261 1811 2292 teste
1836 2259 2049 2292 Demosthene
2068 2260 2099 2291 in
2116 2259 2197 2291 libro
2211 2259 2268 2291 de-

1226 2312 1310 2344 cimo
1330 2314 1377 2345 De
1392 2312 1554 2354 Bithynia.
1572 2312 1691 2344 incolae
1704 2313 1834 2344 Cossaei.

1731 2389 1766 2421 8.

1268 2451 1420 2490 Mausoli,
1446 2453 1560 2487 Cares.
1590 2459 1609 2481 a
1642 2449 1798 2482 Mausolo.
1828 2449 2060 2481 Demosthenes
2074 2448 2199 2480 decimo
2225 2450 2272 2480 De

1228 2502 1374 2543 Bithynia
1393 2515 1400 2534 z
1414 2515 1429 2530 «ι
1445 2502 1572 2534 Daedala
1584 2501 1814 2534 Mausolorum.
1832 2514 1847 2528 »

1727 2573 1763 2605 9.

1269 2636 1440 2674 Amastris,
1460 2635 1537 2667 urbs
1550 2635 1813 2676 Paphlagoniae...
1831 2643 1850 2665 a
1871 2634 2008 2666 muliere
2026 2632 2153 2666 Perside
2179 2635 2275 2664 Ama-

1228 2690 1344 2728 stride,
1364 2689 1429 2721 tilia
1445 2689 1620 2728 Oxyathrae
1633 2713 1641 2728 ,
1660 2688 1746 2720 Darii
1761 2687 1866 2719 fratris
1879 2711 1887 2726 ‚
1902 2696 1976 2727 quae
1999 2686 2106 2726 nupsit
2123 2685 2274 2725 Dionysio

1230 2743 1390 2775 Heracleae
1397 2744 1543 2783 tyranno.
1557 2741 1785 2773 Demosthenes
1793 2750 1868 2772 vero
1876 2740 1917 2772 ab
1926 2743 2087 2772 Amazone
2097 2737 2275 2771 Amastride

1229 2796 1340 2828 urbem
1356 2804 1473 2827 nomen
1491 2795 1607 2826 habere
1623 2795 1678 2826 ait.

1724 2856 1777 2888 10.

1272 2923 1459 2963 Apollonia,
1478 2921 1556 2953 urbs
1575 2923 1689 2953 Ionum
1702 2922 1734 2953 in
1758 2920 1910 2959 Thracia,
1932 2929 2030 2961 quam
2047 2919 2276 2952 Demosthenes

1232 2976 1398 3007 memorat.

1686 3046 1694 3052 ·
1724 3034 1780 3067 11.

1274 3103 1466 3143 Dorylaeum
1478 3125 1487 3142 ‚
1506 3102 1581 3133 urbs
1595 3101 1757 3142 Phrygiae,
1773 3110 1869 3142 quam
1887 3102 1983 3133 etiam
2000 3100 2184 3141 Dorylaeum
2212 3101 2274 3130 De-

1233 3156 1415 3188 mosthenes
1429 3155 1518 3187 dicit.

1730 3216 1786 3248 12.

1274 3284 1403 3320 Cressa,
1428 3281 1505 3313 urbs
1522 3281 1743 3322 Paphlagoniae
1754 3305 1763 3321 ,
1781 3290 1878 3322 quam
1902 3280 2057 3311 Meriones
2076 3277 2146 3318 post
2163 3275 2277 3308 Troica

1234 3333 1394 3372 condidit3
1409 3333 1508 3364 Zeilas
1521 3342 1597 3365 vero
1622 3332 1801 3365 Nicomedis
1828 3332 1912 3364 filius
1928 3331 2022 3371 cepit.
2050 3327 2276 3361 Demosthenes

1234 3386 1350 3426 gentile
1365 3386 1474 3418 scribit
1487 3388 1658 3418 Cressneus.

2095 3443 2127 3465 25
