2372 3704
171 222 245 253 660

168 304 271 339 Fort.
298 302 537 337 scribendum
562 310 616 338 est
720 305 925 353 συναγωγῇ,
947 303 1068 354 [Γῆν]
1096 305 1211 357 Εὖρυ·

169 360 309 411 στέρνας
324 362 381 396 vel
401 361 634 411 Εὐρυστέρνου
648 361 746 407 κτλ.;
761 363 817 397 sin
830 363 965 408 minus,
983 376 1068 399 cum
1082 365 1212 400 Ruhn-

168 419 282 454 kenio
301 431 372 466 pro
391 418 586 464 ἀναστῆσαι
606 420 645 454 in
658 432 741 467 sqq.
763 421 843 469 lege
858 420 1063 466 ἀναστῆναι.

221 476 265 514 Ρ.
305 477 391 515 158.
415 498 466 506 --
486 477 598 527 Apud
622 479 864 514 Plutarchum
891 481 965 526 Qu.
998 481 1062 518 Gr.
1089 494 1123 516 c.
1149 493 1209 529 19.

170 536 206 570 in
231 549 266 573 v,
294 535 536 584 Μνασιγείτων
563 537 680 573 latere
710 550 852 573 nomen
875 539 1049 573 Mnaseoe
1076 540 1210 574 Hiille-

169 606 327 630 mannus
344 607 498 642 quoquc
514 607 576 643 ap.
603 596 718 632 Mehl.
737 597 763 632 l.
780 596 804 632 l.
821 609 860 643 p.
887 610 900 631 1
914 596 956 631 13
973 596 1143 643 conjecit.
1161 618 1212 623 —

169 654 342 688 Ceterum
359 653 575 701 fragmentis
591 653 689 689 sedis
707 655 859 689 incertae
880 654 978 690 adde
997 656 1123 690 locum
1138 655 1211 690 du-

167 711 238 746 biae
259 713 492 747 auctoritatis
520 724 581 760 ap.
612 710 814 760 Apulejum
858 714 914 748 De
932 713 1103 761 orthogr.
1124 725 1164 761 p.
1189 712 1209 748 5

168 769 308 807 Osann.
323 798 333 814 ‚
355 770 401 806 de
426 771 627 807 Furiarum
649 770 868 818 parentibus
888 783 896 805 z
916 772 1046 814 Filiae,
1073 783 1210 805 secun-

167 829 253 864 dum
275 831 502 874 Eudemum,
521 829 743 864 Acheruntis
756 837 793 864 et
805 831 930 865 Noctis
935 828 1115 874 ficerunt,·
1137 830 1210 864 Or-

163 887 283 935 pheus
302 890 471 924 Plutonis
486 896 522 923 et
537 889 783 935 Pi·ose1pinoe.
801 889 979 934 Virgilius
992 889 1100 923 modo
1116 888 1213 923 hunc

168 948 274 982 modo
286 948 390 982 illum
399 955 551 983 secutus.
564 946 820 981 Athenodorus
828 954 866 980 et
873 947 1053 981 Mnaseas
1063 945 1211 994 (Mnas-

168 1014 220 1040 tes
239 1006 343 1051 cod.;
363 1007 544 1041 Mnaseas
558 1019 630 1041 em.
653 1005 743 1040 Mai.
763 1005 773 1053 )
790 1005 876 1040 Orci
890 1014 928 1040 et
937 1006 1074 1052 Stygis&
1092 1005 1211 1041 Eude-

167 1077 271 1099 mum
303 1065 470 1100 Osannus
498 1064 671 1112 intelligit
701 1064 992 1111 peripateticum
1006 1091 1016 1108 ,
1046 1076 1065 1099 e
1103 1063 1210 1110 cujus

170 1122 484 1170 Theologumenis
520 1123 737 1158 Damascius
765 1123 821 1157 De
847 1123 1013 1170 princip.
1053 1134 1141 1167 xiv,
1173 1122 1213 1157 in

168 1179 297 1215 Wolfii
309 1181 453 1219 Anecd.
473 1188 498 1216 t.
514 1182 589 1228 111,
601 1193 639 1228 p.
656 1180 743 1225 236,
758 1181 895 1228 placita
909 1180 956 1216 de
969 1191 1093 1216 rerum
1108 1180 1213 1228 prin-

169 1239 270 1286 cipio
290 1251 310 1274 a
329 1240 448 1274 Nocte
468 1238 676 1274 derivando
698 1240 799 1276 citat.
1175 1286 1179 1288 Π

221 1295 312 1344 pag.
342 1297 428 1342 164,
449 1297 498 1332 ad
514 1297 648 1345 fragm.
672 1309 714 1343 17
735 1296 832 1332 adde
845 1297 972 1331 locum
988 1297 1212 1344 Hieronymi

167 1355 204 1388 in
215 1356 454 1390 Jovinianum
473 1355 591 1405 (opp.
615 1355 720 1390 Hier.
740 1362 830 1392 tom.
851 1354 917 1400 lv,
938 1367 976 1402 p.
992 1354 1089 1404 207)
1110 1367 1118 1390 :
1135 1357 1211 1390 Re-

165 1413 240 1455 fert
252 1415 407 1460 Satyrus
419 1418 481 1462 qui
498 1416 692 1450 illustrium
707 1417 868 1449 virorum
880 1414 1005 1448 scribit
1012 1413 1202 1458 historias,

166 1474 268 1519 quod
283 1475 468 1520 Diogenes
482 1474 642 1521 palliolo
660 1473 801 1520 duplici
816 1484 898 1507 usus
910 1476 961 1507 sit
971 1481 1123 1520 propter
1128 1470 1210 1518 fri-

166 1543 257 1578 ἕω,-
277 1545 409 1579 peram
422 1545 493 1579 pro
516 1533 670 1566 cellario
689 1531 876 1573 habuerit,
910 1543 1104 1579 secumque
1118 1544 1210 1579 por-

168 1593 259 1624 tarit
275 1592 418 1625 clavum
437 1591 482 1626 ob
504 1590 708 1638 corpusculi
717 1587 993 1635 flagilitatem,
1029 1602 1101 1637 qua
1123 1593 1209 1636 Jam

167 1659 282 1683 senex
304 1649 469 1684 membra
500 1655 704 1683 sustentare
733 1649 862 1684 solitus
891 1655 990 1691 erat;
1019 1656 1058 1683 et
1075 1645 1207 1698 ἡμερό,

167 1703 239 1747 ὄιος
260 1709 372 1754 vulgo
388 1708 598 1756 appellatus
610 1709 667 1751 sit,
697 1710 736 1741 in
749 1714 970 1754 praesentem
986 1706 1116 1742 horam
1124 1721 1182 1755 po
1193 1729 1209 1734 -

166 1778 270 1801 scens
283 1779 308 1801 a
319 1765 481 1814 quolibet
489 1774 526 1801 et
536 1769 722 1815 accipiens
731 1766 866 1802 cibum.
881 1766 1074 1801 Habitavit
1086 1774 1208 1802 autem

167 1827 204 1858 in
208 1833 400 1872 portarum
414 1825 601 1860 vestibulis
610 1833 649 1859 et
649 1827 782 1872 portici
786 1822 850 1859 bus
858 1827 1041 1859 civitatum
1047 1851 1055 1859 .
1071 1825 1209 1871 Quum-

167 1895 236 1931 que
258 1895 299 1918 se
319 1891 567 1932 contorqueret
585 1886 622 1918 in
642 1883 756 1927 dolio,
784 1883 983 1918 volubilem
1009 1895 1048 1918 se
1072 1883 1210 1919 habere

166 1941 313 1976 domum
323 1943 525 1988 ¹jocabatur
550 1949 585 1976 et
606 1953 645 1976 se
664 1953 745 1976 cum
766 1942 990 1988 temporibus
1010 1944 1206 1977 immutan-

167 1996 253 2038 tem.
274 2002 431 2047 Frigore
450 2004 547 2036 enim
575 2013 613 2035 os
627 2001 720 2035 dolii
737 2001 907 2035 vertebat
932 2003 969 2034 in
992 2001 1202 2043 meridiem,

166 2067 298 2095 oestate
325 2061 380 2095 ad
393 2062 687 2108 septemtrionem
709 2071 718 2093 .·
744 2066 783 2093 et
809 2066 989 2105 utcunque
1006 2059 1064 2094 sol
1085 2070 1124 2093 se
1144 2062 1210 2093 in—

166 2119 385 2162 clinaverat,
413 2120 592 2167 Diogenis
618 2119 730 2153 simul
740 2121 957 2166 praetorium
982 2118 1208 2154 vertebatur.

168 2178 336 2223 Quodam
349 2190 436 2212 vero
454 2186 615 2225 tempore
628 2176 768 2212 liabens
782 2176 836 2211 ad
840 2176 1046 2223 potandum
1061 2187 1210 2211 caveum

168 2237 345 2282 ligneum,
380 2237 471 2271 vidit
485 2248 639 2284 puerum
673 2247 785 2270 manu
813 2247 974 2270 concava
1004 2234 1145 2278 bibere,
1177 2243 1212 2270 et

167 2297 303 2331 elisisse
321 2297 415 2331 illud
437 2295 557 2338 fertur
574 2297 628 2330 ad
646 2303 799 2338 terram,
832 2295 960 2329 dicens
988 2307 1000 2328 :
1026 2311 1042 2325 «ι
1061 2296 1210 2331 Nescie-

168 2355 253 2389 bam
271 2356 371 2402 quod
382 2362 516 2389 natura
532 2354 684 2389 liaberet
694 2354 883 2401 poculum.
905 2369 920 2384 »
942 2353 1119 2388 Virtutem
1134 2357 1212 2399 ejus

167 2422 206 2449 et
213 2417 477 2449 continentiam
496 2425 591 2447 mors
604 2424 743 2459 quoque
761 2413 914 2449 indicat.
927 2413 1026 2448 Nam
1038 2424 1146 2459 quum
1161 2413 1214 2447 ad

167 2485 324 2520 agonem
339 2473 489 2519 Olympi
492 2484 597 2506 acum
607 2474 669 2518 qui
681 2483 820 2517 magna
823 2469 1044 2518 frequentia
1055 2472 1212 2506 Groecice

170 2531 435 2573 celebrabatur,
455 2534 540 2576 jam
567 2541 681 2564 senex
701 2537 891 2576 pergeret,
905 2527 1011 2574 febri
1025 2532 1062 2563 in
1082 2533 1212 2565 itinere

166 2589 307 2623 dicitur
329 2587 600 2636 apprehensus,
627 2587 837 2621 accubuisse
857 2590 891 2621 in
907 2588 1095 2634 crepidine
1109 2592 1208 2632 vioe,·

169 2648 447 2694 volentibusque
474 2659 554 2681 eum
575 2649 704 2681 amicis
722 2653 786 2680 aut
811 2649 846 2679 in
858 2649 1068 2690 jumentum
1091 2654 1158 2681 aut
1176 2650 1211 2681 in

170 2705 379 2740 vehiculum
398 2706 542 2749 tollere,
571 2717 643 2740 non
663 2707 841 2752 acquievit
848 2717 862 2747 ‚·
882 2705 949 2738 sed
964 2708 1147 2739 transiens
1161 2706 1214 2739 ad

169 2765 307 2799 arboris
327 2765 492 2799 umbram
515 2765 651 2799 locutus
669 2771 725 2798 est
744 2776 754 2797 .·
772 2778 787 2793 «
800 2763 908 2797 Abite
926 2774 1058 2809 quoeso,
1083 2771 1121 2797 et
1129 2776 1211 2811 spe-

169 2830 306 2858 ctatum
319 2827 465 2871 pergite
479 2835 487 2860 ε
506 2822 586 2858 hoec
597 2835 654 2857 me
665 2834 741 2857 nox
754 2829 822 2856 aut
838 2824 1015 2856 victorem
1034 2822 1213 2868 probabit

169 2890 235 2916 aut
247 2885 397 2918 victum.
412 2883 453 2917 Si
457 2879 607 2927 febrem
625 2884 751 2916 vicero
762 2907 772 2925 ,
794 2881 848 2915 ad
858 2892 1015 2927 agonem
1033 2884 1183 2915 veniam
1195 2892 1207 2924 ,-

169 2944 203 2975 si
234 2953 291 2975 me
322 2945 468 2984 vicerit,
502 2941 555 2975 ad
580 2938 729 2985 inferna
756 2939 991 2974 descendam.
1033 2954 1048 2971 υ
1081 2939 1212 2986 Ibique

166 3011 238 3046 per
263 3007 404 3034 noctem
439 3000 527 3034 eliso
554 3007 714 3047 gutture,
754 3010 826 3033 non
854 3005 929 3032 tam
958 3000 1050 3032 mori
1066 3009 1106 3032 se
1135 3001 1203 3041 ait,

170 3070 279 3105 quam
297 3056 445 3103 febrem
464 3066 577 3093 morte
597 3057 804 3093 excludere.

223 3115 311 3165 Pag.
341 3116 428 3163 164,
448 3116 495 3152 fr.
520 3128 582 3150 21.
608 3135 655 3141 —-
678 3115 848 3150 Eundem
868 3115 996 3150 locum
1014 3127 1132 3162 usque
1164 3114 1212 3151 ad

169 3176 284 3211 verba
295 3172 474 3224 συγγένεια
487 3171 594 3215 οὕτως
607 3171 760 3222 περιέχει
777 3173 910 3208 eodem
925 3173 1042 3208 modo
1056 3200 1065 3218 ‚
1082 3173 1211 3220 paullo

171 3234 384 3282 corruptius
401 3240 524 3268 tamen
536 3259 545 3277 ‚
566 3231 678 3267 habet
706 3231 874 3266 Eudocia
890 3244 929 3279 p.
957 3231 1031 3266 366
1049 3258 1058 3275 ,
1075 3238 1111 3266 et
1132 3233 1209 3266 Du-

171 3293 325 3340 cangius
340 3292 380 3326 in
392 3291 491 3326 notis
517 3290 565 3326 ad
581 3291 767 3325 Zonaram
789 3289 899 3337 (tom.
925 3291 962 3334 I,
979 3302 1019 3336 p.
1048 3289 1121 3335 677
1145 3289 1208 3326 ed.

170 3353 289 3387 Bonn.
306 3349 335 3400 ).
357 3351 530 3386 Ceterum
557 3349 663 3384 initio
695 3348 914 3396 fragmenti,
936 3348 1033 3383 linea
1061 3347 1104 3392 5,
1125 3356 1212 3396 post

170 3410 287 3446 verba
304 3406 445 3459 πρώτην
459 3404 671 3449 κατέστησεν
696 3407 866 3443 Eudocia
884 3405 1031 3441 addidit
1051 3403 1114 3451 τὴν
1130 3408 1209 3444 Διο-

895 216 1064 255 ADDEN
1072 217 1136 255 DA
1168 217 1243 255 ET.
1259 218 1447 258 CORRlG
1456 220 1519 258 EN
1527 220 1591 258 DA

1271 306 1401 353 νυσίαν,
1421 320 1535 355 quam
1548 321 1680 344 vocem
1697 322 1755 357 ap.
1775 311 2027 359 Theophilum
2039 313 2217 350 excidisse
2226 327 2309 351 mo·

1270 367 1431 401 nuimus.
1449 367 1658 403 Meinekius
1675 369 1786 405 Anal.
1806 370 1913 405 Alex.
1931 382 1973 418 p.
1999 370 2074 412 346
2103 368 2166 415 τὴν
2186 373 2312 417 Διονυ-

1273 421 1352 460 σίδα
1373 425 1499 470 dedit,
1519 437 1748 473 quamquam
1765 427 1802 461 in
1825 440 1931 475 seqq.
1953 429 2145 476 vulgatam
2163 431 2208 475 τῆ
2232 431 2314 468 Διο-

1271 478 1370 530 νυσία
1394 481 1483 532 φυλῇ
1504 484 1670 520 retinuit.
1691 485 1874 520 Praeterea
1885 498 1958 534 pro
1981 486 2016 522 ἐν
2043 470 2198 537 Κυρήνῃι
2213 489 2312 538 βασι·

1269 537 1425 582 λεύοντος
1443 541 1610 576 Eudocia
1622 542 1755 578 melius
1781 543 1898 579 habet
1915 543 1950 579 ἐν
1985 543 2127 596 Κυρήνῃ
2150 545 2314 595 βασιλεύ-

1271 609 1404 639 σαντος.
1428 600 1518 644 Quae
1530 607 1739 646 sequuntur
1751 601 1855 648 apud
1866 600 2073 638 Eudociam
2087 605 2145 639 De
2163 604 2314 652 regibus

1270 654 1468 692 Persarum
1479 683 1489 702 ‚
1512 658 1624 704 Syriae
1639 665 1677 694 et
1691 659 1858 707 AEgyptii
1869 673 1987 708 usque
1999 661 2048 697 ad
2058 662 2290 711 Cleopatram
2299 691 2310 709 ‚

1270 713 1319 749 ad
1333 716 1504 763 Satyrum
1523 716 1617 751 nihil
1633 717 1834 764 pertinent.

1324 771 1418 821 Pag.
1440 772 1510 809 165
1523 787 1562 819 a,
1577 775 1640 810 lin.
1655 787 1700 810 21
1723 776 1839 812 verba
1850 772 1957 813 “OOev
1973 775 2075 815 καὶ...
2092 777 2212 827 δῆμοι,
2229 791 2314 829 quae

1271 832 1377 866 uncis
1410 832 1566 880 inclusi,
1601 833 1880 882 transponenda
1897 846 1970 870 esse
1997 841 2083 872 ante
2106 836 2223 873 verba
2237 834 2322 875 ὅθεν

1271 889 1329 925 καὶ
1347 889 1380 925 ἐν
1404 891 1447 940 τῇ
1466 888 1631 942 Διονυσία
1648 891 1744 940 mk,
1761 892 1859 928 bene
1882 901 2012 929 monet
2039 894 2203 938 Meinek.
2231 895 2260 935 l.
2282 898 2310 935 1.

1274 947 1419 984 Deinde
1432 949 1548 984 verba
1568 947 1736 1000 Ἀριαδνὶς
1750 948 1820 986 ἀπὸ
1836 951 1896 992 τῆς
1913 948 2079 1001 θυγατρὸς
2100 950 2204 989 Μίνω
2217 978 2228 999 ,
2246 967 2310 1003 γυ·

1270 1004 1385 1047 ναικὸς
1402 1003 1436 1042 δὲ
1455 1005 1642 1053 Διονύσου,
1669 1005 1791 1049 παιδὸς
1811 1007 2026 1059 πατροφίλης
2041 1010 2104 1054 τῆς
2127 1009 2307 1061 μιχθείσης

1270 1061 1427 1114 Διονύσῳ
1447 1063 1480 1099 ἐν
1498 1065 1613 1115 μορφῇ
1630 1063 1816 1115 πρυμνίδι,
1834 1067 1888 1102 ita
1912 1065 2039 1111 dedit,
2059 1075 2102 1104 ut
2120 1069 2160 1104 in
2188 1078 2310 1118 postr.

1269 1122 1461 1170 scripserit
1477 1122 1515 1158 ἐν
1540 1122 1669 1174 ὀροφῇ
1701 1137 1780 1174 πρυ
1793 1121 1941 1175 μναίᾳ.
1974 1126 2064 1172 Quae
2082 1127 2192 1163 nimis
2211 1140 2312 1176 qua·

1269 1180 1337 1216 sita
1355 1181 1471 1217 verba
1487 1189 1574 1217 sunt
1599 1194 1711 1230 quam
1732 1190 1775 1218 ut
1800 1196 1886 1218 cum
1909 1184 2060 1232 reliquo
2079 1184 2156 1221 loci
2185 1192 2313 1224 tenore

1271 1240 1462 1275 conciliari
1497 1241 1652 1288 possint.
1682 1242 1814 1289 Neque
1843 1241 1979 1277 fabulae
2010 1241 2196 1288 ejusmodi
2219 1244 2314 1292 quid

1269 1298 1524 1346 suppeditant.
1542 1298 1734 1334 Diodorus
1749 1301 1800 1344 V,
1839 1298 1884 1335 51
1899 1327 1910 1344 ‚
1931 1304 1952 1342 l.
1976 1311 1984 1336 :
2003 1298 2168 1343 Διόνυσος
2187 1299 2224 1338 δὲ
2249 1316 2312 1339 νυ-

1269 1354 1348 1398 κτὸς
1370 1354 1532 1406 ἀπήγαγε
1549 1354 1611 1401 τὴν
1631 1355 1811 1406 Ἀριάδνην
1832 1357 1878 1400 εἷς
1898 1356 1938 1394 τὸ
1956 1356 2033 1407 ὅρος
2046 1356 2085 1394 τὸ
2098 1357 2312 1409 καλούμενον

1269 1413 1371 1466 Δρίος
1398 1415 1454 1467 (in
1469 1417 1574 1452 Naxo
1597 1415 1708 1465 ins.).
1733 1417 1832 1452 Hine
1859 1424 1990 1452 nostro
2013 1417 2100 1453 loco
2127 1417 2313 1468 refingere

1268 1476 1387 1522 possis
1405 1485 1414 1511 :
1432 1474 1467 1511 ἐν
1483 1476 1615 1525 κορυφῇ
1635 1472 1821 1525 δρυμώδει.
1843 1477 1891 1511 At
1908 1475 1979 1511 hoc
2003 1488 2157 1524 quoque
2175 1489 2312 1526 parum

1267 1533 1406 1580 placet.
1423 1535 1566 1570 Vereor
1581 1545 1628 1569 ne
1641 1533 1759 1569 verba
1769 1532 1926 1574 παιδὸς...
1937 1531 2118 1584 πρυμνίδι,
2134 1546 2180 1570 ex
2190 1536 2313 1584 glossa

1267 1589 1466 1639 fluxerint,
1485 1604 1567 1639 quae
1584 1592 1623 1627 in
1643 1599 1786 1628 textum
1805 1592 2019 1639 irrumpens
2039 1599 2221 1641 corrupta
2242 1600 2309 1630 est.

1271 1651 1516 1686 Annotaverit
1547 1651 1682 1698 aliquis
1722 1661 1730 1687 ε
1767 1651 1829 1695 τ’ἥς
1851 1647 1953 1687 Μίνω
1977 1648 2100 1691 παιδὸς
2115 1647 2176 1686 καὶ
2196 1650 2312 1688 Πασι-

1269 1707 1358 1759 φάης
1374 1710 1433 1753 τῆς
1454 1706 1634 1759 μιχθείσης
1647 1707 1662 1758 [
1675 1706 1905 1759 Μινοταύρῳ]
1922 1709 1955 1744 ἐν
1970 1706 2088 1759 [βοὸς]
2101 1710 2217 1760 μορφῇ
2234 1723 2313 1761 πρι-

1268 1765 1356 1817 νίνῃ.
1378 1769 1422 1804 In
1436 1768 1636 1816 postremis
1650 1767 1813 1804 Meinek.
1838 1779 1909 1815 pro
1932 1765 2071 1809 Εὐαινὶς
2088 1765 2157 1803 ἀπὸ
2174 1766 2312 1813 Εὖνόος,

1269 1826 1374 1873 quod
1401 1827 1490 1861 libri
1504 1826 1664 1871 habent,
1685 1826 1834 1874 scripsit
1861 1819 1982 1867 Εὐνεῒς
2013 1823 2082 1862 ἀπὸ
2102 1822 2238 1865 Εὔνεω.
2262 1828 2313 1863 At

1271 1885 1414 1920 Bacchi
1423 1884 1544 1920 filium
1561 1886 1732 1920 Euneum
1751 1897 1830 1919 non
1845 1884 2029 1920 novimus.

1322 1941 1412 1992 Pag.
1445 1943 1516 1979 168
1536 1956 1575 1988 a,
1599 1944 1663 1978 lin.
1697 1956 1729 1979 1.
1753 1963 1798 1969 -
1820 1944 1894 1978 Pro
1920 1943 2135 1991 Serapionis
2151 1943 2313 1980 Sotionis

1258 1999 1320 2047 f.‚
1346 2002 1427 2050 lege
1446 2002 1664 2050 Serapionis
1669 1999 1724 2046 f.,
1751 2002 1923 2036 Sotionis.

1321 2059 1366 2096 P.
1386 2060 1472 2108 169,
1494 2060 1542 2097 fr.
1561 2059 1598 2108 5,
1614 2068 1712 2105 not„
1728 2061 1792 2095 lin.
1816 2059 1852 2098 3.
1870 2082 1922 2086 —
1936 2060 2011 2095 Pro
2024 2059 2074 2095 ab
2091 2060 2312 2097 Alexandro

1269 2121 1416 2155 condita
1434 2120 1514 2168 lege
1531 2119 1580 2154 ab
1599 2118 1813 2154 Alexarcho
1831 2119 1997 2155 condita.

1323 2176 1365 2215 P.
1390 2177 1482 2226 196,
1509 2185 1596 2226 post
1619 2176 1667 2215 fr.
1708 2176 1752 2212 15
1780 2189 1859 2212 non
1894 2176 2007 2212 fuerit
2041 2175 2144 2212 nefas
2175 2177 2309 2212 memi-

1268 2237 1362 2272 nisse
1382 2236 1522 2272 Natalis
1540 2236 1713 2280 Comitis,
1741 2235 1807 2283 qui
1831 2235 1884 2269 ita
1901 2234 2014 2269 habet
2034 2234 2102 2270 lib.
2138 2233 2216 2278 lx,
2244 2233 2264 2269 3
2297 2245 2307 2271 τ

1268 2296 1422 2343 Scripsit
1437 2294 1733 2344 Agatharchides
1748 2294 1900 2330 Cnidius
1925 2293 2018 2328 libro
2043 2294 2147 2328 tertio
2167 2293 2303 2328 Rerum

1269 2357 1513 2389 Asiaticarum
1542 2353 1768 2388 Chimaeram
1800 2353 1990 2387 mulierem
2011 2347 2135 2396 fuisse
2158 2352 2307 2386 Amiso-

1269 2414 1364 2456 dari,
1386 2416 1450 2460 qui
1475 2414 1669 2460 imperavit
1681 2412 1817 2454 Lyciae,
1835 2422 1919 2457 quoe
1929 2410 2020 2444 duos
2032 2406 2180 2454 fratres
2192 2409 2308 2445 liabe-

1270 2480 1332 2516 ret,
1354 2473 1513 2506 Leonem
1533 2478 1569 2506 et
1580 2460 1799 2506 Draconem.
1815 2470 1868 2504 Hi
1884 2479 1994 2515 quum
2005 2468 2133 2514 Lycioe
2151 2468 2231 2503 loca
2251 2470 2307 2502 in-

1269 2530 1495 2566 cursionibus
1509 2537 1547 2564 et
1571 2529 1714 2563 insidiis
1727 2535 1934 2576 opportuna
1945 2538 2026 2561 cum
2040 2537 2180 2573 magna
2194 2538 2307 2561 manu

1262 2591 1436 2634 juvenum
1461 2594 1720 2636 occupassent,
1743 2586 1920 2621 adeuntes
1946 2597 1994 2620 ea
2014 2584 2096 2619 loca
2113 2584 2308 2620 obtrunca-

1271 2648 1380 2691 bant,·
1404 2647 1449 2681 ob
1466 2646 1700 2681 concordiam
1719 2647 1835 2692 igitur
1841 2641 2009 2690 fratrum
2029 2650 2066 2677 et
2082 2645 2215 2678 sonoris
2229 2654 2308 2678 cor-

1266 2718 1336 2753 pus
1354 2717 1465 2739 unum
1482 2706 1553 2739 tria
1571 2703 1708 2738 habere
1722 2704 1788 2737 illa
1801 2705 1928 2750 capita
1934 2698 2107 2746 fabulati
2120 2707 2218 2737 sunt.
2236 2700 2308 2736 Hos

1270 2762 1571 2810 Bellerophontes
1587 2765 1629 2797 vi
1645 2763 1827 2809 superavit
1838 2768 1876 2795 et
1887 2763 1925 2794 in
1937 2762 2143 2794 servitutem
2157 2758 2308 2806 redegit.

1271 2822 1396 2867 Quare
1414 2821 1534 2855 dictus
1549 2828 1604 2855 est
1615 2819 1808 2867 plumbum
1835 2821 1874 2852 in
1897 2829 1958 2852 eos
1977 2819 2179 2860 intrusisse,
2210 2816 2310 2863 quod

1268 2882 1382 2914 etiam
1395 2886 1547 2913 testatur
1556 2880 1583 2913 I
1581 2881 1702 2912 sacius
1717 2880 1754 2911 in
1768 2874 2059 2923 Lycophronem.
2075 2873 2311 2910 Verbotenus

1270 2936 1346 2972 fere
1365 2937 1444 2971 haec
1457 2948 1476 2971 e
1496 2937 1625 2971 Tzetze
1645 2934 1694 2970 ad
1709 2936 1803 2981 Lyc.
1825 2946 1885 2979 17,
1899 2944 1939 2981 p.
1958 2934 2034 2969 300
2051 2931 2109 2967 ed.
2122 2931 2176 2968 M.
2189 2937 2308 2967 trans-

1270 2995 1342 3030 lata
1360 3001 1443 3030 sunt
1456 3021 1466 3038 ‚
1488 2994 1557 3028 nisi
1577 2993 1682 3040 quod
1701 2989 1991 3039 Agatharchidis
2009 2990 2239 3025 mentionem
2259 2988 2308 3025 de

1269 3066 1336 3089 suo
1354 3052 1540 3088 addidisse
1556 3051 1694 3087 Natalis
1712 3050 1874 3086 videtur.

1322 3109 1413 3159 Pag.
1452 3110 1526 3146 236
1540 3137 1550 3154 ‚
1577 3109 1624 3146 fr.
1654 3113 1718 3157 94.
1739 3129 1791 3135 —
1815 3109 1861 3142 In
1890 3107 1965 3142 hoc
1998 3107 2207 3155 fragmento
2234 3118 2308 3155 pro

1270 3167 1303 3207 ’A
1315 3169 1336 3206 λ
1345 3167 1360 3206 ε’
1369 3166 1385 3212 ξ
1395 3182 1441 3204 αν
1453 3167 1472 3204 δ
1481 3181 1540 3219 ρος
1559 3166 1593 3203 ἐν
1611 3167 1659 3216 τῷ
1676 3165 1763 3218 Περὶ
1786 3165 1928 3215 Κύπρου
1941 3165 2180 3201 scribendum
2200 3165 2308 3201 vide-

1270 3237 1331 3264 tur
1361 3228 1398 3265 M
1408 3225 1423 3263 ε’
1433 3242 1450 3263 ν
1462 3241 1483 3263 α
1494 3241 1511 3262 ν
1523 3225 1542 3262 δ
1554 3239 1597 3276 ρο
1607 3240 1622 3267 ς
1650 3233 1719 3262 etc.
1743 3225 1838 3262 Vide
1858 3223 2058 3260 Menandri
2077 3223 2227 3272 Ephesii
2258 3223 2306 3262 fr.

1271 3295 1365 3324 tom.
1388 3287 1462 3330 lv,
1485 3298 1523 3334 p.
1545 3284 1632 3328 448-

1321 3345 1413 3393 Pag.
1439 3344 1532 3389 248,
1553 3350 1634 3379 not.
1666 3355 1696 3378 1.
1716 3362 1765 3369 —
1782 3341 1888 3378 Idem
1902 3354 1987 3377 cum
2002 3340 2207 3376 Posidonio
2226 3341 2308 3376 Ari-

1269 3405 1407 3440 starchi
1420 3409 1623 3452 anagnosta
1636 3402 1693 3438 vel
1711 3402 1804 3437 alius
1819 3401 2080 3449 grammaticus
2095 3406 2149 3435 est
2162 3399 2310 3436 Posido-
