2326 3724
94 197 168 231 160

438 337 465 363 ρ
591 316 634 354 Β.

143 418 187 445 12.
207 405 319 445 Βίων
339 407 358 445 ὅ
374 406 741 460 Βορυσθενίτηςέλεγε
764 407 813 458 μὴ
833 402 922 447 εἶναι
941 409 1052 453 θεοὺς·
1077 409 1130 448 διὸ

87 464 148 502 καί
166 466 259 503 ἐστιν
279 467 327 509 εἷς
345 465 449 504 αὐτὸν
471 464 699 518 ἐπίγραμμα·

170 558 295 599 Βίωνα,
311 559 364 591 τὸν
383 559 570 600 Βορυσθένης
583 559 676 600 ἔφυσε
689 562 730 599 γῆ
748 559 907 591 Σκύθισσα
917 583 926 600 ,

172 606 270 646 λέγειν
284 606 438 647 ἀκούομεν
452 606 537 642 θεοὺς
551 608 592 642 ὡς
609 606 695 638 οὐδέν
712 607 788 638 εἰσιν
803 606 909 643 ὄντως.

166 653 225 684 Κεί
242 653 298 693 μὲν
310 653 346 684 τὸ
359 653 460 693 δόγμα
473 651 556 684 τοῦτ’
571 652 652 693 ἔχων
666 652 790 692 ἔμιμνεν
800 677 809 691 ,
827 652 864 691 ἦν
878 655 915 684 ἂν
928 654 1009 690 εἰκὸς

169 699 268 740 λέγειν
278 723 287 740 ,
302 702 419 741 φρονεῖν
433 700 516 736 ὅπως
530 700 632 730 δοκεῖ·
646 702 752 736 κακῶς
769 699 841 740 μὲν,
855 700 920 731 ἀλλ’
935 700 1029 737 ἔδοξε.

165 746 230 777 Νῦν
242 746 268 777 δ’
279 746 308 781 ἐς
319 746 412 778 νόσον
424 747 531 777 πεσὼν
546 746 665 787 μακρὴν
676 747 729 776 καὶ
742 747 784 786 μὴ
795 746 870 786 θάνῃ
884 747 1029 783 δεδοικὼς

165 793 183 823 ὁ
197 794 239 833 μὴ
254 793 339 830 θεοὺς
351 793 428 824 εἶναι
442 794 557 832 λέγων,
573 794 590 824 ὁ
603 793 676 827 νηὸν
693 793 761 824 οὐδὲ
778 794 892 833 βλέψας
902 817 911 832 ,

166 839 197 870 ὁ·
200 839 299 870 πολλὰ
315 840 472 880 χλευάσας
488 839 614 895 βροτοὺς
625 863 634 878 ,
649 839 718 870 ὅσοι
736 840 814 874 θεοῖς
827 839 913 871 ἔθυον
924 863 933 878 ,

166 886 203 916 οὐ
221 897 333 926 μουνον
349 887 482 928 ἐσχάρης
499 887 575 927 ὕπερ
597 887 713 927 βωμῶν
728 897 762 917 τε
780 886 833 917 καὶ
854 887 1004 935 τραπέζης

167 933 249 964 κνίσι
243 945 259 972 1
272 957 281 972 ,
295 933 396 973 λίπει,
414 934 585 974 θυλήμασιν
600 934 678 964 θεῶν
692 933 797 964 ἔδαισε
809 934 912 973 §zvar

165 979 231 1011 οὐδ’
249 980 315 1012 εἷπε
330 983 442 1020 μοῦνον
452 1004 461 1020 ,
475 980 621 1019 ”Ηλιτον,
637 980 796 1019 σύγγνωτε
810 982 873 1016 τοῖς
885 980 976 1021 πρίν”
989 980 1068 1012 ἀλλὰ

167 1027 221 1057 καὶ
236 1028 306 1067 γραῒ
319 1028 416 1058 δῶκεν
430 1027 571 1068 εὐμαρῶς
583 1026 738 1067 τράχηλον
751 1027 792 1062 εἰς
807 1026 929 1067 ἐπῳδὴν

166 1074 220 1104 καὶ
234 1074 376 1105 σκυτίσιν
391 1074 559 1115 βραχίονας
574 1073 790 1114 πεπεισμένως
807 1073 914 1110 ἔδησε·

167 1120 282 1162 ῥάμνον
296 1132 329 1152 τε
345 1122 397 1152 καὶ
410 1121 524 1152 κλάδον
537 1121 649 1161 δάφνης
665 1121 741 1162 ὑπὲρ
758 1120 849 1161 θύρην
866 1121 973 1158 ἔθηκεν
985 1145 995 1161 ,

171 1167 296 1199 ἅπαντα
316 1169 431 1208 μᾶλλον
450 1169 469 1207 ἢ
490 1169 590 1199 θανεῖν
606 1168 728 1208 ἕτοιμος
747 1168 791 1199 ὢν
807 1169 983 1209 ὑπουργεῖν.

173 1215 285 1254 Μωρὸς
301 1216 327 1246 δ’
345 1215 377 1252 ὃς
391 1216 495 1253 ἤθελέν
508 1226 588 1251 τινος
602 1216 713 1256 μισθοῦ
728 1215 764 1246 τὸ
778 1215 857 1246 θεῖον
871 1216 948 1248 εἶναι
957 1239 967 1255 ,

166 1262 207 1297 ὡς
220 1265 281 1293 τῶν
295 1263 370 1294 θεῶν
386 1262 483 1294 ὄντων
497 1262 571 1294 ὅταν
585 1263 666 1294 Βίων
681 1262 753 1303 θέλῃ
769 1262 914 1302 νομίζειν.

166 1309 283 1350 Τοιγὰρ
297 1309 398 1350 μάτην
412 1313 547 1351 φρονῶν,
561 1309 606 1341 ὅτ’
621 1309 659 1349 ἦν
673 1309 754 1345 ἅπας
768 1310 785 1340 ὁ
797 1309 908 1350 λέμφος
926 1309 1054 1351 ἄνθραξ,

165 1356 220 1394 τήν
237 1359 325 1398 χεῖρα
343 1356 444 1392 τείνας
460 1356 522 1388 ὧδέ
539 1367 626 1397 πως,
645 1356 753 1397 Χαῖρ’,
768 1356 848 1396 εἷπε,
862 1359 963 1398 χαῖρε,
981 1358 1131 1389 Πλουτεῦ.

138 1436 250 1477 Βίων
271 1437 375 1482 ἄλλος
401 1437 608 1490 Ἀὸδηρίτης
638 1437 786 1491 ἔγραψεν
810 1432 897 1477 εἷναί
917 1454 1013 1483 τινας
1031 1439 1132 1486 οἷκή-

84 1510 173 1542 σεις,
205 1495 285 1534 ἔνθα
311 1495 466 1548 γίνεσθαι
487 1495 522 1542 ἓξ
544 1498 663 1548 μηνῶν
690 1495 754 1544 τὴν
783 1496 893 1535 νύκτα
914 1497 974 1536 καὶ
1001 1497 1036 1542 ἓξ
1065 1497 1127 1544 τὴν

84 1553 235 1607 ἡμέραν.

586 1646 627 1683 Γ.

139 1748 187 1775 13.
210 1735 436 1780 Γενέθλιος
455 1738 472 1774 ὃ
491 1738 764 1782 Παλαιστῖνος’
749 1755 784 1776 εν
804 1738 969 1815 ἀκροάσει
987 1745 1052 1792 μιᾷ
1070 1755 1131 1790 με·

86 1794 188 1842 λέτην
209 1794 328 1842 ὅλην
312 1795 636 1846 απεμνημόνευσεν.

583 1869 627 1906 Δ.

141 1949 186 1975 14.
220 1934 416 1988 Δαφίδας
447 1939 465 1975 ὃ
494 1938 713 1988 Τελμισσεὺς
746 1954 854 1977 πασιν
898 1940 1129 1991 ἐλοιδορεῖτο,

87 1994 176 2045 μηδὲ
198 1995 312 2032 αὐτῶν
337 1994 536 2047 φειδόμενος
563 1999 631 2034 τῶν
653 1999 716 2035 θε”
675 2013 757 2034 cmv·
788 1997 840 2036 διὸ
861 2014 921 2036 και
950 1998 1105 2051 ἐχθρός
1088 2014 1130 2045 ην

85 2051 241 2105 Ἀττάλῳ
257 2054 307 2106 τῷ
330 2054 468 2104 βασιλεῖ
484 2054 691 2107 Περγάμου.
717 2058 830 2100 Οὗτος
851 2055 958 2094 ἐλθών
980 2072 1063 2095 ποτε
1084 2059 1132 2100 εἷς

87 2110 266 2158 Πυθίαν,”
247 2127 424 2150 εσκωπτεν
436 2113 483 2156 εἷς
493 2112 532 2150 τὸ
545 2119 706 2163 μαντεῖον
718 2114 778 2152 καὶ
789 2117 886 2166 ἐπεγ
883 2140 890 2165 l
890 2117 1015 2153 ·ελῶν’
999 2114 1131 2168 ηρώτα,

85 2172 115 2208 εἷ
144 2170 202 2208 τὸν
235 2169 342 2208 ἵππον
363 2170 526 2222 εὓρήσοι·
548 2171 676 2225 ἔχρησε
710 2173 745 2211 δὲ
770 2174 865 2226 αὐτῷ
887 2173 1047 2226 εὑρήσειν
1068 2190 1130 2212 τα-

84 2229 188 2280 χέως.
215 2231 366 2273 Ἐκεῖνος
382 2229 418 2267 δὲ
435 2229 660 2282 διεθρύλλησε
679 2235 801 2280 τοῦτο,
819 2236 865 2276 ὼς
881 2231 958 2270 οὐδὲ
974 2227 1018 2280 ἦν
1036 2234 1131 2286 αὐτῷ

84 2286 209 2334 ι’ππος,
229 2286 306 2325 οὐδὲ
329 2286 503 2327 ἀπώλετο.
531 2288 826 2341 Αναχωρήσαντα
848 2289 884 2328 δὲ
905 2290 1131 2340 συλλαὸόμε-

85 2360 140 2388 νος
163 2346 331 2389 Ἄτταλος
353 2345 513 2384 ἐκέλευσε
542 2351 812 2398 κρημνισθῆναι.
835 2348 877 2388 Ὁ
898 2348 934 2386 δὲ
955 2350 1074 2397 τόπος,
1096 2351 1131 2388 ἐν

86 2418 115 2453 ῳ
141 2406 242 2440 τοῦτο
262 2402 416 2451 ἐγένετο,
433 2405 591 2447 ἐκαλεῖτο
617 2405 763 2453 Ἵππος,
789 2421 848 2444 και
869 2405 957 2457 ἔγνω
977 2406 1062 2459 πρὸς
1081 2423 1131 2445 τω

85 2460 244 2513 Θανατῳ,
265 2461 314 2511 μὴ
337 2463 500 2514 ἐψεῦσθαι
517 2462 556 2501 τὸ
577 2463 628 2500 λό
617 2479 703 2514 γ.ιον

141 2533 186 2557 15.
209 2520 429 2573 Διαγόραν
449 2520 508 2559 τὸν
525 2522 761 2568 Τηλεκλείδου
788 2523 897 2574 εὐφυᾶ
920 2524 1131 2574 θεασάμενος

85 2577 304 2631 Δημόκριτος
321 2581 338 2616 ὃ
367 2579 572 2631 Ἀὅδηρίτης
591 2580 751 2626 ὠνήσατο
776 2582 878 2619 αὐτὸν
899 2583 1018 2620 δοῦλον
1047 2582 1129 2621 ὄντα

87 2635 222 2687 μυρίων
253 2637 444 2689 δραχμῶν,
465 2638 526 2676 καὶ
552 2639 712 2689 μαθητὴν
733 2641 935 2686 ἐποιήσατο.
957 2639 1001 2679 Ὁ
1031 2640 1066 2678 δὲ
1086 2644 1130 2693 τῇ

86 2698 210 2747 λυρικῇ
241 2695 403 2734 ἐπέθετο·
438 2698 616 2744 ἐπεκλήθη
647 2697 683 2736 δὲ
717 2698 833 2748 ἄθεος,
856 2698 975 2750 [δι]ότι
1007 2699 1130 2750 [τοῦτο

941 196 1186 239 HESYCHII
1214 199 1407 241 MILESII

1695 324 1741 364 B.

1242 421 1290 450 12.
1314 419 1400 451 Bion
1417 419 1656 460 Borysthenites
1667 420 1803 462 negabat
1817 429 1886 455 esse
1902 421 1996 464 deos,
2017 422 2050 455 in
2062 431 2158 465 quem
2171 431 2245 465 pro·

1197 476 1305 517 pterea
1319 476 1473 518 seriptum
1485 478 1549 510 tale
1561 479 1668 511 exstat
1682 480 1876 520 epigramma
1891 493 1899 512 :

1267 566 1378 602 Biona,
1392 575 1483 603 quem
1497 569 1698 605 Borysthenes
1710 569 1743 599 in
1755 571 1876 607 Scythia
1890 572 2048 608 produxit,

1269 611 1352 641 hunc
1366 612 1519 641 tradidisse
1531 615 1700 651 accepimus
1711 615 1783 645 deos
1797 617 1843 644 nil
1855 625 1918 647 esse
1930 619 2065 647 omnino.

1267 659 1355 694 Quod
1367 659 1398 692 si.
1408 661 1551 689 tenuisset
1570 659 1689 691 fortiter
1701 663 1843 699 placitum
1855 665 1957 699 semel,
1972 666 2082 695 dicturi

1267 714 1384 735 eramus
1398 715 1406 732 ε
1421 708 1518 736 sentit
1531 710 1565 737 ut
1576 709 1673 745 placet
1686 720 1694 737 =
1709 711 1785 740 male
1797 711 1914 745 hercle,
1929 715 1959 741 at
1971 713 2012 742 ita
2025 713 2172 750 placebat.

1267 755 1356 782 Nunc
1368 761 1458 789 vero·‚
1479 755 1511 783 in
1525 756 1663 784 morbum
1677 758 1711 785 ut
1724 756 1831 786 incidit
1852 758 1975 794 longum
1995 762 2026 789 et
2046 761 2123 789 mori
2139 759 2244 790 lormi-

1267 799 1346 835 dat]‚
1362 807 1423 829 non
1437 808 1499 829 esse
1514 802 1565 837 qui
1577 801 1651 831 dicit
1665 803 1752 838 deos,
1768 804 1818 840 qui
1833 805 1977 841 templum
1993 813 2148 842 nunquam
2157 814 2243 844 aspe-

1265 845 1309 873 xit
1317 845 1348 881 ,]
1370 846 1487 875 derisor
1510 847 1560 876 ille
1579 848 1752 877 mortalium
1777 850 1868 878 sacris
1891 851 1942 887 qui
1966 859 2080 880 numen
2105 852 2243 890 placant,

1265 899 1328 920 non
1341 893 1437 922 solum
1450 901 1540 930 super
1551 895 1694 924 altaribus
1702 917 1710 930 ,
1724 895 1799 925 focis
1811 899 1841 925 et
1853 905 1936 926 sacra
1947 905 2049 926 mensa

1266 938 1362 975 adipe,
1376 939 1483 968 nidore
1496 942 1526 969 et
1539 940 1676 970 thuribus
1692 949 1780 970 nares
1794 942 1921 972 deorum
1934 940 2083 980 implevit.

1267 991 1323 1013 nec
1345 984 1376 1014 id
1396 986 1487 1014 modo
1499 985 1573 1015 dixit
1586 987 1666 1023 quod
1687 988 1764 1017 solet
1779 999 1787 1016 =
1802 990 1927 1018 Peccavi
1936 1010 1944 1023 ,
1968 990 2085 1020 veniam
2105 989 2175 1019 date
2190 989 2243 1019 de-

1267 1030 1348 1059 lictis
1363 1034 1391 1066 ²]
1408 1032 1460 1060 sed
1473 1033 1544 1061 anui
1559 1031 1646 1061 facile
1665 1034 1793 1070 praebuit
1813 1035 1925 1064 collum
1940 1036 1995 1064 sibi
2011 1036 2242 1071 excantandum,

1266 1077 1441 1108 obedienter
1454 1083 1485 1108 et
1497 1079 1567 1109 loris
1586 1079 1783 1110 devincienda
1796 1082 1931 1115 brachia.

1267 1123 1484 1161 rhamnunique
1497 1128 1528 1154 et
1539 1125 1615 1155 lauri
1629 1127 1759 1155 ramulos
1771 1135 1860 1164 super
1874 1127 1955 1158 iores
1967 1129 2092 1166 posim,

1266 1170 1412 1206 quidquid
1426 1171 1497 1200 velis
1509 1174 1666 1208 promptus
1678 1173 1771 1209 magis
1783 1173 1885 1203 subire
1897 1182 1987 1211 quam
1999 1175 2180 1212 sepulcrum.

1259 1215 1398 1251 ‚stolidus
1408 1224 1490 1252 vero,
1507 1225 1542 1246 ex
1555 1218 1727 1247 mercedula
1739 1219 1790 1255 qui
1805 1218 1890 1248 divos
1903 1221 2118 1257 suspendebat,

1266 1268 1302 1290 ac
1313 1261 1337 1289 si
1350 1263 1424 1291 tunc
1436 1264 1534 1291 essent
1546 1261 1667 1299 quando
1679 1271 1730 1292 eos
1743 1264 1829 1292 Bioni
1842 1272 1904 1294 esse
1917 1265 2081 1302 expediret.

1267 1311 1390 1337 Frustra
1401 1316 1474 1345 ergo
1489 1310 1607 1348 sapiens
1619 1309 1676 1339 iste
1690 1311 1763 1347 stips
1773 1332 1781 1344 ‚
1801 1313 1837 1340 ut
1849 1310 1968 1341 factu'st
1985 1313 2078 1342 carbo
2091 1315 2188 1348 totus,

1266 1355 1308 1383 sic
1321 1354 1415 1384 ferme
1429 1354 1557 1384 tendens
1570 1355 1725 1385 dexteram
1738 1377 1747 1393 ,
1760 1356 1854 1391 salve,
1869 1358 1976 1395 inquit,
1992 1358 2094 1395 Pluto,
2107 1360 2206 1390 salve!

1236 1449 1323 1480 Bion
1345 1447 1426 1479 alter
1440 1446 1590 1479 Abderita
1605 1447 1639 1480 iu
1651 1447 1779 1490 scriptis
1790 1448 1856 1481 suis
1876 1449 2039 1490 prodidit,
2055 1459 2124 1484 esse
2139 1451 2243 1492 regio-

1194 1515 1266 1545 nes,
1298 1506 1356 1538 ubi
1378 1506 1539 1538 semestris
1563 1515 1628 1538 nox
1657 1506 1716 1547 sit,
1743 1507 1944 1549 totidemque
1978 1509 2136 1543 meusium
2175 1510 2244 1543 dies

1196 1565 1314 1607 (Dioq.
1330 1567 1386 1606 lv,
1402 1569 1494 1598 56-58
1503 1565 1528 1606 ).

1700 1650 1749 1690 G.

1241 1753 1287 1782 13.
1309 1748 1506 1782 Genethlius
1527 1749 1720 1783 palaestinus
1733 1749 1999 1784 declamationem
2018 1751 2173 1794 integram
2187 1761 2240 1785 se·

1194 1808 1257 1841 mel
1271 1808 1415 1841 auditam
1427 1808 1614 1841 memoriter
1627 1809 1786 1842 recitavit.

1701 1869 1751 1908 D.

1238 1948 1286 1977 14.
1301 1944 1482 1985 Daphidas
1493 1944 1684 1977 Telmisseus
1698 1942 1926 1984 grammaticus
1949 1944 2075 1977 nullum
2089 1954 2239 1978 noncon·

1194 2003 1284 2036 viciis
1305 2003 1498 2043 lacessebat,
1522 2012 1562 2035 ne
1583 2012 1602 2034 a
1615 2003 1675 2035 diis
1690 2003 1821 2044 quidem
1835 2002 1911 2043 ipsis
1926 2003 2106 2044 abstinens;
2125 2014 2242 2046 quam-

1193 2063 1305 2095 obrem
1336 2063 1444 2095 Attalo
1467 2062 1531 2103 regi
1564 2062 1710 2102 Pergami
1740 2061 1834 2094 valde
1857 2062 1976 2095 invisus
2005 2063 2075 2096 l'uit.
2099 2064 2160 2096 Hie
2182 2065 2242 2097 ali·

1193 2117 1323 2158 quando
1349 2116 1497 2157 Pythiam
1523 2124 1624 2156 quum
1649 2115 1795 2155 adiisset,
1821 2116 1953 2148 oraculo
1977 2116 2095 2157 illusit,
2121 2125 2161 2149 ac
2185 2127 2243 2159 per

1195 2176 1294 2208 risum
1309 2175 1506 2214 sciscitatus,
1526 2183 1567 2206 an
1589 2183 1709 2215 equum
1726 2178 1808 2206 esset
1821 2174 2028 2215 inventurus,
2053 2179 2240 2217 responsum

1193 2235 1333 2276 accepit,
1349 2243 1414 2266 non
1431 2234 1534 2265 multo
1557 2235 1628 2275 post
1644 2235 1859 2274 reperturum.
1883 2236 1966 2266 Tum
1989 2234 2042 2266 ille
2058 2235 2174 2276 passim
2187 2236 2239 2276 ja·

1193 2294 1305 2333 ctavit,
1319 2301 1440 2333 equum
1454 2301 1487 2324 se
1500 2301 1605 2332 neque
1618 2292 1766 2324 habuisse
1779 2301 1884 2333 neque
1896 2293 2046 2325 amisisse.
2060 2295 2168 2331 Quum
2181 2303 2240 2326 au-

1192 2353 1258 2384 tem
1268 2352 1480 2384 revertentem
1490 2349 1565 2383 eum
1574 2351 1701 2383 Attalus
1707 2350 1910 2391 corripuisset
1922 2352 1954 2383 et
1966 2351 2161 2392 praecipitcm
2171 2352 2240 2384 dan·

1189 2411 1334 2451 jussisset
1346 2419 1384 2442 eo
1409 2410 1443 2442 in
1458 2410 1548 2449 loco,
1571 2409 1627 2451 qui
1649 2412 1760 2450 Equus
1780 2410 1972 2450 appellatur,
1995 2411 2169 2444 moriturus
2193 2411 2238 2443 in·

1191 2469 1316 2502 tellexit
1332 2469 1501 2500 oraculum
1515 2477 1579 2500 non
1595 2469 1691 2500 fuisse
1703 2468 1887 2500 mentitum.

1237 2532 1286 2560 15.
1310 2530 1516 2567 Diaqoram,
1541 2527 1710 2559 Teleclidis
1731 2527 1832 2558 filium
1845 2551 1855 2567 ,
1870 2527 2072 2560 Democritus
2089 2527 2239 2561 Abderita

1192 2588 1315 2627 egregio
1326 2587 1453 2626 ingenio
1465 2585 1637 2626 praeditum
1652 2594 1784 2618 cernens
1796 2585 1907 2618 decem
1916 2586 2057 2619 millibus
2069 2586 2239 2619 drachma-

1191 2655 1264 2677 rum
1289 2654 1307 2677 e
1331 2644 1485 2676 servitute
1515 2644 1668 2684 redemit,
1693 2645 1726 2676 et
1750 2644 1782 2675 in
1809 2643 2038 2685 discipulorum
2065 2653 2237 2678 numerum

1192 2704 1320 2744 recepit.
1337 2704 1394 2735 llle
1410 2712 1484 2735 vero
1498 2703 1583 2743 poesi
1600 2702 1709 2742 lyricae
1727 2711 1856 2742 operam
1870 2702 1970 2734 dedit.
1986 2703 2238 2744 cognominatus

125 2804 145 2844 ξ
167 2809 211 2836 13.
226 2806 354 2838 Plenius
373 2807 442 2838 haec
455 2807 567 2839 Suidas
585 2811 594 2840 't
610 2810 830 2849 Γενέθλιος,
857 2811 1031 2847 Γενεθλίου,
1056 2811 1261 2846 Παλαιστῖνος
1277 2810 1312 2841 ἐκ
1333 2811 1470 2850 Πετρῶν,
1488 2809 1624 2848 μαθητὴς
1640 2810 1848 2839 Μινουκιανοῦ
1862 2809 1915 2839 καὶ
1934 2808 2125 2848 Ἀγαπητοῦ,
2147 2809 2238 2840 ἄντι·

85 2851 255 2888 παιδεύσας
277 2853 358 2884 κατὰ
379 2855 433 2890 τὰς
455 2854 576 2892 Ἀθήνας
592 2855 768 2896 Καλλινίκῳ
783 2859 828 2896 τῷ
847 2857 1008 2897 διασήμῳ,
1025 2857 1118 2894 δεξιὸς
1135 2859 1189 2896 τὴν
1211 2857 1313 2897 φύσιν,
1335 2857 1388 2887 καὶ
1411 2856 1484 2892 ὅλην
1509 2856 1638 2896 μελέτην
1661 2855 1940 2895 ἀπομνημονεύσας
1963 2856 1994 2886 ἐν
2012 2855 2132 2896 [suppl.
2159 2854 2235 2898 μιᾷ]

86 2898 244 2938 ἀκροάσει.
259 2901 394 2940 Τελευτᾷ
417 2901 448 2932 δε
464 2912 494 2932 νε
488 2902 528 2938 ὀς
545 2902 621 2933 ἐτῶν
637 2907 697 2940 κη’.
716 2903 855 2944 Ἔγραψε
870 2904 902 2934 δὲ
925 2904 1040 2939 Λαλιὰς
1057 2905 1122 2942 ἦτοι
1139 2905 1223 2936 διαλε
1210 2904 1281 2940 εξεις
1268 2927 1300 2942 ,
1323 2904 1375 2934 καὶ
1396 2903 1531 2937 Μελέτας
1519 2925 1551 2939 .„
1577 2901 1620 2932 ὧν
1643 2901 1726 2932 ἐστιν
1743 2901 1780 2932 Ὁ
1800 2901 1908 2937 ἄπολις
1933 2902 2071 2934 ἑαυτὸν’
2057 2903 2235 2943 αποκηρύτ·

86 2957 149 2976 των
164 2946 240 2985 μετὰ
253 2947 308 2984 τὴν
324 2951 385 2978 τῶν
403 2949 515 2985 Θηῧῶν
527 2951 742 2990 κατασκαφὴν,
762 2953 865 2991 Προπε
853 2952 1001 2991 εμπτικὸν
1017 2952 1091 3004 πρὸς
1103 2963 1174 2987 τους
1196 2953 1308 2983 ἑαυτου
1325 2950 1475 2991 ἑταίρους,
1499 2950 1660 2989 Δᾳδοῦχον
1675 2950 1727 2980 καὶ
1750 2948 1987 2987 Ἀσκληπιάδην,
2004 2950 2236 2990 Πανηγυρικους

87 2990 194 3031 [πέντε
216 2990 304 3024 addit
323 2994 494 3035 EudociaJ.
514 3008 529 3023 «
548 2996 594 3027 Ad
616 2996 702 3028 hunc
727 2998 933 3030 Genetlilium
948 2998 1038 3038 quasi
1060 2998 1240 3030 studiorum
1255 2998 1413 3039 sodalem,
1431 2998 1457 3030 si
1477 2997 1622 3029 Valesius
1640 2997 1726 3028 recte
1748 2996 1905 3037 conjecit,
1924 2996 2098 3029 Menander
2116 2997 2236 3030 librum

87 3040 134 3070 De
149 3040 298 3070 encomiis
314 3041 409 3072 misit
429 3054 445 3068 υ
461 3044 673 3075 ΒειιΝιιΑιιυγ.

129 3084 148 3124 §
170 3088 218 3117 14.
237 3087 349 3118 suidas
366 3101 373 3119 :
395 3090 589 3128 Δαφίδας,
608 3091 775 3131 Τελμισευς
763 3115 792 3129 ,
806 3092 1018 3132 γραμματικὸς
1005 3115 1035 3129 ς,
1049 3091 1208 3132 γεγραφὼς
1225 3091 1299 3132 Περὶ
1313 3090 1451 3130 Ὁμήρου
1467 3089 1519 3120 καὶ
1535 3092 1588 3126 τῆς
1603 3088 1698 3119 αὐτοῦ
1717 3088 1874 3125 ποιήσεως
1898 3087 1944 3119 ὅτι
1965 3087 2132 3128 ἐψεύσατο.
2146 3089 2234 3127 Ἀθη-

87 3135 168 3163 ναῖοι
191 3133 249 3173 γὰρ
272 3133 329 3164 οὐκ
345 3134 550 3174 ἐστράτευσαν
568 3137 616 3168 ἐπὶ
640 3137 744 3168 Ἰλ.ιον
764 3137 825 3169 Ην
845 3139 877 3168 δὲ
897 3149 985 3174 ουτος
1007 3138 1236 3179 λοιδορουμενος
1259 3137 1370 3176 παντὶ,
1387 3147 1439 3167 και
1467 3146 1503 3175 μ
1491 3136 1571 3176 ’χρις
1588 3135 1690 3166 αὐτῶν
1715 3135 1756 3175 μὴ
1779 3135 1953 3175 φειδόμενος
1977 3139 2039 3166 τῶν
2061 3136 2149 3167 θεῶν.
2172 3138 2234 3169 Καὶ

88 3177 233 3210 Ἄτταλον
257 3180 310 3220 μὲν
329 3181 381 3212 τὸν
403 3182 533 3221 βασιλέα
551 3183 715 3224 Περγάμου
738 3185 788 3216 διὰ
804 3189 895 3216 τοῦτο
913 3186 994 3226 ἔχειν
1011 3186 1096 3227 αὐτῷ
1112 3183 1361 3216 ἐπιδουλευοντα.
1385 3184 1438 3218 Εἰς
1458 3183 1490 3214 δὲ
1511 3183 1565 3219 τὴν
1583 3181 1701 3213 Πυθίαν
1721 3181 1847 3212 ἐλθόντα
1870 3182 1945 3213 ποτὲ
1962 3182 2118 3213 σκώπτειν
2139 3184 2181 3219 εἰς
2197 3183 2233 3215 τὸ

90 3228 247 3264 μαντεῖον,
263 3227 315 3257 καὶ
340 3227 528 3266 ἐπιγελῶντα
548 3230 594 3270 ἐρε
581 3231 690 3269 ε’,σθαι
710 3231 736 3262 εἰ
758 3231 810 3262 τὸν
834 3232 929 3263 ἰ’ππον
952 3233 1086 3273 ευρήσει.
1110 3234 1287 3275 Χρησθῆναι
1306 3232 1339 3263 δὲ
1359 3231 1462 3272 αὐτῷ,
1483 3231 1621 3272 εὑρησειν
1639 3230 1769 3270 ταχέως.
1789 3229 1869 3260 Εἶτα
1891 3230 2006 3261 ἐκεῖνον
2029 3231 2231 3271 διαθρυλῆσαι

87 3275 198 3311 τοῦτο,
213 3273 258 3304 ὅτι
274 3274 350 3313 μηδὲ
362 3275 399 3314 ἦν
418 3275 503 3316 αὐτῷ
516 3276 608 3313 ι’ππος
624 3278 699 3317 μηδε
713 3278 865 3310 ἀπώλετο.
889 3279 1146 3320 Ἀναχωρήσαντα
1163 3282 1194 3312 δὲ
1217 3278 1442 3335 συλλαὸόμενος
1461 3278 1604 3312 Ἄτταλος
1619 3276 1743 3312 ἐπέταξε
1757 3277 2073 3317 κατακρημνισθῆναι.
2088 3277 2140 3309 Ἐν
2161 3279 2187 3319 ᾧ
2200 3278 2234 3309 δὲ

87 3319 174 3360 τόπῳ
186 3323 276 3351 τοῦτο
290 3321 427 3360 ἐγένετο,
444 3322 598 3354 ἐκαλεῖτο*
599 3324 700 3360 Ιππος
719 3326 736 3355 ὁ
754 3325 858 3362 τόπος.
878 3327 938 3357 Καὶ
956 3327 1034 3366 ἔγνω
1049 3328 1122 3368 πρὸς
1135 3330 1180 3368 τῷ
1196 3326 1336 3366 θανάτῳ,
1352 3326 1394 3366 μή
1410 3325 1555 3366 ἐψεῦσθαι
1568 3324 1603 3355 τὸ
1616 3323 1734 3363 λόγιον.
1761 3323 1869 3359 Οὕτως
1883 3323 1935 3354 οὖν
1952 3324 2111 3364 ἐνυὸρίσας
2127 3327 2232 3359 κακῶς

90 3364 244 3396 ἀπώλετο.
264 3366 311 3397 Cf.
327 3367 474 3398 Valerius
488 3369 693 3409 Maximusl,
715 3375 745 3409 8,
761 3373 797 3410 8,
813 3371 925 3402 Strabo
939 3374 1026 3412 XlV,
1044 3382 1075 3412 p.
1094 3376 1176 3412 6473
1193 3374 1321 3405 Jacobs.
1339 3372 1372 3403 in
1385 3372 1514 3404 Anthol.
1536 3373 1615 3403 tom
1631 3372 1720 3408 xlll,
1735 3378 1764 3410 p.
1782 3373 1859 3409 88¹3
1875 3370 1986 3402 Cicero
2009 3372 2052 3402 De
2072 3371 2180 3402 iatoc
2199 3374 2231 3403 3

132 3409 150 3451 §
173 3415 220 3443 15.
242 3412 383 3446 Suidas:
402 3414 618 3456 Διαγόρας,
647 3417 792 3452 'trae-,05¹1
797 3419 850 3448 ὂου
868 3419 887 3455 ἲ,
905 3419 1117 3458 Τηλεκλύτον,
1138 3421 1271 3460 Μήλιος,
1298 3420 1460 3460 φιλόσοφος
1482 3420 1535 3450 καὶ
1553 3418 1701 3460 ᾀσμάτων
1715 3417 1860 3455 ποιητής·
1884 3417 1917 3448 ὃν
1935 3418 2031 3458 εαφυᾶ
2047 3417 2234 3459 θεασάμενος
