2372 3704
87 207 163 240 552
886 198 908 237 J
911 197 1015 238 OAN
1020 197 1052 237 N
1057 197 1098 237 lS
1127 198 1447 262 ANTIOCHENI

85 288 142 327 ὑπ’
160 290 289 340 αὐτῆς,
310 286 437 326 ἔλαὸον
454 285 562 334 αὐτὴν
586 286 647 326 σὺν
666 288 716 338 τῷ
737 285 916 338 ἀγάλματι
937 289 987 341 τῷ
1014 289 1137 341 χρυσῷ

85 350 146 394 τ’ῆς
170 347 378 400 Ἀρτέμιδος.
403 346 473 386 Καὶ
497 345 731 400 περιελθόντες
753 349 818 399 γῆν
839 346 973 392 πολλὴν
991 347 1136 400 ἐπανέρ·

84 420 210 456 χονται
231 406 278 449 εἷς
297 403 467 452 Μυκήνας
482 403 544 452 τὴν
566 405 655 443 ἰδίαν
672 405 844 457 πατρίδα·
861 406 921 444 καὶ
939 404 1059 444 δίδωσι
1072 405 1136 452 τὴν

87 462 286 517 Ἠλέκτραν
329 462 392 510 τὴν
426 463 581 516 ἀδελφὴν
613 462 698 516 πρὸς
737 463 849 515 γάμον
891 466 942 516 τῷ
977 463 1137 516 Πυλάδῃ.

86 521 221 560 Μαθὼν
243 522 278 561 δὲ
303 525 322 562 ὃ
342 525 402 570 τῆς
416 522 569 566 Σκυθίας
585 521 746 574 βασιλεὺς
769 521 904 575 ἔπεμψε
922 521 1139 575 στρατιώτας

89 581 241 625 πολλοὺς
267 580 515 625 ἐπιδιώκοντας
536 580 673 625 αὐτούς.
709 583 756 620 Οἱ
783 580 819 619 δὲ
849 580 940 620 κατὰ
971 580 1033 628 τὴν
1058 583 1139 620 Πα-

88 639 272 688 λαιστίνην
290 640 461 687 ἐλθόντες,
479 639 539 678 καὶ
565 638 766 692 ἀρεσθέντες
788 645 860 684 τοῖς
878 639 997 684 τόποις
1011 670 1020 687 ,
1037 639 1138 693 ᾤκη-

89 713 155 736 σαν
176 700 211 737 ἐν
233 701 345 752 αὐτῇ,
371 698 435 746 τὴν
463 699 586 752 πρώην
618 698 809 750 λεγομένην
837 698 963 739 Νύσαν
991 700 1137 738 Σκυθῶν

88 758 393 810 μετονομάσαντες
409 757 525 797 πόλιν.

582 841 645 877 26.

140 914 233 950 Exc.
264 914 321 949 De
349 913 436 950 virt.
463 925 505 960 p.
531 911 605 957 786
639 923 648 946 2
680 906 768 948 ‘'Ou
803 910 1002 956 Μανασσῆς
1032 911 1050 947 ὃ
1077 911 1138 956 τῆς

83 968 322 1022 Ἰερουσαλὴμ
343 968 506 1021 βασιλεὺς
524 967 692 1012 ἐξέκλινεν
709 967 779 1005 ἀπὸ
804 970 866 1014 ’τῆς
881 968 960 1006 ὁδοῦ
979 971 1040 1006 τοῦ
1059 972 1135 1006 θεοῦ

27 1070 32 1074 ,
84 1028 144 1067 καὶ
171 1028 257 1081 πρὸς
287 1028 331 1067 τὰ
360 1028 551 1079 ἀγάλματα
576 1027 634 1065 τὸν
664 1030 743 1065 νοῦν
773 1026 971 1074 ἐπλανήθη,
995 1027 1040 1065 τὰ
1068 1029 1136 1065 τῶν

81 1086 308 1138 καλουμένων
330 1086 512 1133 ἹΞλλήνων
534 1085 792 1137 ἀποδεχόμενος
810 1085 970 1136 δόγματα
985 1101 993 1110 ·
1014 1086 1134 1124 διεπο-

82 1145 184 1196 λέμει
209 1146 244 1184 δὲ
267 1145 327 1184 καὶ
351 1151 421 1188 τοῖς
441 1146 616 1188 ἐκλεκτοῖς
636 1148 695 1182 τοῦ
716 1147 792 1182 θεοῦ
805 1174 815 1192 ,
833 1143 892 1182 τόν
913 1160 951 1183 τε
978 1141 1135 1184 ἹΙσαΐαν

80 1204 204 1258 ξυλίνῳ
220 1204 336 1257 πρίονι
356 1203 498 1251 διελὼν,
517 1203 577 1242 καὶ
598 1202 677 1247 τοὺς
703 1203 830 1247 ἄλλους
858 1203 1040 1256 προφήτας
1067 1219 1133 1257 φυ-

79 1262 187 1315 γάδας
215 1261 443 1310 καταστήσας
473 1265 535 1308 τῆς
567 1261 617 1301 Ἱε
642 1261 816 1311 ουσαλήμ.
857 1262 921 1301 Διὸ
954 1263 1131 1316 παρεδόθη

57 1323 128 1365 ,εἷς
160 1327 281 1374 χεῖρας
310 1324 376 1360 τῶν
404 1321 567 1360 ἐναντίων
591 1278 711 1359 agro&
748 1321 822 1360 Καὶ
854 1322 1073 1373 βασανισθεὶς
1098 1324 1133 1361 ἐν

78 1379 199 1424 πέδαις
228 1381 403 1432 σιδηραῖς,
430 1378 605 1431 ἐπέγνωσε
633 1379 691 1417 τὸν
714 1378 788 1417 θεὸν
813 1381 961 1432 οὐρανοῦ
989 1381 1133 1427 καὶτῆς

80 1441 162 1490 γῆς,
180 1438 240 1477 καὶ
257 1437 458 1491 προσελθὼν
479 1439 518 1475 οὐ
538 1437 723 1491 παρώφθη.
756 1438 976 1482 Βασιλεύσας
1005 1439 1041 1477 δὲ
1070 1438 1131 1486 ἔτη

79 1497 182 1535 πέντε
203 1496 263 1536 καὶ
279 1496 496 1544 πεντήκοντα
515 1495 712 1547 μετήλλαξε
728 1496 786 1535 τὸν
807 1497 897 1548 βίον.

571 1600 636 1634 ²7·

132 1658 226 1695 Exc.
255 1659 314 1694 De
338 1658 409 1695 ins.
440 1669 480 1705 p.
512 1655 534 1693 5
561 1669 569 1693 ε
594 1654 679 1695 οὈτι
710 1654 909 1702 Καμὸύσης
936 1657 953 1693 ὁ
982 1657 1130 1707 Περσῶν

81 1714 244 1768 βασιλεὺς
272 1715 412 1753 καθεῖλε
436 1713 498 1757 τὰς
529 1713 725 1765 Αἰγυπτίας
748 1713 899 1764 Θήὸας,
924 1714 983 1751 καὶ
1002 1714 1131 1758 ταύτας

78 1776 125 1818 εἷς
147 1774 268 1826 ἔδαφος
296 1771 532 1822 κατέσκαψεν·
552 1769 703 1822 Ἀμασίς
734 1788 771 1810 τε
792 1775 809 1810 ὁ
830 1774 897 1810 τῶν
930 1772 1130 1824 Αἰγυπτίων

81 1831 244 1886 βασιλεὺς
271 1831 345 1882 ἅμα
362 1833 412 1884 τῷ
432 1831 496 1884 βίῳ
514 1831 575 1869 καὶ
599 1831 662 1878 τὴν
681 1831 860 1884 βασιλείαν
876 1831 1130 1884 κατέστρεψεν,

77 1895 137 1930 τοῦ
156 1891 269 1933 ἔθνους
285 1891 354 1927 τῶν
373 1889 574 1940 Αἰγυπτίων
588 1891 698 1927 τελεῖν
716 1889 781 1927 ὑπὸ
801 1888 942 1941 Πέρσας
958 1889 1131 1940 ὁμολογή-

79 1965 213 1992 σαντος.
229 1948 315 1988 Ἐπὶ
335 1948 369 1986 δὲ
385 1948 447 1994 τὴν
465 1948 645 2000 ἐνδοτέραν
661 1946 815 1986 ἐλαύνειν
830 1947 1128 2000 προθυμούμενος,

80 2007 147 2046 ὑπὸ
175 2011 238 2054 τῆς
260 2006 471 2059 εἱμαρμένης
500 2006 679 2054 ἐκωλύθη,
710 2006 948 2059 δολοφονηθεὶς
970 2006 1036 2044 ὑπὸ
1061 2009 1129 2044 τῶν

76 2067 157 2121 περὶ
182 2066 285 2104 αὐτὸν
305 2066 426 2118 μάγων
439 2096 448 2113 ,
466 2065 675 2117 βασιλεύσας
688 2065 748 2112 ἔτη
763 2065 811 2113 η’.
834 2059 942 2104 Οὗτοι
958 2064 1025 2117 γὰρ
1040 2064 1129 2116 μετὰ

78 2127 136 2164 τὸν
173 2125 373 2175 Καμὸύσου
414 2125 560 2163 θάνατον
597 2128 640 2178 τῇ
672 2127 765 2177 ἀρχῇ
798 2124 1128 2177 προσπηδήσαντες,

79 2188 189 2235 μ’ἧνας
205 2185 232 2229 ζ’
248 2183 513 2236 κατετρύφησαν
528 2215 537 2234 ,
554 2183 653 2237 ἄχρις
666 2186 697 2222 οἱ
713 2186 781 2221 τῶν
802 2186 948 2236 Περσῶν
963 2183 1129 2235 ἄρχοντες

78 2243 200 2287 αὐτοὺς
218 2242 279 2294 μὲν
297 2244 354 2281 ἐπὶ
371 2246 434 2290 τῆς
451 2244 560 2289 αὐλῆς
581 2242 850 2295 κατεχρήσαντο
862 2272 872 2290 ,
893 2245 954 2290 τῆς
972 2242 1007 2281 δὲ
1026 2245 1127 2294 βασι-

77 2303 172 2346 λείας
190 2302 389 2355 προστάτην
411 2301 595 2346 ἀπέδειξαν
613 2307 775 2355 Δαρεῖον.

570 2391 636 2429 28.

131 2461 232 2500 Ibid.
261 2475 302 2510 p.
337 2461 358 2498 5
383 2475 391 2497 ε
414 2459 497 2499 ”Οτι
519 2460 575 2498 ἐπὶ
600 2463 662 2507 τ’ῆς
686 2459 945 2512 ἀναγορεύσεως
965 2455 1129 2504 Ἀλεξάν-

79 2521 161 2572 δρου
179 2522 238 2557 τοῦ
253 2519 471 2565 Μακεδόνος,
486 2521 553 2557 τῶν
569 2518 773 2570 Αἰγυπτίων
791 2518 971 2556 {Gamo-sus
987 2520 1127 2558 Νεκτα·

78 2578 189 2616 ναὸώ.
212 2600 264 2606 -
293 2577 365 2616 Καὶ
387 2580 404 2616 ὁ
435 2580 501 2615 τῶν
523 2578 687 2631 Ἀργείων
719 2576 882 2630 βασιλευς
901 2576 1038 2620 Δαναὸς
1070 2576 1127 2614 διὰ

78 2640 146 2675 τῶν
169 2638 292 2697 αὐτοῦ...
307 2636 335 2674 ν’
363 2636 559 2690 θυγατέρων
579 2642 649 2681 τοῖς
679 2640 739 2675 τοῦ
766 2637 918 2688 αδελφοῦ
947 2635 1128 2687 Αἰγύπτου

79 2694 227 2732 παισὶ’
198 2710 214 2732 ν
254 2699 347 2732 οὖσιν
367 2695 618 2746 ἐμηχανήσατο
637 2695 810 2742 θάνατον,
833 2693 927 2742 πλὴν
947 2694 1127 2745 Λυγκέως.

1692 301 1758 339 29.

1250 361 1341 400 Exc.
1365 362 1520 399 Salmas.
1538 373 1578 409 p.
1598 359 1670 408 391
1693 372 1701 396 :
1722 357 1898 408 Οἰνόμαος
1914 361 2048 413 πρῶτος
2065 360 2184 413 ἐφεῦρε
2201 358 2246 398 τὰ

1199 419 1256 455 τοῦ
1276 418 1494 470 ἱπποδρόμου
1513 416 1712 470 χρώματα,
1730 415 1791 455 καὶ
1811 417 1920 456 ἐποίει
1938 418 1997 456 τὸν
2015 419 2134 470 ἀγῶνα
2149 421 2247 472 Map-

1198 475 1272 513 τίου
1292 477 1345 514 κδ’
1358 508 1368 525 ,
1394 479 1457 527 γ’ῆς
1476 476 1536 514 καὶ
1556 475 1747 522 θαλάσσης.
1771 475 1989 516 Ἐὅάλλοντο
2017 478 2157 530 κλῆροι,
2185 477 2247 516 καὶ

1198 532 1233 578 ὃς
1252 534 1378 587 ἔλαχεν
1392 535 1479 587 ὑπὲρ
1498 537 1561 581 τ’ῆς
1579 536 1644 585 γῆς
1665 533 1903 585 ἀγωνίσασθαι
1917 566 1927 582 ,
1947 535 2061 589 ἐφόρει
2077 535 2246 588 χλοανὸν,

1198 591 1232 636 ὃς
1249 591 1284 630 δὲ
1305 592 1390 646 ὑπὲρ
1409 609 1472 641 της
1491 594 1682 639 θαλάσσης,
1705 597 1850 632 κυανόν.
1872 592 2002 632 Ἐτίθει
2021 593 2057 631 δὲ
2071 593 2248 669 Οἰνόμαος

1199 651 1348 690 ἔπαθλον
1368 651 1431 698 τὴν
1452 653 1576 689 ἑαυτοῦ
1597 650 1793 703 θυγατέρα,
1813 650 1874 689 καὶ
1891 653 1909 689 ὁ
1911 652 2110 726 ”vnxnssetq‘
2096 653 2164 692 υπὸ
2185 657 2248 692 τοῦ

1197 710 1349 756 πλήθους
1367 713 1435 748 τῶν
1464 708 1646 759 θεωμένων
1678 711 1851 762 ἀνῃρεῖτο.
1883 703 1993 762 Γῖχον
2013 704 2072 749 ουν
2083 712 2249 785 ’,σημεῖον

1198 769 1228 804 οἱ
1252 769 1351 815 τότε,
1374 771 1434 806 καὶ
1457 771 1487 807 εἷ
1509 768 1573 818 μὲν
1591 782 1630 805 το
1659 767 1851 820 χλοανὸν’
1835 768 1954 816 ενίκα,
1976 785 2038 816 της
2059 772 2123 821 γῆς
2145 771 2248 824 εὔφο-

1199 825 1275 877 ρίαν
1292 827 1459 876 ἤλπιζον,
1478 827 1538 865 καὶ
1559 825 1666 870 οὕτως
1687 826 1838 878 ἐγίνετο·
1859 829 1889 865 εἷ
1912 827 1948 865 δὲ
1964 827 2004 866 τὸ
2019 829 2165 877 κυανὸν,
2187 833 2248 877 τῆς

1198 886 1373 934 θαλάττης
1401 885 1589 923 εὔπλοιαν·
1619 885 1679 924 καὶ
1708 885 1862 938 ηὔχοντο
1882 888 1912 924 οἱ
1945 886 2008 937 μὲν
2037 888 2185 940 γεωργοὶ
2207 889 2249 928 τὸ

1197 945 1349 997 χλοανὸν
1370 951 1471 983 νικᾶν
1484 976 1494 992 ,
1511 947 1541 983 οἱ
1571 943 1606 983 δὲ
1626 945 1782 983 ναυτίλοι
1809 946 1849 983 τὸ
1870 946 2012 986 κυανόν.
2044 949 2191 999 Πρῶτον
2210 942 2247 986 δέ

1198 1004 1386 1044 Ἐνυαλίου
1404 1005 1493 1047 τινὸς
1510 1003 1653 1056 διπώλῳ
1667 1004 1892 1057 χρησαμένου
1911 1003 2067 1057 ἅρματι,
2083 1007 2118 1044 ἐν
2133 1005 2251 1060 τούτῳ

1195 1067 1333 1117 πρῶτος
1353 1062 1529 1114 Οἰνόμαος
1549 1063 1766 1116 τετραπώλῳ
1786 1065 1975 1116 ἐχρήσατο.

1688 1147 1751 1187 3ο.

1250 1217 1347 1254 Ibid.
1380 1230 1419 1266 p.
1454 1217 1525 1266 391
1563 1230 1572 1253 ε
1608 1215 1655 1254 Οἷ
1686 1214 1818 1253 Ῥόδιοι
1850 1216 2249 1270 θαλασσοκρατήσαντες

1195 1274 1327 1321 στήλην
1348 1276 1522 1323 ἔστησαν,
1546 1273 1587 1321 ἣν
1611 1272 1666 1326 διὰ
1690 1272 1730 1311 τὸ
1750 1272 1892 1325 μέγεθος
1913 1275 2090 1313 Κολοσσὸν
2110 1275 2247 1327 ἔλεγον,

1195 1333 1255 1371 καὶ
1277 1334 1334 1371 διὰ
1351 1337 1452 1372 τοῦτο
1467 1333 1724 1384 ὠνομάσθησαν
1742 1334 1967 1377 Κολοσσαεῖς.
1983 1333 2027 1373 Ἤ
2046 1334 2248 1387 Καρχηδὼν

1194 1391 1296 1445 χώρα
1317 1393 1385 1430 ὑπὸ
1405 1391 1631 1444 Καρχηδόνος
1650 1394 1711 1429 τοῦ
1727 1391 1861 1444 Τυρίου
1877 1393 2031 1439 ἐκτίσθη.

1689 1474 1750 1510 31.

1245 1543 1348 1581 lbid.
1370 1556 1409 1592 p.
1434 1542 1503 1591 391
1525 1554 1535 1580 z
1553 1540 1738 1591 Ῥωμύλος
1755 1543 1890 1594 πρῶτος
1912 1542 1945 1580 ἐν
1964 1540 2088 1591 Ῥώμῃ
2112 1541 2246 1580 ἔκτισεν

1191 1600 1349 1647 ἱππικὸν,
1377 1601 1438 1637 καὶ
1457 1600 1561 1637 διεῖλε
1589 1599 1646 1637 τὸν
1668 1600 1778 1656 δῆμον
1799 1601 1845 1644 εἷς
1877 1601 1964 1653 μέρη
1985 1599 2036 1648 δ’,
2062 1602 2108 1644 εἷς
2140 1610 2247 1650 τιμήν

1194 1661 1264 1697 τῶν
1293 1660 1321 1696 δ’
1341 1660 1538 1710 στοιχείων,
1565 1660 1624 1696 καὶ
1643 1657 1703 1702 τὰς
1732 1658 1777 1696 ιδ’
1807 1657 1910 1712 θύρας
1944 1659 2036 1697 κατὰ
2058 1658 2166 1698 τύπον
2185 1664 2246 1698 τοῦ

1193 1718 1365 1761 ζωδιακοῦ
1399 1717 1528 1755 κύκλου
1563 1716 1768 1767 ἱστόρηκεν,
1799 1717 1838 1755 τὸ
1873 1717 1908 1755 δὲ
1941 1717 2062 1768 πέλμα
2097 1721 2158 1764 τῆς
2183 1720 2247 1770 γῆς

1192 1777 1307 1822 πάσης
1319 1807 1329 1822 ,
1357 1775 1418 1814 καὶ
1433 1776 1490 1813 τὸν
1512 1777 1665 1826 Εὔριπον
1683 1778 1743 1822 τῆς
1763 1775 1942 1822 θαλάσσης
1962 1777 2030 1814 ὑπὸ
2051 1777 2162 1829 [τῆς]
2179 1780 2244 1826 γῆς

1195 1835 1433 1885 μεσαζομένης
1446 1849 1454 1857 ·
1477 1834 1533 1872 τὸν
1552 1836 1609 1872 ἐπὶ
1630 1834 1691 1878 τὰς
1711 1833 1815 1886 θύρας
1831 1835 2011 1886 καμπτὸν,
2033 1835 2096 1882 τὴν
2113 1837 2243 1874 ἀνατο-

1192 1896 1268 1940 λὴν,
1289 1893 1348 1931 καὶ
1371 1894 1428 1930 τὸν
1451 1892 1508 1930 ἐπὶ
1528 1891 1592 1937 τὴν
1611 1893 1812 1945 σφενδόνην,
1835 1892 1898 1940 τὴν
1933 1892 2045 1943 δύσιν,
2077 1893 2122 1938 ὥς
2158 1910 2247 1947 φησι

1192 1951 1332 2004 Χάραξ·
1362 1953 1402 1989 τὰ
1425 1951 1514 1989 ἑπτὰ
1534 1950 1670 1989 σπάτια
1689 1950 1747 1988 τὸν
1766 1951 1892 2003 δρόμον
1908 1952 2025 2003 [τῶν]
2044 1952 2133 1992 ἔπτὰ
2152 1955 2248 1992 πλα-

1192 2013 1319 2056 νητῶν.
1337 2010 1389 2050 Τὸ
1408 2009 1545 2062 βένετον
1561 2010 1631 2048 ἀπὸ
1646 2009 1809 2054 Βενετίας
1827 2010 2024 2062 ὠνόμασεν,
2040 2013 2075 2050 ἐν
2094 2006 2245 2063 ἧγίνον-

1190 2085 1248 2107 ται
1274 2068 1387 2108 κυανὰ
1411 2067 1608 2121 χρώματα·
1634 2068 1695 2107 καὶ
1724 2070 1985 2120 προσεκόλλησε
2002 2072 2052 2123 τῷ
2069 2069 2247 2124 πρασίνῳ,

1190 2129 1268 2175 ἤτοι
1297 2131 1340 2180 τῇ
1368 2131 1413 2180 γῇ
1438 2126 1540 2180 (ὅπερ
1569 2127 1638 2165 ἀπὸ
1658 2131 1718 2166 τοῦ
1739 2127 1928 2180 πραίσεται
1950 2127 2113 2179 ὠνόμασε
2134 2128 2190 2167 διὰ
2209 2129 2249 2168 τὸ

1190 2187 1447 2239 παραμένον),
1465 2186 1504 2224 τὸ
1523 2185 1659 2233 λευκὸν,
1683 2186 1760 2233 ἤτοι
1779 2186 1835 2224 τὸν
1857 2186 1943 2238 ἀέρα
1956 2217 1966 2237 ,
1995 2186 2081 2226 διότι
2098 2187 2248 2241 ἑκάτερα

1191 2248 1251 2292 τῆς
1271 2245 1433 2292 ἀλλήλων
1454 2244 1679 2298 συγκράσεως
1699 2244 1849 2285 δέονται.
1869 2245 1922 2284 Τὸ
1937 2244 1972 2283 δὲ
1991 2245 2148 2298 ῥούσιον,
2169 2246 2248 2293 ἤτοι

1193 2304 1233 2343 τὸ
1256 2308 1340 2357 πῦρ,
1360 2306 1410 2358 τῷ
1437 2307 1572 2356 κυανῷ,
1589 2303 1668 2351 ἤτοι
1703 2306 1751 2356 τῷ
1773 2304 1890 2352 ὕδατι,
1917 2303 2084 2353 ὑπέταξε,
2104 2305 2192 2343 διότι
2207 2306 2251 2344 τὸ

1191 2367 1262 2416 πῦρ
1279 2362 1413 2402 ὑπείκει
1429 2366 1480 2416 τῷ
1500 2362 1611 2401 ὕδατι.

1689 2446 1750 2484 32.

1247 2520 1339 2555 Exc.
1356 2520 1413 2555 De
1427 2509 1538 2555 insffl.
1562 2531 1601 2567 p.
1622 2517 1642 2554 5
1660 2530 1716 2566 sq.
1742 2531 1750 2553 :
1773 2512 1861 2555 e'On
1879 2514 2065 2565 Ῥωμύλος
2084 2515 2247 2567 βασιλεύ-

1194 2592 1257 2620 σας
1270 2576 1462 2627 Ῥωμαίων
1484 2576 1628 2614 διετέλει
1649 2578 1695 2621 εἷς
1719 2574 1782 2627 μὲν
1811 2575 1890 2620 τοὺς
1909 2574 2084 2625 πολέμους
2103 2576 2247 2629 διαπρέ-

1194 2652 1283 2683 πων,
1299 2637 1346 2679 εἷς
1358 2635 1393 2674 δὲ
1407 2635 1484 2679 τοὺς
1499 2635 1646 2679 πολίτας
1665 2637 1901 2688 ὑπερφρονῶν,
1929 2634 1990 2673 καὶ
2019 2635 2174 2685 μάλιστα
2200 2636 2249 2679 εἰς

1195 2694 1273 2738 τοὺς
1298 2697 1359 2741 τῆς
1378 2696 1506 2746 βουλῆς
1535 2694 1729 2746 ἐξέχοντας.
1748 2695 1830 2738 Τοῖς
1847 2693 1908 2744 μὲν
1926 2692 1993 2746 γὰρ
2012 2693 2247 2746 στρατευομέ-

121 2810 174 2840 Fr.
196 2811 248 2840 29.
271 2810 312 2839 V.
334 2808 441 2840 Malal.
463 2818 494 2849 p.
519 2813 596 2848 173,
613 2809 747 2841 Cedren.
767 2818 799 2849 p.
829 2811 907 2847 207,
926 2808 1048 2840 Chron.
1067 2808 1181 2840 pasch.
1203 2817 1235 2848 p.
1255 2811 1335 2845 208,
1362 2811 1522 2847 Anonym.
1546 2808 1579 2839 in
1604 2810 1713 2839 Cram.
1735 2810 1797 2839 An.
1818 2809 1864 2845 11,
1885 2816 1915 2847 p.
1939 2810 2008 2839 191.
2034 2807 2248 2847 Interponunt

80 2855 150 2886 haec
166 2855 349 2896 chronologi
375 2857 471 2888 modo
494 2857 613 2889 laudati
639 2866 677 2889 eo
698 2857 768 2889 loco
779 2882 787 2897 ‚
805 2867 871 2898 quo
890 2857 929 2889 de
946 2857 1030 2889 ludis
1045 2866 1065 2889 a
1080 2855 1218 2889 Romulo
1235 2855 1389 2887 institutis
1404 2864 1585 2887 sermonem
1605 2855 1736 2886 faciunt.
1753 2856 1859 2886 Ducta
1877 2854 2026 2886 videntur
2041 2863 2082 2886 ex
2096 2854 2246 2886 Historiis

78 2902 352 2942 characis(cujus
370 2903 442 2934 vide
459 2904 571 2944 fragm
592 2907 646 2943 19,
664 2905 749 2936 tom.
769 2906 833 2946 111,
849 2914 881 2945 p.
899 2909 935 2936 6
941 2904 995 2945 O).

123 2951 176 2981 Fr.
201 2952 253 2981 30.
279 2949 358 2980 Vide
378 2950 525 2981 Malalam
545 2960 576 2991 p.
601 2953 673 2982 149.

120 2997 174 3029 Fr.
199 2999 250 3028 31.
275 2998 440 3038 Μεσαζομέ
441 3009 493 3035 νης
507 2997 518 3038 ]
534 2999 579 3029 sic
595 2998 727 3030 Malalas
742 2999 925 3039 ceterique3
945 2996 1123 3040 βασταζομέ
1123 3006 1176 3033 νης
1189 2994 1304 3027 codex,
1318 3012 1359 3017 -
1381 2994 1554 3036 σπάτια]
1574 2994 1691 3027 ὑπάτια
1706 2995 1819 3026 codex.
1837 3014 1876 3021 —-
1894 2994 1936 3026 τὸ
1957 2993 2140 3036 βένετον]
2165 2996 2248 3026 Ante

81 3044 152 3075 haec
172 3045 340 3084 excerptor
359 3044 466 3075 omisit
487 3045 653 3076 nonnulla.
677 3045 808 3077 Malalas
828 3054 859 3086 p.
884 3049 962 3083 175,
986 3049 1025 3076 20
1050 3045 1094 3076 ita
1117 3045 1241 3078 habet:
1265 3046 1326 3077 Καὶ
1344 3045 1491 3083 ἐπέθηκεν
1508 3046 1526 3076 ὁ
1543 3046 1664 3085 Ῥῶμος
1679 3047 1743 3081 τοῖς
1762 3045 1865 3080 αὐτοῖς
1881 3045 2005 3085 τέτρασι
2022 3045 2190 3085 στοιχείοις
2206 3044 2246 3076 τὰ

81 3091 242 3132 ὀνόματα,
266 3093 306 3131 τῇ
322 3093 362 3131 γῇ
387 3091 423 3122 τὸ
446 3091 597 3132 Πρασιν
608 3103 647 3123 ον
675 3091 786 3134 μέρος,
804 3093 821 3124 ὅ
841 3093 906 3124 ἐστι
931 3093 967 3124 τὸ
991 3093 1144 3133 χλοῶδες·
1173 3096 1211 3134 τῇ
1235 3092 1267 3123 δὲ
1287 3091 1447 3132 θαλάσσῃ,
1467 3093 1485 3123 ὅ
1507 3093 1573 3124 ἐστι
1591 3094 1655 3127 τοῖς
1679 3092 1771 3122 ὕδασι
1784 3114 1793 3129 ,
1819 3089 1854 3122 τὸ
1874 3091 2035 3134 Βένετον
2065 3092 2174 3132 μέρος,
2201 3092 2244 3127 ὡς

81 3137 194 3169 κυανὸν
204 3146 212 3154 ·
227 3140 272 3178 τῷ
289 3137 321 3168 δὲ
333 3138 404 3178 πυρὶ
420 3138 455 3169 τὸ
469 3138 552 3169 Ῥού
562 3150 581 3170 σ
591 3150 600 3169 ι
610 3149 650 3170 ον
664 3139 772 3179 μέρος,
787 3141 828 3175 ὡς
848 3139 970 3180 ἐρυθρόν
984 3147 991 3154 ·
1008 3142 1054 3179 τῷ
1071 3140 1101 3170 δὲ
1116 3140 1181 3182 ἀέρι
1198 3140 1234 3171 τὸ
1250 3139 1379 3171 Ἀλὸον
1397 3140 1486 3179 μέρος
1499 3162 1508 3178 ,
1525 3141 1567 3175 ὡς
1581 3138 1702 3170 λευκόν.
1721 3138 1870 3170 Κάκεῖθεν
1891 3138 2040 3175 ἐπενοήθη
2053 3138 2092 3169 τὰ
2107 3139 2247 3179 τέσσαρα

82 3185 158 3226 μέρη
171 3186 202 3217 ἐν
220 3185 341 3226 Ῥώμῃ.
358 3203 399 3211 -
417 3185 651 3226 πραίσεται]
671 3181 877 3227 πραίσεντῦ-ςέ*
894 3187 1030 3218 Cedren.
1047 3195 1077 3226 p.
1095 3191 1155 3219 258
1166 3211 1174 3227 ,
1190 3192 1229 3219 22
1246 3197 1253 3218 ε
1268 3187 1303 3218 τὸ
1318 3187 1350 3218 δὲ
1364 3186 1512 3227 πράσινον
1526 3185 1652 3217 ἐκάλεσε
1666 3185 1728 3217 ἀπὸ
1744 3187 1915 3226 μεταφορᾶς
1934 3187 1990 3216 τοῦ
2007 3186 2174 3224 πρεσέντ
2184 3195 2246 3224 ου,

82 3232 134 3264 διὰ
146 3233 182 3264 τὸ
196 3231 274 3264 εἶναι
294 3231 473 3273 παράμονον
486 3241 493 3247 ·
516 3233 593 3263 ἴδιον
613 3233 672 3273 γὰρ
689 3236 742 3270 τῆς
760 3237 816 3272 γῆς
834 3234 869 3265 τὸ
887 3234 1023 3274 χλοῶδες
1046 3233 1097 3265 διὰ
1119 3233 1245 3270 παντός.
1264 3233 1385 3265 ebron.
1412 3232 1556 3264 paschal.
1581 3241 1611 3272 p.
1635 3235 1716 3271 208,
1739 3236 1778 3263 20
1804 3244 1811 3263 :
1836 3231 1964 3262 ἐκάλεσε
1985 3231 2018 3262 δὲ
2039 3232 2075 3263 τὸ
2098 3231 2248 3273 πράσινον

83 3280 172 3321 μέρος
196 3279 435 3320 πραίσεντον,
462 3279 560 3310 ὅέστι
582 3280 726 3320 ῥωμαϊκῆ
749 3281 842 3320 λέξις,
869 3282 934 3318 ἥτις
951 3281 1148 3322 ἑρμηνεύεται
1177 3279 1413 3323 ἐμπαράμονον·
1436 3279 1664 3320 πραισεντεύειν
1689 3278 1751 3318 (sic
1767 3278 1863 3310 etiam
1881 3279 1955 3310 Mal.
1976 3286 2007 3318 p.
2027 3280 2103 3317 173,
2123 3283 2160 3316 33
2181 3288 2246 3309 πα·

82 3329 262 3364 οαυσέτουιν
277 3327 389 3359 chron.
407 3330 512 3359 Anon.
530 3335 580 3367 ap.
597 3329 706 3358 Cram.
727 3336 757 3367 p·
781 3331 855 3366 192,
875 3330 931 3367 26)
954 3330 1012 3369 γὰρ
1028 3329 1148 3368 λέγεται
1165 3329 1200 3360 τὸ
1217 3328 1404 3369 παραμένειν
1430 3327 1496 3358 κτλ.
1513 3323 1747 3366 -ὑπείκει]
1764 3329 1822 3366 Ap.
1837 3325 1971 3358 Cedren.
1988 3329 2066 3365 259,
2094 3330 2111 3357 3
2132 3325 2248 3363 legitur·

84 3375 303 3407 ὑπόκειται.
325 3375 454 3406 Malalas
472 3383 501 3415 p.
522 3377 598 3414 176,
618 3378 648 3406 11
668 3387 674 3405 z
690 3374 797 3406 καθότι
818 3376 960 3408 σὸέννυσι
974 3377 1010 3408 τὸ
1026 3376 1108 3416 ὕδωρ
1121 3377 1155 3409 τὸ
1172 3379 1245 3418 πῦρ,
1263 3376 1305 3411 ὡς
1320 3373 1567 3415 ὑποτεταγμένον
1583 3373 1679 3414 αὐτῷ.
1695 3373 1814 3405 Eodem
1831 3371 1927 3405 modo
1944 3372 2064 3406 Chron.
2082 3372 2245 3406 paschale.

125 3422 177 3453 Fr.
195 3426 246 3454 32.
261 3422 313 3454 Cf.
330 3421 491 3454 Plutarch.
506 3423 599 3454 Rom.
617 3425 656 3453 26
672 3430 742 3462 sqq.
