2372 3704
931 159 953 170 x

143 251 220 283 01⁰2

935 242 1151 282 JOANNIS
1182 240 1502 280 ANTIOCHENI

138 332 327 384 ἀναιρεῖται
347 330 419 379 ἅμα
441 331 510 374 τοῖς
536 330 597 368 σὺν
624 331 718 381 αὐτῷ
747 328 948 381 βαρὸάροις.
981 329 1184 372 Φλαυιανὸς
1247 330 1356 383 δειλίᾳ
1375 330 1519 377 συνέζη,
1538 331 1596 368 καὶ
1615 330 1676 376 τὴν
1697 330 1834 384 εἰρήνην
1846 331 2007 383 χρήμασι
2019 330 2078 368 καὶ
2098 331 2163 382 οὐχ
2175 329 2292 373 ὅπλοις

138 392 200 441 μὲν
218 393 275 427 οὐν
293 392 311 427 ὃ
332 389 525 441 στρατηγὸς
539 390 636 426 τοῦδε
655 392 715 426 τοῦ
733 387 888 438 πολέμου
907 387 1106 438 γενόμενος,
1128 388 1185 426 ἐπὶ

135 449 198 495 τὴν
219 448 350 486 ὕπατον
371 449 542 500 προῆλθεν
561 447 673 499 ἀρχὴν
687 478 698 498 ,
717 449 794 484 καθ’
811 447 854 493 ἢν
871 445 993 497 ἐτέχθη
1015 445 1185 498 Ἀρκαδίῳ

136 509 185 558 τῷ
208 507 346 558 βασιλεῖ
361 508 379 544 ὃ
397 505 517 557 μικρὸς
535 504 733 547 Θεοδόσιος.

390 602 684 641 ΘΕΟΔΟΣΙΟΣ
713 603 745 639 Ο
777 601 927 638 ΝΙΞΟΣ.

621 703 704 738 191.

192 769 279 804 Exn.
301 769 357 803 Dc
374 769 460 804 virt.
490 781 528 815 p.
563 767 639 814 849
664 780 670 801 t
690 765 772 803 Ὅτι
791 761 979 805 Θεοδόσιος
1000 764 1017 799 6
1037 761 1111 805 νέος
1130 760 1186 799 διὰ

136 825 199 871 τὴν
217 823 305 875 ἄγαν
319 827 379 869 τ’ἧς
391 823 527 869 ἡλικίας
544 822 688 869 νεότητα
701 822 776 860 οὐδὲ
791 822 877 874 πρὸς
893 821 932 858 τὸ
946 821 1092 873 φρονεῖν,
1109 819 1186 858 οὐδὲ

138 883 222 934 πρὸς
235 883 273 920 τὸ
291 888 455 932 πολεμεῖν
470 882 586 924 ἱκανὸς
602 877 654 928 ἦν·
675 880 764 919 ἀλλὰ
779 880 880 930 μόνον
899 878 1101 932 ὑπογραφὰς
1117 882 1186 922 τοῖς

140 939 359 992 βουλομένοις
377 941 524 992 παρεῖχε
540 969 549 986 ,
577 940 731 988 μάλιστα
751 938 786 976 δὲ
806 940 875 982 τοῖς
899 937 980 990 περὶ
1000 937 1060 983 τὴν
1081 941 1185 988 βασι-

134 999 232 1037 λείαν
252 999 435 1050 εὐνούχοις.
451 997 512 1042 Ἐξ
529 992 576 1035 ῶν
596 998 766 1047 ἅπαντες,
784 1000 828 1040 ὡς
844 999 951 1034 εἰπεῖν
966 1027 976 1045 ,
992 995 1053 1039 τὰς
1070 996 1186 1039 οὐσίας

138 1058 344 1110 ἡρπάζοντο.
371 1059 418 1095 Οἱ
440 1057 502 1106 μὲν
523 1055 590 1107 γὰρ
609 1057 660 1093 ἔτι
680 1058 803 1100 ζῶντες
823 1057 1137 1106 ἐκληρονομοῧντο,
1155 1055 1186 1092 οἱ

139 1116 174 1154 δὲ
189 1115 249 1159 τὰς
264 1113 419 1166 γαμετὰς
435 1114 563 1165 ἑτέροις
580 1112 811 1165 παρέπεμπον
823 1142 835 1164 ,
853 1113 913 1151 καὶ
935 1112 1063 1150 τέκνων
1081 1114 1186 1159 ἐστη-

140 1179 260 1225 ροῦντο
279 1172 419 1225 βιαίως,
439 1171 626 1222 ἀντιλέγειν
639 1175 708 1216 τοῖς
724 1175 784 1210 τοῦ
799 1172 970 1224 βασιλέως
989 1171 1186 1222 διατάγμα-

139 1249 191 1270 σιν
218 1234 256 1270 οὖ
283 1230 481 1280 δυνάμενοι.
515 1230 578 1270 ’Ev
604 1230 736 1274 τούτοις
757 1230 818 1281 μὲν
850 1226 907 1268 οὖν
927 1229 970 1267 τὰ
996 1229 1187 1280 “Ρωμαι’ων

139 1295 305 1344 ὑπῆρχεν.

624 1357 707 1393 192.

192 1417 293 1455 Ibid.
321 1429 359 1465 p.
383 1415 459 1453 850
482 1428 492 1453 t
514 1413 600 1453 ζὈτι
615 1412 800 1456 Θεοδόσιος
824 1415 842 1451 6
869 1411 1032 1465 βασιλεὺς
1054 1410 1187 1464 χαίρειν

139 1474 247 1512 εἰπὼν
263 1476 333 1516 τοῖς
356 1472 527 1523 παιγνίοις
541 1502 549 1518 ,
573 1473 630 1510 ἐπὶ
651 1473 772 1523 λόγους
793 1472 988 1523 ἐλευθέρους
1015 1471 1187 1521 μετέὸαλε

139 1533 201 1578 τὴν
222 1527 383 1583 γνώμην,
405 1531 580 1569 Παυλίνου
601 1546 638 1568 τε
654 1530 714 1568 καὶ
738 1531 916 1568 Πλακίτου
933 1526 1188 1580 ἆυναναγιγνω-

142 1592 294 1629 σκόντων
313 1590 421 1642 αὐτῷ·
441 1583 488 1632 οἷς
517 1590 577 1627 καὶ
598 1589 710 1642 ἀρχὰς
736 1588 796 1629 καὶ
817 1588 971 1633 ἐξουσίας
1000 1588 1189 1640 ἐχαρίσατο

142 1650 309 1700 μεγάλας.

627 1701 709 1750 193.

194 1772 293 1809 Ibid.
310 1785 351 1820 p.
377 1770 452 1808 850
476 1782 483 1808 ξ
505 1767 592 1808 ‘'Ott
612 1768 799 1811 Θεοδόσιος
827 1767 935 1812 ὃνέος
965 1770 999 1806 ἐν
1023 1769 1188 1822 βασιλεία

139 1828 271 1880 τεχθεὶς
287 1827 383 1866 οὐδὲν
401 1822 493 1879 εἶχεν
520 1826 731 1879 ὑπέρογκον,
750 1828 827 1864 ἀλλ’
848 1826 955 1870 οὕτως
973 1826 1089 1878 γέγονε
1106 1826 1189 1880 φρό-

140 1903 252 1937 νιμος,
270 1889 316 1930 ὡς
332 1892 401 1929 τοῖς
419 1885 667 1938 ἐντυγχάνουσι
688 1885 886 1935 νομίζεσθαι
907 1891 1032 1937 πεῖραν
1048 1887 1187 1924 πολλῶν

141 1944 318 1996 εἰληφέναι
346 1945 577 1998 πραγμάτων·
600 1943 801 1996 καρτερικός
832 1959 869 1981 τε
892 1943 1000 1988 οὕτως
1020 1947 1067 1988 ὡς
1087 1944 1187 1996 κρύος

141 2006 200 2043 καὶ
221 2008 341 2055 καῦμα
362 2003 525 2054 γενναίως
541 2003 738 2053 ὑπομένειν.
763 2002 816 2041 Τὸ
847 2003 882 2041 δὲ
900 2003 1101 2046 ἀνεξίκακον
1129 2004 1189 2042 καὶ

142 2063 384 2116 φιλάνθρωπον
422 2064 526 2100 αὐτοῦ
554 2061 687 2106 πάντας
727 2060 944 2113 ἀνθρώπους,
978 2064 1022 2105 ὡς
1054 2064 1185 2110 εἰπεῖν,

142 2122 367 2174 ὑπερέὸαλεν.
390 2120 574 2164 Ἰουλιανὸς
607 2119 669 2170 μὲν
689 2119 756 2173 γὰρ
777 2123 794 2158 6
816 2119 977 2172 βασιλεὺς
1000 2120 1113 2159 καίτοι
1133 2137 1189 2173 φι-

142 2184 299 2234 λοσοφεῖν
321 2180 621 2231 ἐπαγγελλόμενος
649 2181 711 2218 οὐκ
742 2179 865 2231 ἤνεγκε
890 2179 953 2226 τὴν
973 2178 1078 2231 ὀργὴν
1098 2179 1190 2218 κατὰ

143 2243 211 2278 τῶν
244 2239 445 2291 Ἀντιοχέων
480 2238 708 2288 αἷνιξαμένων
741 2238 863 2286 αὐτὸν,
897 2238 987 2276 ἀλλὰ
1019 2239 1190 2291 βασάνους

142 2301 206 2351 [τῷ
228 2298 413 2350 Θεοδώρῳ]
436 2297 653 2350 προσήγαγε.
686 2297 871 2341 Θεοδόσιος
904 2297 939 2335 δὲ
965 2298 1100 2350 χαίρειν
1120 2301 1189 2342 τοῖς

143 2357 398 2408 Ἀριστοτέλους
413 2356 547 2408 φράσας
567 2357 811 2407 συλλογισμοῖς
824 2355 884 2402 τὴν
903 2357 946 2394 δι’
965 2356 1072 2408 ἔργων
1085 2356 1188 2403 ἤσκει

145 2415 347 2468 φιλοσοφίαν
364 2446 373 2462 ,
390 2416 493 2466 ὀργῆς
523 2430 558 2451 τε
584 2416 721 2465 κρατῶν
751 2414 810 2452 καὶ
830 2414 942 2461 λύπης
961 2415 1020 2452 καὶ
1041 2417 1188 2466 ἡδονῆς,

145 2475 255 2526 φόνων
283 2488 319 2510 τε
353 2475 530 2515 παντελῶς
559 2473 784 2524 ἀπεχόμενος·
808 2474 867 2510 καί
887 2473 971 2511 ποτέ
992 2489 1082 2516 τινος
1116 2477 1184 2512 τῶν

146 2531 245 2582 ἐγγὺς
266 2531 428 2582 ἐρομένου
449 2531 549 2568 αὐτὸν
568 2530 623 2568 διὰ
645 2530 678 2568 τί
703 2531 780 2574 τοὺς
801 2531 936 2574 ἀδίκους
957 2531 1005 2581 μὴ
1028 2536 1189 2580 θανατοῖ,

146 2591 229 2641 ἔφη,
247 2590 359 2629 «Εἴθε
381 2589 522 2627 δυνατὸν
543 2583 585 2636 ἦν
604 2589 664 2627 καὶ
684 2588 760 2631 τοὺς
780 2589 1055 2635 τελευτήσαντας
1078 2593 1187 2628 ἐπαν-

146 2655 288 2700 αγαγεῖν
318 2650 364 2692 εἷς
393 2648 455 2695 τὴν
473 2648 575 2694 ζωήν.
595 2666 608 2681 ν
628 2650 670 2687 Εἰ
684 2647 751 2700 γάρ
766 2664 814 2691 τις
830 2644 889 2704 ’καὶ
907 2648 984 2692 ἄξια
1002 2650 1190 2700 κεφαλικῆς

146 2708 314 2760 τιμωρίας
324 2706 515 2759 πεπραχὼς
527 2706 706 2758 ἀπήγετο,
721 2710 742 2752 ἡ
755 2709 816 2752 τῆς
833 2707 1090 2759 φιλανθρωπίας
1105 2707 1190 2744 ἀνά-

146 2768 269 2813 κλησις
285 2766 341 2803 τὸν
355 2766 482 2804 ἐκείνου
501 2766 646 2803 θάνατον
669 2764 950 2817 παρελάμὸανεν.

628 2842 712 2885 194.

199 2909 299 2944 Ibid.
332 2921 372 2956 p.
402 2907 477 2943 850
501 2919 509 2944 :
538 2903 622 2944 ”Οτι
658 2904 843 2948 Θεοδόσιος
871 2903 934 2951 τὴν
962 2903 1074 2956 ἀρχὴν
1095 2903 1192 2955 παρὰ

147 2966 329 3018 Ἀρκαδίου
357 2968 417 3003 τοῦ
438 2965 565 3017 πατρὸς
595 2964 836 3014 διαδεξάμενος
854 2963 1030 3013 ἀπόλεμος
1063 2957 1104 3009 ἦν
1132 2962 1192 3000 καὶ

1247 388 1430 435 ἐκτήσατο.
1451 389 1522 428 Καὶ
1547 388 1614 426 ὑπὸ
1634 395 1705 432 τοῖς
1724 388 1896 440 εὐνούχοις
1906 388 2022 426 πάντα
2042 388 2206 441 ἔπραττε.
2222 388 2294 428 Καὶ

1247 449 1280 491 ἐς
1300 452 1443 486 τοσοῦτο
1460 447 1503 485 τὰ
1520 447 1716 500 πράγματα
1737 448 1883 490 ἀτοπίας
1903 449 2065 501 φέρεσθαι
2091 450 2121 486 οἱ
2139 449 2294 499 εὐνοῦχοι

1247 506 1540 558 παρεσκεύασαν,
1567 508 1613 548 ὡς
1644 506 1820 544 συνελόντι
1843 508 1951 543 εἰπεῖν
1980 505 2301 546 ἀποὸουκολοῧντες

1247 565 1304 602 τὸν
1325 564 1523 610 Θεοδόσιον,
1558 564 1676 616 ὥσπερ
1705 564 1782 607 τοὺς
1799 566 1928 607 παῖδας
1948 564 2160 616 ἀθύρμασιν,
2196 563 2294 601 οὐδὲν

1248 621 1267 659 ὅ
1281 638 1314 661 τι
1327 623 1386 660 καὶ
1402 622 1495 667 ἄξιον
1514 622 1653 672 μνήμης
1667 622 1924 674 διαπράξασθαι
1942 621 2206 675 συνεχώρησαν,
2218 621 2294 660 καί·

1247 696 1299 717 τοι
1334 683 1464 732 ἀγαθῆς
1486 681 1691 732 ὑπάρχοντα
1726 680 1880 733 φύσεως·
1911 680 1988 717 ἀλλ’
2005 681 2053 723 εἷς
2079 679 2295 727 πεντήκοντα

1248 738 1421 782 ἐνιαυτοὺς
1441 739 1678 777 συνελάσαντα
1701 739 1885 791 βαναύσοις
1914 738 1952 776 τέ
1973 754 2045 776 τισι
2072 738 2210 790 τέχναις
2236 739 2296 776 καὶ

1248 796 1367 848 θήραις
1383 798 1651 850 προσκαρτερεῖν
1669 797 1900 850 παρέπεισαν,
1930 795 2020 834 ὥστε
2042 795 2166 840 αὐτούς
2184 811 2221 834 τε
2237 797 2296 834 καὶ

1249 855 1307 893 τὸν
1322 856 1525 908 Χρυσάφιον
1554 855 1645 907 ἔχειν
1664 855 1705 893 τὸ
1735 858 1796 902 τῆς
1823 854 2000 906 βασιλείας
2029 854 2169 907 κράτος,
2191 853 2297 907 ὅνπερ

1247 917 1269 959 ἡ
1290 915 1492 965 Πουλχερία
1516 915 1686 964 μετῆλθε,
1705 916 1764 952 τοῦ
1786 914 1934 965 ἀδελφοῦ
1951 912 2234 959 τελευτήσαντος.

1283 973 1436 1030 υδιιίᾶῑιε
1450 987 1458 1008 :
1475 974 1509 1010 Θ
1519 987 1560 1010 εο
1569 973 1587 1010 δ
1598 971 1615 1009 ό
1627 988 1647 1009 σ
1656 987 1665 1008 ι
1674 987 1691 1010 ο
1700 988 1715 1015 ς
1724 1003 1733 1019 ,
1747 970 1908 1023 βασιλεὺς
1920 970 2122 1021 Ῥωμαίων,
2133 974 2151 1008 ὁ
2166 969 2297 1023 μικρός.

1249 1031 1362 1073 Οὗτος
1382 1030 1627 1080 διαδεξάμενος
1641 1030 1738 1081 παρὰ
1757 1030 1886 1083 πατρὸς
1901 1029 1964 1075 τὴν
1979 1029 2107 1082 ἀρχὴν,
2122 1029 2297 1080 ἀπόλεμος

1249 1086 1296 1126 ὢν
1313 1088 1372 1126 καὶ
1395 1089 1504 1142 δειλία
1526 1091 1650 1136 συζῶν,
1671 1089 1731 1127 καὶ
1758 1088 1821 1135 τὴν
1856 1088 1994 1140 εἰρήνην
2016 1088 2211 1140 χρήμασιν,
2231 1089 2298 1140 οὐχ

1250 1146 1370 1191 ὅπλοις
1389 1150 1630 1198 κτησάμενος,
1649 1146 1763 1185 πολλὰ
1779 1146 2009 1200 προσεξένησε
2027 1145 2120 1185 κακὰ
2139 1149 2183 1199 τῇ
2200 1145 2297 1186 ‘Pm—

1251 1205 1363 1256 μαίων
1385 1205 1554 1258 πολιτείᾳ.
1576 1205 1669 1244 Ὑπὸ
1687 1205 1755 1257 γὰρ
1774 1208 1845 1248 τοῖς
1865 1204 2038 1255 εὐνούχοις
2057 1204 2198 1257 τραφεὶς
2213 1204 2298 1256 πρὸς

1251 1269 1321 1301 πᾶν
1342 1263 1459 1316 σφίσιν
1479 1265 1661 1314 ἐπίταγμα
1686 1263 1846 1309 εὐπειθὴς
1865 1257 1906 1310 ἦν
1919 1276 1926 1284 ·
1959 1262 2049 1300 ὥστε
2069 1261 2129 1300 καὶ
2147 1261 2226 1305 τοὺς
2238 1263 2297 1300 λο-

1249 1322 1358 1373 γάδας
1373 1326 1434 1370 τῆς
1455 1323 1594 1360 ἐκείνων
1614 1323 1746 1360 δεῖσθαι
1769 1321 1987 1374 ἐπικουρίας,
2013 1321 2073 1359 καὶ
2093 1321 2206 1359 πολλὰ
2223 1336 2300 1359 νεο-

1249 1385 1415 1433 χμεῖσθαι
1433 1384 1467 1420 ἐν
1483 1383 1552 1424 τοῖς
1568 1383 1757 1424 πολιτικοῖς
1767 1380 1827 1418 καὶ
1847 1385 2110 1434 στρατιωτικοῖς
2129 1380 2298 1432 τάγμασι,

1252 1439 1303 1489 μὴ
1321 1440 1516 1492 παριόντων
1538 1443 1585 1484 εἷς
1601 1440 1663 1484 τὰς
1683 1439 1793 1492 ἀρχὰς
1812 1441 1944 1492 ἀνδρῶν
1959 1442 2027 1478 τῶν
2046 1439 2173 1477 διέπειν
2186 1443 2297 1477 ταῦτα
2348 1435 2352 1439 ’

1251 1498 1463 1548 δυναμένων,
1485 1499 1575 1537 ἀλλὰ
1596 1501 1663 1537 τῶν
1677 1498 1923 1550 χορηγούντων
1941 1497 2099 1550 χρυσίον,
2117 1496 2173 1535 διὰ
2187 1496 2222 1535 δὲ
2234 1497 2298 1544 τὴν

1251 1559 1318 1594 τῶν
1338 1557 1511 1610 εὐνούχων
1531 1556 1729 1601 πλεονεξίαν
1756 1557 1816 1594 καὶ
1834 1559 1901 1594 τῶν
1923 1556 2165 1595 Σεὸαστιανοῧ
2195 1556 2296 1608 δορυ-

1251 1615 1364 1669 φόρων
1390 1616 1590 1669 πειρατικὸν
1603 1614 1731 1654 συστὰν
1751 1615 1808 1654 τόν
1820 1631 1857 1654 τε
1875 1614 2137 1662 Ἑλλήσποντον
2153 1614 2213 1652 καὶ
2232 1613 2297 1661 τὴν

1253 1675 1474 1727 Προποντίδα
1503 1674 1721 1726 διαταράξαι.
1755 1674 1815 1718 Ἐς
1843 1677 1944 1711 τοῦτο
1965 1673 2010 1711 τὰ
2037 1673 2232 1726 πράγματα
2265 1675 2296 1711 οἱ

1252 1735 1407 1784 εὐνοῦχοι
1425 1733 1570 1776 ἀτοπίας
1591 1731 1872 1785 παρεσκεύασαν,
1905 1731 2221 1773 ἀποδουκολοῦντες
2240 1729 2298 1768 τὸν

1251 1792 1452 1840 Θεοδόσιον,
1471 1791 1590 1844 ὥσπερ
1613 1791 1690 1834 τοὺς
1710 1792 1839 1833 παῖδας
1869 1789 2083 1843 ἀθύρμασιν·
2107 1789 2206 1827 οὐδὲν
2226 1788 2246 1826 ὅ
2266 1805 2299 1827 τι

1252 1851 1311 1890 καὶ
1326 1850 1418 1895 ἄξιον
1436 1851 1576 1900 μνήμης
1593 1849 1846 1903 διαπράξασθαι
1865 1848 2146 1901 παρεσκεύασαν·
2162 1848 2239 1886 ἀλλ’
2253 1849 2300 1892 εἷς

1251 1909 1278 1946 ν’
1299 1910 1385 1947 ἐτῶν
1424 1908 1564 1954 ἠλικίαν
1593 1907 1767 1955 ἐληλυθὼς
1798 1908 1970 1945 διετέλεσε
1983 1907 2177 1960 βαναύσους
2195 1905 2233 1943 τέ
2247 1921 2298 1943 τι-

1251 1985 1310 2012 νας
1326 1967 1452 2019 μετιὼν
1469 1968 1594 2019 τέχνας
1613 1967 1673 2005 καὶ
1697 1967 1787 2020 θήρα
1807 1969 2090 2019 προσκαρτερῶν·
2113 1964 2204 2003 ὥστε
2221 1963 2300 2008 τοὺς

1252 2027 1435 2079 εὐνούχους
1458 2027 1518 2065 καὶ
1548 2026 1605 2065 τὸν
1642 2025 1847 2078 Χρυσάφιον
1868 2025 1960 2077 ἔχειν
1984 2025 2023 2063 τὸ
2039 2027 2100 2072 τῆς
2123 2023 2300 2076 βασιλείας

1251 2087 1394 2139 κράτος·
1418 2085 1523 2138 ὅνπερ
1543 2088 1566 2133 ἦ
1589 2085 1791 2138 Πουλχερία
1812 2086 1979 2136 μετῆλθε,
1995 2087 2054 2122 τοῦ
2076 2083 2224 2135 ἀδελφοῦ
2246 2098 2300 2121 τε-

1250 2144 1495 2191 λευτήσαντος,

1736 2238 1822 2288 195.

1306 2321 1400 2359 Exc.
1421 2322 1479 2357 De
1497 2322 1567 2358 ins.
1587 2333 1624 2369 p.
1648 2332 1696 2366 70
1719 2332 1728 2357 :
1745 2315 1830 2356 “On
1849 2317 1906 2355 ἐπὶ
1925 2315 2115 2356 Θεοδοσίου
2130 2318 2191 2354 τοῦ
2208 2315 2297 2362 νέου,

1251 2379 1464 2431 [Ἰωάννης]
1481 2377 1731 2430 πρωτοστάτης
1754 2376 1800 2415 ὢν
1833 2379 1900 2414 τῶν
1925 2376 2114 2427 βασιλικῶν
2140 2376 2300 2426 ὑπογρα-

1253 2437 1357 2491 φέων,
1379 2437 1428 2487 μὴ
1452 2435 1601 2488 ἐνεγκὼν
1635 2435 1698 2482 τὴν
1720 2434 1880 2487 εὐτυχίαν
1905 2437 1966 2481 τῆς
1998 2433 2086 2476 ἰδίας
2101 2430 2218 2479 ἀξίας,
2237 2432 2298 2479 τὴν

1254 2497 1432 2549 βασιλείαν
1448 2495 1614 2548 ἁρπάζει,
1636 2495 1695 2532 καὶ
1712 2493 1900 2547 πρεσὸείαν
1921 2492 2126 2531 ἀποστέλλει
2138 2491 2222 2543 πρὸς
2241 2491 2299 2529 τὸν

1251 2554 1438 2594 Θεοδόσιον
1453 2555 1616 2606 δεχθῆναι
1631 2555 1678 2596 εἷς
1694 2551 1841 2604 βασιλέα
1860 2551 2046 2601 δεομένην·
2065 2549 2123 2594 οὒς
2143 2549 2178 2588 δὲ
2197 2553 2215 2588 6
2233 2553 2300 2602 βα-

1253 2613 1364 2656 σιλεὺς
1379 2615 1413 2650 ἐν
1434 2618 1565 2666 φρουρᾷ
1592 2611 1837 2659 ποιησάμενος,
1857 2610 1990 2660 πέμπει
2022 2609 2080 2647 τὸν
2105 2623 2298 2660 στρατοπε-

1253 2671 1387 2723 δάρχην
1406 2668 1667 2723 Ἀρδαὸούριον,
1695 2669 1730 2713 ὃς
1753 2669 1810 2707 τὸν
1840 2667 2012 2720 Περσικὸν
2030 2666 2183 2715 πόλεμον
2203 2668 2298 2716 ἠγω-

1252 2730 1385 2768 νίσατο.
1413 2729 1482 2768 Καὶ
1503 2731 1520 2766 6
1538 2729 1600 2778 μὲν
1618 2730 1663 2771 εἷς
1693 2727 1861 2771 Σαλώνας
1884 2725 2181 2779 παραγενόμενος,
2202 2724 2299 2762 ἔπλει

1253 2788 1310 2825 ἐπὶ
1330 2787 1392 2834 τὴν
1411 2787 1607 2834 Ἀκυληίαν,
1621 2786 1679 2824 καὶ
1694 2790 1824 2838 χρῆται
1844 2785 1952 2837 τύχης
1966 2784 2193 2831 ἔναντιότητι,
2212 2784 2300 2833 μᾶλ-

1252 2847 1311 2883 λον
1337 2845 1372 2884 δὲ
1401 2845 1569 2892 θειότητι,
1601 2847 1646 2888 ὡς
1674 2845 1815 2895 ὕστερον
1836 2842 2039 2894 ἀπεδείχθη.
2067 2841 2211 2891 Ἄνεμος
2230 2841 2297 2893 γὰρ

1253 2907 1314 2942 οὐκ
1343 2904 1452 2947 αἴσιος
1471 2903 1620 2946 πνεύσας
1640 2905 1686 2946 εἰς
1713 2903 1774 2945 τὰς
1792 2903 1912 2954 χεῖρας
1932 2900 2033 2938 αὐτὸν
2054 2903 2113 2938 τοῦ
2131 2899 2297 2951 τυράννου

1254 2962 1413 3000 ἐνέὸαλεν
1425 2978 1433 2986 ·
1454 2962 1487 3005 ὃς
1505 2961 1690 3000 συλλαὸὼν
1709 2961 1824 3006 αὐτὸν,
1841 2960 1983 3006 ἤλπιζεν
2004 2960 2051 3002 εἷς
2069 2957 2224 3006 ἀνάγκην
2239 2957 2296 2995 τὸν

189 3080 242 3110 Fr.
272 3080 339 3108 193.
367 3078 442 3108 Hoec
455 3075 612 3116 descripta
621 3078 695 3106 sunt
709 3084 726 3107 e
738 3075 875 3106 Socratis
893 3076 930 3106 H.
947 3074 1033 3106 Eccl.
1047 3075 1120 3114 vn,
1136 3077 1187 3110 22,
1201 3081 1233 3113 p.
1250 3077 1322 3111 361,
1338 3074 1446 3113 ρουοίς
1461 3073 1510 3104 ve!
1526 3072 1649 3104 omissis
1663 3071 1711 3102 vel
1726 3069 1868 3102 mutatis.
1880 3088 1920 3094 —-
1934 3067 2296 3109 ἐπαγγελλόμενος]

149 3124 259 3156 malim
276 3122 533 3163 ἐπαγγειλάμενος
551 3131 590 3153 ex
605 3123 744 3153 socrate.
762 3141 801 3148 -
819 3119 1105 3160 αἰνιξαμένων]
1124 3121 1270 3158 socrat.;
1288 3121 1476 3159 ἀνιξαμένων
1492 3119 1612 3157 codex3
1633 3118 1847 3157 ἀνιασαμένων
1864 3116 1997 3148 excudit
2014 3114 2170 3147 Valffiius.
2191 3133 2232 3140 —
2246 3117 2297 3155 τῷ

148 3169 365 3212 Θεοδώρῳ]
382 3169 488 3201 addidi
505 3178 545 3201 ex
559 3170 698 3200 socrate.
716 3188 755 3195 -
771 3167 1058 3208 ἐπαναγαγεῖν]
1072 3168 1132 3198 hoc
1149 3167 1343 3207 reposuerim
1358 3166 1389 3197 in
1407 3167 1553 3203 socrate,
1572 3165 1626 3196 ubi
1643 3174 1703 3204 vgo
1721 3164 1834 3204 {egitur
1848 3164 2026 3203 ἐπαγαγεῖν.
2041 3179 2080 3187 -—
2099 3162 2131 3192 εἰ
2149 3160 2219 3200 γάρ
2238 3172 2296 3198 τις

147 3219 225 3251 κτλ.
237 3217 250 3259 ]
267 3220 414 3250 socrates
439 3217 484 3248 ita

191 3315 244 3345 Fr.
271 3313 337 3343 194.
359 3310 466 3342 Snidae
486 3310 591 3341 locum
612 3309 805 3341 Niebuhrius
824 3310 931 3341 Prisco
954 3309 1180 3340 vindicaverat.

513 3229 520 3247 ·.
547 3215 573 3247 εἷ
590 3216 666 3247 ποτέ
681 3227 725 3251 τις
742 3216 810 3252 ἄξια
826 3217 991 3256 κεφαλικῆς
1011 3215 1230 3255 ἐπλημμέλησε
1246 3214 1394 3255 τιμωρίας
1407 3237 1415 3252 ,
1435 3213 1499 3244 οὐδ’
1517 3213 1588 3253 ἄχρι
1608 3215 1662 3249 τῆς
1677 3212 1796 3247 πόλεως
1812 3214 1875 3242 τῶν
1900 3211 2005 3241 πυλῶν
2032 3208 2087 3246 τὴν
2107 3207 2155 3238 ἐπὶ
2173 3207 2296 3249 θανάτῳ

150 3266 309 3303 ἀπήγετο,
328 3264 380 3294 καὶ
406 3265 426 3300 ἡ
449 3263 484 3294 ἐκ
503 3265 556 3299 τῆς
576 3262 800 3302 φιλανθρωπίας
820 3263 906 3298 εὐθὺς
925 3262 1091 3298 ἀνάκλησις
1111 3262 1226 3293 εἵπετο.

191 3361 244 3391 Fr.
273 3358 510 3399 195.Excerpta
525 3356 592 3387 haec
611 3364 651 3387 ex
671 3358 794 3387 socrat.
817 3357 855 3387 ll.
880 3358 915 3387 E.
935 3358 989 3387 Vll
1004 3380 1012 3395 ‚
1035 3358 1146 3387 23-24.
1167 3356 1215 3388 Cf.
1238 3354 1426 3392 Philostorg.
1443 3354 1500 3384 ΧΙΙ
1514 3376 1523 3391 ,
1545 3356 1596 3391 13,
1610 3360 1642 3392 p.
1659 3356 1728 3383 538.
1745 3351 1927 3383 Tillemont.
1945 3352 2007 3389 Vl,
2025 3358 2056 3390 p.
2076 3350 2143 3379 183.
2158 3366 2198 3373 —
2214 3359 2296 3389 πρε-

151 3404 310 3446 σὸείαν]
327 3404 489 3445 πρεσὸείας
506 3403 628 3435 socrat.
641 3421 679 3427 —
697 3402 905 3443 δεομένην]
921 3402 1062 3442 δεόμενος
1079 3405 1168 3434 socr.
1190 3423 1230 3429 -
1247 3401 1542 3443 Ἀρδαὸούριον]
1559 3400 1720 3441 δαὸούριον
1734 3400 1806 3431 cod.
1822 3418 1861 3425 —
1876 3399 2019 3439 μᾶλλον
2037 3396 2074 3427 δὲ
2099 3394 2294 3438 θειότητι]

151 3454 265 3485 μᾶλλον
288 3452 319 3483 δὲ
338 3450 468 3487 δειότητι
489 3449 610 3488 codex3
630 3448 777 3486 δεινότητι
802 3448 851 3480 ed.
879 3450 1020 3480 Cramer.
1049 3450 1139 3489 Apud
1165 3451 1328 3482 Socratem
1348 3448 1438 3480 locus
1457 3447 1509 3479 hic
1529 3447 1661 3478 mutuus
1680 3448 1728 3478 est
1753 3449 1784 3478 et
1812 3455 1829 3478 e
1854 3448 1969 3478 Nostro
1989 3441 2193 3482 corrigendus
2214 3451 2221 3472 :
2242 3446 2293 3474 καὶ
