2372 3704
658 257 917 300 IIARMODll
956 255 1237 296 LEPREATAE
1265 254 1597 294 FRAGMENTA.

121 376 551 438 HARMODIUS
593 371 1033 432 LEPREATES.

56 490 179 529 ΠΕΡΙ
206 489 313 528 ΤΩΝ
344 489 482 534 ΚΑΤΑ
520 486 803 525 ΦΙΓΑΛΕΙΑΝ
841 483 1098 523 ΝΟΜΙΜΩΝ.

564 571 595 594 1.

110 623 309 659 Athenaeus
325 623 388 667 IV,
408 635 450 671 p.
475 621 570 667 148,
588 622 617 658 F
637 634 645 658 :
665 618 844 671 Ἁρμόδιος
860 618 888 654 δ’
905 620 922 655 ὃ
940 615 1100 668 Λεπρεά-

56 697 118 728 της
131 682 166 719 ἐν
181 683 230 733 τῷ
248 681 337 732 Περὶ
354 682 421 717 τῶν
438 678 529 717 κατὰ
558 678 754 729 Φιγάλειαν
771 676 939 727 νομίμων·
953 694 967 708 «
982 674 1027 714 ‘O
1044 690 1101 713 κα·

55 738 238 781 τασταθεὶς
264 737 390 790 (φησί)
409 736 507 789 παρὰ
530 737 727 786 Φιγαλεῦσι
748 734 911 785 σίταρχος
928 733 1025 786 ἔφερε
1042 736 1103 778 τῆς

56 796 191 849 ἡμέρας
210 796 302 835 οἴνου
323 801 412 849 τρεῖς
428 795 513 848 χόας
532 791 591 833 καὶ
612 794 764 847 ἀλφίτων
786 793 948 844 μέδιμνον
966 791 1026 830 καὶ
1045 808 1103 829 τυ-

59 859 117 908 ροῦ
143 855 381 906 πεντάμνουν,
404 854 463 893 καὶ
478 853 591 892 τᾶλλα
609 853 693 906 πρὸς
711 852 773 899 τὴν
802 852 943 904 ἄρτυσιν
963 854 1030 889 τῶν
1056 852 1104 888 ἱε-

59 912 158 966 ρείων
175 913 408 965 ἁρμόττοντα.
437 912 483 951 ‘H
504 912 540 950 δὲ
559 910 659 955 πόλις
676 916 843 963 παρεῖχεν
865 909 1018 962 ἑκατέρῳ
1037 911 1104 945 τῶν

57 973 173 1024 χορῶν
203 970 283 1022 τρία
302 970 465 1023 πρόὸατα
483 970 542 1008 καὶ
563 969 724 1022 μάγειρον
754 968 959 1021 ὑδριαφόρον
984 982 1022 1005 τε
1046 966 1105 1004 καὶ

57 1028 235 1082 τραπέζας
251 1028 312 1067 καὶ
332 1030 442 1081 βάθρα
459 1029 543 1078 πρὸς
559 1028 622 1075 τὴν
636 1029 823 1080 καθέδραν,
842 1027 902 1065 καὶ
917 1027 979 1073 τὴν
995 1025 1106 1064 τοιαύ-

59 1104 123 1135 την
141 1087 283 1125 ἅπασαν
300 1087 539 1140 παρασκευὴν,
561 1087 652 1134 πλὴν
677 1089 745 1125 τῶν
765 1085 844 1138 περὶ
863 1085 920 1124 τὸν
943 1085 1106 1136 μάγειρον

4 1186 6 1190 f
60 1148 205 1195 σκευῶν,
227 1146 249 1184 ἃ
265 1149 283 1184 6
305 1145 468 1198 χορηγός.
486 1146 537 1185 Τὸ
552 1145 587 1183 δὲ
607 1147 741 1184 δεῖπνον
760 1139 801 1192 ἦν
818 1148 971 1182 τοιοῦτον
985 1159 992 1167 ·
1008 1143 1107 1195 τυρὸς

59 1205 119 1243 καὶ
139 1204 251 1258 φυστὴ
279 1207 373 1255 μᾶζα
392 1205 500 1255 νόμου
520 1204 624 1257 χάριν
646 1204 704 1243 ἐπὶ
727 1205 871 1256 χαλκῶν
892 1205 1019 1249 κανῶν,
1037 1205 1106 1240 τῶν

59 1263 159 1316 παρά
184 1279 254 1301 τισι
274 1263 500 1314 καλουμένων
520 1263 739 1314 μαζονόμων,
759 1262 829 1300 ἀπὸ
849 1264 909 1308 τῆς
924 1261 1043 1313 χρείας
1064 1262 1106 1298 εἷ-

59 1323 221 1376 ληφότων
236 1322 299 1368 τὴν
317 1322 534 1372 ἐπωνυμίαν·
550 1325 636 1372 ὁμοῦ
654 1321 690 1360 δὲ
706 1325 748 1373 τῇ
767 1322 860 1372 μάζῃ
877 1319 937 1358 καὶ
953 1322 1002 1371 τῷ
1016 1321 1108 1371 τυρῷ

62 1380 263 1432 σπλάγχνον
297 1380 358 1419 καὶ
389 1379 469 1424 ἅλες
499 1384 728 1432 προσφαγεῖν.
764 1377 1040 1429 Καθαγισάντων
1074 1376 1109 1414 δὲ

61 1443 172 1477 ταῦτα
192 1441 227 1477 ἐν
247 1438 402 1491 κεραμέα
425 1438 604 1476 κοτταὸίδι
624 1442 715 1475 πιεῖν
734 1436 871 1488 ἑκάστῳ
892 1435 1028 1487 μικρὸν,
1050 1435 1110 1472 καὶ

61 1500 79 1535 ὃ
95 1496 297 1550 προσφέρων
314 1499 451 1534 ἀνεῖπεν
467 1491 521 1536 ET}
536 1495 705 1539 δείπνειας
716 1512 725 1520 ·
743 1489 817 1533 εἶτα
833 1495 862 1533 δ’
878 1496 925 1538 εἷς
941 1494 980 1532 τὸ
996 1493 1108 1532 κοινὸν

63 1555 176 1606 ζωμὸς
198 1554 257 1593 καὶ
280 1555 503 1607 περίκομμα,
522 1554 703 1607 πρόσχερα
721 1554 750 1592 δ’
774 1553 912 1605 ἑκάστῳ
929 1553 989 1591 δύο
1008 1551 1108 1604 κρέα.

63 1612 247 1663 Ἐνόμιζον
277 1612 306 1650 δ’
334 1613 369 1650 ἐν
392 1611 503 1650 ἅπασι
521 1613 591 1655 τοῖς
620 1612 786 1660 δείπνοις,
808 1612 964 1662 μάλιστα
985 1610 1020 1648 δὲ
1042 1612 1111 1653 τοῖς

62 1670 260 1722 λεγομένοις
277 1673 434 1721 μαζῶσι,
452 1674 552 1709 τοῦτο
565 1670 631 1723 γὰρ
645 1669 694 1708 ἔτι
711 1670 771 1708 καὶ
786 1673 843 1707 νῦν
858 1673 879 1716 ἡ
898 1668 1110 1714 Διονυσιακὴ

65 1730 204 1774 σύνοδος
233 1729 306 1782 ἔχει
325 1728 498 1780 τοῦνομα,
518 1726 598 1772 τοῖς
627 1728 778 1767 ἐσθίουσι
796 1731 864 1766 τῶν
886 1728 971 1766 νέων
993 1728 1113 1779 ἀνδρι-

66 1787 215 1841 κώτερον
236 1787 348 1838 ζωμόν
367 1790 397 1825 τ’
422 1790 537 1839 ἐγχεῖν
558 1786 668 1825 πλείω
694 1786 753 1825 καὶ
771 1786 884 1836 μάζας
910 1785 970 1824 καὶ
991 1785 1113 1837 ἄρτους

66 1845 320 1898 παραὸάλλειν.
344 1848 505 1890 Γενναῖος
523 1845 591 1897 γὰρ
611 1848 629 1883 6
648 1850 799 1889 τοιοῦτος
819 1844 970 1896 ἐκρίνετο
985 1844 1044 1882 καὶ
1061 1845 1113 1881 ἀν-

66 1905 197 1958 δρώδης
223 1905 393 1958 ὑπάρχειν
412 1920 420 1928 ·
449 1904 650 1953 θαυμαστὸν
673 1903 740 1956 γὰρ
761 1899 802 1951 ἦν
822 1904 882 1942 καὶ
902 1902 1112 1956 περιὸόητον

18 2012 22 2014 ῃ
66 1964 149 2016 παρ’
166 1963 283 2007 αὐτοῖς
303 1966 325 2010 ἡ
345 1961 558 2016 πολυφαγία.
580 1962 682 2001 Μετὰ
699 1962 734 2000 δὲ
753 1962 792 2000 τὸ
810 1963 945 2000 δεῖπνον
964 1960 1115 2003 σπονδὰς

68 2023 262 2070 ἐποιοῦντο,
281 2023 343 2059 οὐκ
360 2021 615 2073 ἀπονιψάμενοι
628 2020 690 2064 τὰς
703 2026 843 2073 χεῖρας,
863 2021 938 2058 ἀλλ’
958 2021 1114 2069 ἀποματ-

2119 261 2191 294 411

1160 347 1299 397 τόμενοι
1328 351 1398 389 τοῖς
1417 347 1570 398 ψωμοῖς,
1589 343 1649 382 καὶ
1679 342 1741 391 τὴν
1766 345 2033 396 ἀπομαγδαλίαν
2062 345 2205 388 ἕκαστος

1162 404 1335 457 ἀπέφερε,
1352 407 1452 442 τοῦτο
1471 406 1646 445 ποιοῦντες
1665 402 1766 440 ἕνεκα
1794 405 1862 440 τῶν
1889 404 1922 440 ἐν
1942 408 2016 446 ταῖς
2041 402 2207 456 ἀμφόδοις

1160 463 1348 513 γινομένων
1380 463 1584 514 νυκτερινῶν
1613 460 1744 512 φόὸων.
1779 459 1864 499 Ἀπὸ
1893 459 1929 497 δὲ
1956 463 2024 498 τῶν
2050 462 2205 498 σπονδῶν

1161 520 1270 560 παιὰν
1303 521 1437 575 ᾄδεται.
1460 519 1576 559 εὈταν
1599 518 1634 556 δὲ
1653 524 1723 561 τοῖς
1752 518 1862 570 ἥρωσι
1888 517 2012 565 θύωσι,
2043 518 2206 569 βουθυσία

1164 580 1300 631 μεγάλη
1315 579 1447 630 γίνεται
1461 578 1520 617 καὶ
1536 580 1716 622 ἑστιῶνται
1735 576 1859 620 πάντες
1879 576 1968 626 μετὰ
1983 578 2049 613 τῶν
2065 577 2207 614 δούλων.

1163 640 1210 677 Οἱ
1228 637 1263 676 δὲ
1283 639 1403 681 παῖδες
1428 639 1462 675 ἐν
1482 642 1558 680 ταῖς
1578 635 1754 674 ἑστιάσεσι
1772 634 1861 686 μετὰ
1881 637 1948 672 τῶν
1965 634 2125 686 πατέρων
2150 634 2208 671 ἐπὶ

1163 696 1267 735 λίθων
1284 696 1473 746 καθήμενοι
1490 694 1613 748 γυμνοὶ
1631 695 1904 734 συνδειπνοῦσιν,
1923 712 1936 726 υ

1218 759 1324 794 Idem
1340 759 1421 803 XI,
1442 770 1482 806 p.
1504 761 1601 805 479,
1622 756 1650 792 C
1672 752 1883 796 εΚοτταὸίς.
1902 750 2081 804 Ἁρμόδιος
2100 754 2117 789 6
2137 755 2209 791 Λε-

1165 815 1320 867 πρεάτης
1349 817 1383 853 ἐν
1410 817 1460 867 τῷ
1483 813 1573 866 Περὶ
1599 815 1667 851 τῶν
1697 811 1789 850 κατὰ
1817 811 2014 862 Φιγάλειαν
2040 810 2209 860 νομίμων,

1167 874 1297 918 διεξιὼν
1315 874 1395 926 περὶ
1409 876 1476 911 τῶν
1494 871 1690 924 ἐπιχωρίων
1705 870 1863 918 δείπνων,
1874 869 2000 923 γράφει
2012 869 2072 907 καὶ
2086 873 2210 907 ταῦτα·

1171 950 1187 965 α
1218 931 1494 983 Καθαγισάντων
1519 934 1629 968 ταῦτα
1661 931 1696 967 ἐν
1728 929 1885 982 κεραμέα
1912 927 2091 966 κοτταὸίδι
2122 932 2211 965 πιεῖν

1168 990 1303 1043 ἑκάστῳ
1332 990 1467 1043 μικρὸν,
1496 989 1556 1028 καὶ
1593 991 1610 1026 ὁ
1644 987 1846 1040 προσφέρων
1879 989 2017 1025 ἀνεῖπεν
2033 1002 2041 1010 ·
2072 980 2110 1024 εὖ
2141 985 2212 1023 δεί-

1168 1065 1297 1092 πνειας.
1317 1067 1332 1083 υ
1352 1051 1409 1088 Cf.
1427 1051 1576 1088 Miiller.
1598 1050 1687 1085 Dor.
1710 1050 1762 1098 ΙΙ,
1776 1061 1816 1097 p.
1842 1052 1933 1094 274.

1674 1138 1712 1160 2.

1223 1197 1329 1233 Idem
1349 1198 1409 1245 X,
1424 1209 1466 1245 p.
1490 1200 1564 1239 442
1578 1223 1588 1240 ,
1604 1197 1658 1233 B:
1679 1192 1857 1245 Ἁρμόδιος
1874 1191 1947 1230 δὲ·ὅ
1965 1190 2168 1243 Λεπρεάτης
2182 1192 2216 1228 ἐν

1169 1255 1219 1305 τῷ
1237 1253 1326 1305 Περὶ
1340 1255 1407 1291 τῶν
1424 1252 1521 1304 παρὰ
1539 1250 1917 1303 Φιγαλεῦσινομίμων,
1930 1249 2118 1302 φιλοπότας
2132 1249 2217 1302 φησὶ

1169 1311 1327 1362 γενέσθαι
1341 1312 1510 1361 Φιγαλεῖς
1521 1341 1530 1358 ,
1547 1309 1756 1357 Μεσσηνίοις
1772 1309 2017 1361 ἀστυγείτονας
2033 1307 2145 1355 ὄντας,
2157 1307 2217 1345 καὶ

1170 1370 1363 1420 ἀποδημεῖν
1383 1368 1590 1413 ἐθισθέντας.

1224 1503 1331 1540 Idem
1350 1505 1426 1549 XI,
1442 1517 1484 1552 p.
1506 1502 1580 1547 465
1593 1530 1603 1548 ,
1622 1504 1656 1538 D
1674 1513 1683 1540 :
1703 1494 1794 1540 Οἶδα
1817 1499 1854 1537 δέ
1869 1515 1984 1547 τινας,
2005 1498 2124 1552 ἄνδρες
2145 1502 2218 1537 θια-

1172 1562 1302 1610 σῶται,
1321 1560 1381 1598 καὶ
1403 1560 1494 1612 μέγα
1516 1559 1755 1613 φρονήσαντας
1776 1559 1842 1610 οὐχ
1857 1557 1963 1601 οὕτως
1984 1557 2041 1596 ἐπὶ
2060 1556 2219 1611 πλούτῳ,

1172 1620 1218 1662 ὡς
1250 1618 1306 1656 ἐπὶ
1335 1621 1384 1671 τῷ
1416 1621 1606 1665 κεκτῆσθαι
1635 1616 1750 1655 πολλὰ
1781 1617 1977 1667 ἐκπώματα
2006 1618 2140 1668 ἀργυρᾶ
2160 1615 2220 1653 καὶ

1172 1683 1301 1730 χρυσᾶ.
1319 1671 1389 1715 ἐνΩν
1403 1672 1449 1721 εἷς
1468 1679 1540 1715 ἐστι
1558 1676 1617 1714 καὶ
1638 1675 1774 1719 Πυθέας
1789 1678 1806 1713 ὁ
1827 1675 1950 1726 Ἀρκὰς
1964 1677 2003 1712 ἐκ
2017 1672 2222 1724 Φιγαλείας,

1173 1735 1209 1779 ὃς
1228 1735 1288 1773 καὶ
1309 1736 1537 1782 ἀποθνήσκων
1553 1737 1613 1773 οὐκ
1628 1733 1783 1782 ὤκνησεν
1805 1733 1981 1772 ἐπιθέσθαι
2002 1738 2072 1776 τοῖς
2087 1732 2224 1775 οἰκείοις

1175 1794 1367 1847 ἐπιγράψαι
1388 1796 1492 1832 αὐτοῦ
1512 1797 1561 1846 τῷ
1582 1793 1740 1844 μνήματι
1758 1792 1861 1830 τάδε·

1224 1887 1327 1920 Πυθέα
1341 1891 1447 1927 μνῆμα
1459 1886 1521 1918 τὸδ’
1537 1886 1613 1924 ἔστ’,
1631 1886 1748 1925 ἀγαθοῦ
1758 1885 1810 1916 καὶ
1825 1885 1982 1925 σώφρονος
1996 1884 2101 1925 ἀνδρὸς
2111 1907 2120 1923 ,

1261 1935 1293 1970 ὃς
1310 1934 1445 1965 κυλίκων
1461 1934 1552 1974 ἔσχεν
1567 1933 1679 1970 πλῆθος
1693 1932 1878 1974 ἀπειρέσιον,

1218 1980 1387 2023 ἀργυρέων,
1400 1983 1519 2020 χρυσοῦ
1539 1989 1572 2010 τε
1588 1979 1640 2010 καὶ
1659 1979 1818 2018 ἠλέκτροιο
1834 1980 1976 2019 φαεινοῦ,

1259 2031 1320 2059 τῶν
1333 2029 1489 2067 προτέρων
1505 2025 1629 2057 πάντων
1642 2025 1770 2056 πλείονα
1786 2024 1975 2063 πασάμενος.

83 2084 2216 2104 .—.-.-—-.—.--.-.—-.———-———-———-—-—-———

187 2151 256 2190 DE
283 2149 672 2189 PHIGALENSIUM
691 2147 995 2188 INSTITUTlS.

111 2280 303 2313 Harmodius
317 2281 485 2321 Lepreates
502 2280 535 2311 in
551 2279 633 2312 libro
650 2282 696 2312 De
714 2279 947 2320 Phigalensium
966 2278 1120 2310 institutis

70 2332 114 2364 ait
128 2343 136 2364 :
152 2345 167 2360 α
183 2331 275 2373 Apud
288 2332 488 2372 Phigalenses
501 2331 649 2363 convivio
666 2331 836 2371 praefectus
851 2329 996 2370 quotidie
1015 2329 1121 2360 confe-

71 2384 162 2416 rebat
183 2383 249 2415 vini
271 2385 336 2427 tres
357 2383 485 2422 congios
501 2384 534 2415 et
555 2383 691 2423 polentae
708 2382 853 2413 modium
877 2382 910 2413 et
928 2381 1009 2412 casei
1026 2380 1121 2420 quin-

72 2444 137 2475 que
151 2435 245 2466 libras
261 2435 387 2475 aliaque
403 2434 441 2466 ad
453 2434 646 2466 condiendas
659 2442 768 2465 carnes
782 2432 983 2473 pertinentia.
1002 2432 1123 2463 Civitas

73 2489 182 2519 autem
206 2487 335 2527 singulis
360 2487 466 2518 choris
489 2486 650 2518 tribuebat
673 2488 739 2518 tres
763 2494 839 2517 oves
860 2487 893 2517 et
920 2494 1062 2525 coquum
1086 2485 1119 2516 et

74 2539 172 2571 lixam
188 2539 269 2570 vasis
281 2538 440 2578 gestandis
452 2562 461 2577 ,
481 2540 513 2570 et
528 2547 654 2570 mensas
665 2562 673 2577 ,
689 2539 720 2569 et
739 2537 832 2569 sellas
848 2537 879 2568 in
893 2536 1010 2577 quibus
1031 2536 1122 2568 sede-

17 2617 20 2620 .
74 2592 145 2622 rent
169 2589 333 2629 convivae,
354 2589 578 2630 reliquumque
593 2589 625 2620 id
645 2598 744 2629 genus
760 2589 966 2628 apparatum,
983 2588 1125 2628 exceptis

75 2642 159 2673 vasis
184 2641 366 2681 culinarfis,
393 2650 468 2681 quae
495 2640 717 2681 suppeditabat
743 2640 910 2680 choragiis.
939 2640 995 2671 Est
1016 2642 1124 2671 autem

78 2703 169 2726 coena
181 2694 266 2726 talis.
285 2696 403 2726 Caseus
425 2695 457 2725 et
475 2694 589 2734 pliysta
605 2702 696 2724 maza
709 2693 787 2724 dicis
806 2701 902 2724 causa
922 2701 1017 2733 super
1030 2691 1126 2724 aeneis

75 2745 238 2784 canistris,
261 2745 317 2786 qui
333 2747 527 2777 mazonomi
544 2754 563 2776 a
581 2744 773 2786 quibusdam
798 2745 966 2783 vocantur,
990 2744 1031 2775 ab
1056 2743 1126 2784 ipso

80 2807 137 2830 usu
151 2798 247 2829 ducta
259 2797 487 2838 appellatione;
502 2798 597 2829 simul
614 2806 690 2830 vero
709 2806 784 2829 cum
803 2805 894 2828 maza
907 2798 939 2829 et
952 2805 1061 2836 caseo,
1080 2796 1127 2828 vi·

76 2858 164 2882 scera
177 2851 209 2881 et
221 2849 281 2881 sal.
302 2849 427 2885 Quibus
440 2849 521 2881 inter
537 2858 644 2882 sacras
657 2849 856 2881 coerimonias
868 2849 1079 2889 consumptis.
1093 2849 1126 2880 in

80 2901 170 2933 fictili
185 2901 345 2933 cottabide
361 2910 474 2942 parum
497 2902 687 2942 unicuique,
710 2901 797 2941 quod
820 2901 927 2939 bibat,
945 2901 1125 2941 praebetur3

30 2957 36 2963 ·
79 2953 163 2994 quod
174 2953 344 2994 quiol'l'ert,
358 2956 448 2985 Bene
460 2955 666 2986 coenaveris!
678 2953 767 2985 dicit.
782 2953 901 2984 Deinde
914 2954 946 2984 in
957 2961 1128 2984 commune

81 3005 232 3036 omnibus
253 3005 305 3046 jus
326 3006 496 3046 apponitur
510 3007 541 3037 et
565 3005 720 3044 minutal;
740 3005 858 3046 cuique
877 3005 1002 3036 veroin
1016 3014 1130 3037 manus

79 3056 144 3088 dno
158 3058 302 3088 carnium
317 3058 428 3089 frusta.
450 3059 526 3089 Erat
547 3058 656 3089 autem
672 3066 762 3089 more
780 3057 864 3097 apud
886 3066 940 3089 eos
962 3058 1127 3097 receptum

78 3109 228 3142 omnibus
241 3109 273 3141 in
286 3109 396 3150 coenis,
413 3110 554 3141 maxime
567 3118 643 3142 vero
657 3109 688 3141 in
709 3109 754 3142 eis
763 3118 836 3149 quae
848 3118 1007 3141 mazones
1020 3109 1127 3149 appel-

31 3167 33 3169 ’
81 3161 188 3193 lantur
212 3161 318 3202 (quod
336 3171 455 3194 nomen
482 3162 578 3194 etiam
606 3170 693 3194 nunc
724 3161 917 3193 Baccliicum
945 3160 1128 3192 convivium

82 3212 244 3252 obtinet),
260 3214 296 3245 ut
309 3213 483 3253 Juvenibus
498 3222 563 3254 prae
579 3213 703 3245 caeteris
718 3214 846 3244 strenue
862 3212 1029 3244 edentibus
1039 3236 1047 3251 ,
1061 3212 1131 3252 plus

79 3261 160 3303 iuris
172 3263 394 3304 infunderent,
417 3265 449 3296 et
462 3264 616 3304 majorem
629 3273 730 3295 mazae
742 3265 775 3295 et
796 3272 916 3304 panum
933 3263 1058 3303 copiam
1074 3271 1129 3302 ap-

27 3329 31 3339 s
61 3312 64 3313 ⁷
83 3316 246 3354 ponerent.
260 3316 362 3347 Fortis
375 3315 459 3347 enim
473 3316 505 3347 et
511 3317 660 3347 strenuus
670 3324 737 3347 esse
747 3314 988 3346 existimabatur
997 3314 1131 3353 talisju-

85 3366 188 3410 venisj.
199 3376 274 3399 narn
291 3368 492 3399 admirationi
509 3369 606 3408 atque
618 3367 704 3399 laudi
728 3367 812 3408 apud
831 3375 885 3398 eos
898 3367 966 3398 erat
985 3366 1131 3411 edacitas.

27 3423 30 3428 '
86 3419 160 3450 Post
179 3427 304 3451 coenam
327 3419 513 3452 libationem
527 3420 702 3459 faciebant,
717 3419 864 3451 manibus
882 3427 946 3450 non
967 3418 1051 3458 lotis,
1077 3417 1132 3450 sed

87 3468 168 3501 mica
193 3470 282 3511 panis
301 3470 466 3511 abstersis3
489 3471 521 3503 et
543 3479 657 3511 panem
672 3494 679 3509 ,
693 3479 757 3511 qno
770 3470 982 3502 absterserant
1001 3477 1132 3508 manus,

1177 2136 1286 2159 secum
1301 2127 1438 2166 quisque
1457 2124 1622 2156 auferebat
1638 2136 1646 2155 :
1660 2123 1692 2155 id
1711 2122 1798 2163 quod
1814 2122 1972 2155 faciebant
1989 2123 2149 2153 terrorum
2167 2130 2225 2152 no-

1179 2181 1371 2210 cturnorum
1387 2185 1500 2216 causa,
1521 2175 1576 2216 qni
1599 2176 1631 2206 in
1655 2174 1802 2214 compitis
1826 2173 1966 2205 incidere
1987 2175 2126 2213 possent.
2152 2173 2226 2205 Post

1179 2223 1362 2262 libationem
1373 2238 1463 2270 paean
1475 2228 1609 2260 canitur.
1623 2229 1730 2264 Quum
1741 2235 1817 2258 vero
1827 2226 1984 2258 Hei-uibus
1993 2234 2081 2257 sacra
2093 2225 2225 2265 faciunt,

1179 2283 1299 2314 multos
1324 2282 1422 2313 boves
1444 2280 1591 2319 caedunt,
1614 2280 1647 2311 et
1672 2278 1842 2319 epulantur
1865 2286 1976 2309 ornnes
2000 2286 2075 2308 cum
2099 2277 2198 2309 servis
2219 2287 2227 2308 :

1179 2334 1268 2374 pueri
1283 2342 1357 2364 vero
1371 2333 1403 2364 in
1416 2332 1477 2364 illis
1487 2331 1643 2364 conviviis
1650 2330 1745 2363 simul
1755 2338 1830 2362 cum
1841 2328 1984 2370 patribus
1993 2330 2132 2368 coenant,
2144 2328 2229 2360 saxis

1180 2387 1257 2419 nudi
1270 2386 1450 2418 insidentes.
1464 2398 1479 2413 υ

1226 2438 1387 2471 Cotcabis.
1401 2436 1594 2469 Harmodius
1611 2435 1777 2476 Lepreates
1789 2434 1823 2465 in
1839 2433 1921 2465 libro
1932 2435 1979 2465 De
1992 2432 2227 2473 Phigalensium

1182 2490 1354 2529 institutis,
1371 2489 1412 2521 de
1426 2488 1524 2520 coenis
1537 2488 1672 2527 loquens
1685 2486 1717 2517 in
1739 2486 1793 2517 illa
1817 2485 1947 2516 civitate
1963 2485 2011 2524 agi
2025 2485 2142 2524 solitis,
2160 2485 2229 2516 haec

1182 2542 1292 2574 scribit
1308 2554 1315 2573 :
1334 2554 1348 2568 «ι
1367 2541 1422 2572 llis
1435 2540 1516 2571 inter
1532 2547 1637 2571 sacras
1650 2537 1849 2570 caerimonias
1861 2536 2073 2576 consumptis,
2094 2536 2126 2567 in
2142 2535 2229 2567 fictili

1183 2592 1342 2624 cottabide
1353 2601 1466 2632 parum
1480 2590 1654 2631 unicuique
1664 2614 1672 2629 ‚
1688 2589 1773 2630 quod
1787 2589 1886 2628 bibat,
1898 2588 2034 2619 offertur
2051 2600 2058 2619 :
2073 2587 2160 2628 quod
2173 2587 2229 2628 qui

1183 2646 1290 2685 offert,
1305 2646 1332 2677 is
1345 2645 1401 2685 ait,
1418 2647 1507 2676 Bene
1519 2645 1717 2676 coenaverae's.
1735 2655 1751 2670 n

1683 2706 1717 2735 2.

1227 2759 1416 2792 Harmodius
1429 2759 1598 2800 Lepreates
1614 2758 1646 2789 in
1660 2757 1742 2789 libro
1764 2758 1808 2789 De
1822 2756 2055 2796 Phigalensium
2077 2755 2231 2787 institutis

1184 2814 1274 2854 potui
1289 2813 1413 2844 deditos
1427 2812 1522 2843 tuisse
1535 2810 1580 2842 ait
1594 2810 1810 2850 PhigalenseS,
1826 2808 2055 2841 Messeniorum
2081 2808 2232 2840 finitimos

1186 2867 1218 2897 et
1236 2865 1332 2896 domo
1344 2864 1454 2896 abesse
1467 2864 1587 2895 solitos.

1690 2917 1724 2949 3.

1226 2975 1298 3007 Scio
1312 2975 1408 3006 etiam
1419 2998 1427 3013 ‚
1444 2973 1536 3004 amici
1547 2972 1717 3013 epulones,
1733 2971 1828 3003 fuisse
1843 2971 2004 3010 homines,
2020 2971 2073 3011 qui
2089 2980 2152 3002 non
2167 2972 2231 3002 tarn

1186 3026 1303 3058 divitiis
1315 3025 1537 3066 gloriarentur,
1554 3033 1652 3064 quam
1670 3022 1757 3063 quod
1774 3031 1920 3062 magnam
1944 3022 2152 3062 possedissent
2174 3031 2232 3062 po-

1188 3077 1572 3116 culorumargenteorum
1585 3083 1822 3114 aureorumque
1838 3074 1972 3114 copiam.
1990 3076 2134 3110 Quorum
2149 3081 2232 3106 unus

1189 3130 1236 3161 est
1254 3129 1389 3168 Pytheas
1405 3136 1444 3158 ex
1466 3126 1604 3166 Pliigalia
1621 3125 1764 3161 Arcadiae
1792 3137 1800 3156 ι
1820 3125 1874 3165 qui
1891 3125 1988 3156 etiam
2005 3125 2070 3156 vita
2086 3132 2231 3156 excessu-

1190 3189 1244 3211 rus
1258 3189 1319 3210 non
1344 3178 1502 3210 dubitavit
1529 3177 1693 3218 injungere
1721 3177 1802 3216 suis,
1821 3179 1856 3208 ut
1879 3176 2025 3217 sepulcro
2044 3185 2101 3208 suo
2129 3176 2233 3206 llaecce

1189 3232 1395 3264 inscriberent
1409 3244 1415 3262 :

1263 3333 1384 3369 Pytheae
1395 3333 1451 3362 hoc
1464 3334 1695 3361 monumentum
1708 3333 1770 3365 est,
1783 3331 1856 3360 boni
1866 3331 1922 3359 viri
1935 3329 2094 3367 probique,

1297 3380 1346 3409 cui
1364 3380 1492 3408 calicum
1505 3379 1589 3415 copia
1600 3377 1716 3407 infinita
1726 3377 1783 3406 l'uit

1263 3434 1297 3456 ex
1311 3428 1434 3462 argento
1447 3427 1476 3455 et
1490 3433 1564 3454 auro
1580 3425 1811 3462 splendenteque
1823 3424 1942 3452 electro.

1299 3471 1506 3508 Superioribus
1518 3471 1633 3500 cunctis
1643 3471 1725 3507 plura
1739 3469 1917 3506 possederat.
