2372 3704
1008 212 1345 252 FRAGMENTA.

160 410 292 448 suidas
310 424 346 450 v,
365 408 542 449 Κελτοί;
562 427 577 443 υ
599 408 685 448 “Ort
707 409 833 449 Κελτοὶ
853 409 944 449 κατὰ
964 410 1150 462 Ῥωμαίων

108 468 350 519 ἐστράτευσαν.
366 466 468 519 Ἀνὴρ
480 466 516 505 δέ
526 483 576 511 τις
586 470 655 506 τῶν
672 470 814 507 Κελτῶν
826 469 1045 520 ἡγεμονικὸς,
1063 469 1102 507 τό
1116 485 1151 507 τε

107 528 211 575 σῶμα
226 523 397 578 εὐπρεπὴς
413 526 472 563 καὶ
491 524 549 563 τὸν
569 526 676 575 θυμὸν
696 526 956 578 ἀλκιμώτατος,
976 529 1151 580 προελθὼν

106 588 167 622 τοῦ
187 583 312 623 οἰκείου
344 583 496 630 πλήθους
524 585 557 628 ἐς
587 586 806 637 μονομαχίαν
826 587 1057 639 προύκαλεῖτο
1084 590 1152 624 τῶν

107 642 271 680 ἐναντίων
285 641 342 680 τὸν
356 641 510 694 ἄριστον.
524 643 690 694 Βαλέριος
704 643 740 681 δέ
755 659 806 687 τις
821 643 962 694 ἡγεμὼν
977 644 1154 696 φάλαγγος

108 700 241 748 ὑπέστη
256 701 295 738 τὸ
306 700 502 751 ἀγώνισμα,
515 700 574 738 καὶ
585 701 658 754 θείᾳ
671 702 707 739 δέ
719 717 784 740 τινι
797 702 899 755 μοίρᾳ
911 702 1002 740 κατὰ
1013 702 1154 753 γνώμην

109 760 303 804 ἀποὸάντος
317 759 418 812 ἔτυχε
437 763 497 798 τοῦ
520 761 768 812 βουλεύματος.
794 762 897 801 Ἐπεὶ
912 762 980 814 γὰρ
1002 764 1155 816 προῆλθε

110 823 170 856 τοῦ
192 819 318 858 οἰκείου
345 819 522 869 τάγματος
540 819 790 870 ὁπλισάμενος,
821 820 927 874 κόραξ
958 820 1156 873 προσιζάνει

109 880 158 930 τῷ
179 878 277 930 δεξιῷ
299 881 359 916 τοῦ
391 878 513 931 ἀνδρὸς
545 878 722 932 βραχίονι·
752 880 1012 932 ἀντιπρόσωπος
1041 879 1077 917 δὲ
1107 882 1157 932 τῷ

110 937 236 988 Κελτῷ
261 935 352 973 κατὰ
381 936 437 973 τὸν
464 938 582 987 ἀγῶνα
609 936 810 989 φερόμενος,
833 938 975 979 καὶτοῖς
991 954 1027 976 τε
1047 937 1157 983 ὄνυξιν

113 994 276 1044 ἀμύττων
295 994 334 1032 τὸ
354 994 538 1044 πρόσωπον
559 994 618 1034 καὶ
640 1002 711 1040 τοῖς
735 996 892 1048 πτέρυξιν
913 996 1157 1036 ἐπικαλύπτων

112 1052 189 1096 τοὺς
223 1052 421 1106 ὀφθαλμοὺς
455 1053 653 1105 ἀφύλακτον
686 1057 736 1107 τῷ
768 1054 927 1108 Βαλερίῳ
960 1055 1017 1093 τὸν
1053 1056 1156 1094 πολέ-

113 1127 191 1163 μιον
222 1111 489 1164 παραδέδωκεν·
516 1114 601 1162 ὁμοῦ
624 1112 687 1159 τήν
714 1129 750 1151 τε
779 1113 878 1161 νίκην
907 1115 958 1167 τῷ
981 1114 1078 1166 ἀνδρὶ
1099 1114 1159 1152 καὶ

111 1171 174 1218 τὴν
207 1171 275 1210 ἀπὸ
302 1175 361 1210 τοῦ
391 1170 652 1221 συμὸεὸηκότος
679 1172 880 1222 ἐπωνυμίαν
909 1174 1157 1225 χαρισάμενος.

115 1230 282 1282 Κορὸῒνος
308 1229 375 1282 γὰρ
396 1228 436 1276 δὴ
468 1231 664 1268 τούντεῦθεν
684 1230 877 1278 ἐπεκλήθη,
911 1234 973 1278 τῆς
1008 1247 1044 1270 τε
1072 1247 1160 1284 μαρ-

113 1289 316 1342 τυρηθείσης
336 1290 459 1341 ἀρετῆς
487 1287 587 1326 ἕνεκα
615 1288 710 1341 παρὰ
730 1289 774 1327 τὰ
802 1289 1042 1337 καθεστηκότα
1063 1289 1159 1328 Ῥω-

116 1347 230 1397 μαίοις
252 1347 383 1399 νόμιμα
410 1349 471 1394 τῆς
497 1350 667 1395 ὑπατικῆς
693 1350 804 1400 ἀρχῆς
830 1348 880 1386 ἔτι
909 1348 1087 1401 μειράκιον
1112 1347 1160 1386 ὢν

113 1406 293 1458 τυγχάνει.
309 1424 325 1442 υ

603 1465 665 1504 50.

169 1570 259 1606 Exc.
283 1570 340 1605 De
358 1569 445 1605 virt.
465 1579 505 1616 p.
528 1566 603 1615 789
627 1580 636 1604 ι
657 1565 742 1605 ’Ότι
761 1566 967 1619 Μάρκελλος
990 1566 1050 1605 καὶ
1075 1569 1161 1606 Σκι-

117 1625 205 1663 πίων
225 1627 256 1663 οἱ
285 1624 412 1663 ὕπατοι
431 1625 442 1675 <
458 1638 532 1661 222
559 1638 591 1662 a.
610 1626 677 1676 C.)
697 1625 785 1676 μετὰ
801 1624 863 1672 τὴν
883 1625 981 1672 νίκην
993 1624 1058 1671 ,τὴν
1072 1624 1163 1662 κατὰ

117 1684 335 1726 Γαλατῶν“*
350 1706 404 1714 --
422 1682 526 1723 Κατὰ
543 1683 600 1722 τὸν
631 1684 732 1722 αὐτὸν
753 1684 874 1737 καιρὸν
900 1685 1001 1736 (265
1027 1698 1062 1725 a.
1092 1684 1161 1737 C.)

118 1744 178 1781 καὶ
193 1741 417 1786 Οὗολσινίους
434 1742 524 1795 δόλῳ
541 1742 775 1795 κρατηθέντας
795 1758 830 1781 τε
852 1742 912 1780 καὶ
930 1742 1163 1793 αἰκιζομένους

117 1804 250 1854 πικρῶς
265 1800 518 1853 ἠλευθέρωσαν.
536 1803 583 1840 Οἱ
603 1800 670 1853 γὰρ
687 1801 816 1848 ταύτην
833 1803 1004 1845 οἰκοῦντες
1019 1800 1081 1848 τὴν
1094 1801 1164 1853 χώ-

119 1875 198 1912 ραν,
220 1862 254 1898 ἐν
273 1860 385 1912 πολλῇ
408 1862 520 1912 τρυφῇ
542 1863 599 1897 τοῦ
625 1859 786 1910 σώματος
807 1859 1047 1910 διαιτώμενοι,
1065 1860 1165 1897 αὐτοί

118 1934 156 1957 τε
181 1921 249 1957 τῶν
276 1917 391 1956 ὅπλων
424 1917 752 1970 καταφρονήσαντες
775 1921 844 1961 τοῖς
875 1917 1025 1961 οἰκέταις
1053 1921 1165 1956 ταῦτα

118 1978 278 2029 χειρίζειν
293 1976 501 2028 ἐπέτρεψαν.
518 1976 685 2015 Ἐπειδὰν
701 1975 736 2014 δὲ
751 1977 928 2026 δυνάμεως
943 1975 1165 2023 ἕπελάὸοντο,

2169 223 2238 257 557

1212 304 1334 354 πρῶτα
1352 301 1414 352 μὲν
1431 301 1494 345 τὰς
1515 304 1646 340 ἑαυτῶν
1667 303 1846 348 δεσποίνας
1869 304 1953 356 πρὸς
1975 305 2052 356 βίαν
2078 307 2256 359 κατῄσχυ-

1212 375 1291 398 ναν·
1310 359 1429 398 ἔπειτα
1445 365 1516 403 τοῖς
1531 359 1713 404 δεσπόταις
1729 368 1849 414 χεῖρας
1862 363 2083 407 ἐπιὸαλόντες
2102 365 2179 408 τοὺς
2193 365 2262 415 μὲν.

1213 419 1258 459 ὡς
1277 415 1378 469 ἔτυχε
1402 417 1668 470 διαφθείροντες,
1685 418 1763 462 τοὺς
1793 420 1828 457 δὲ
1856 421 2038 473 τιμωρίαις
2062 423 2259 474 αἰσχίσταις

1213 475 1442 519 ὃποὸαλόντες
1461 476 1730 523 κατηνάλωσαν.

1709 557 1771 595 51.

1268 627 1369 664 Ibid.
1390 640 1431 676 p.
1452 626 1528 676 789
1545 640 1553 662 :
1571 624 1659 664 ζὈτι
1678 626 1738 663 καὶ
1753 625 1897 677 Μάρκος
1914 626 2101 670 Μινούκιος
2114 627 2262 680 Ῥοῦφος

1215 683 1275 723 καὶ
1290 684 1445 727 Πόπλιος
1461 683 1653 736 Κορνήλιος
1667 685 1698 722 οἷ
1713 683 1839 723 ὕπατοι
1857 686 1949 734 (221
1969 698 2004 724 a.
2024 688 2065 724 C.
2081 684 2091 736 )
2109 685 2262 737 Ἰστρια-

1216 749 1284 786 νοῖς
1303 746 1538 795 κακουργοῦσι
1553 742 1613 786 τὰς
1627 741 1826 794 σιταγωγὰς
1844 742 2032 790 Ῥωμαίων
2050 744 2197 792 ὁλκάδας
2215 744 2263 781 δί-

1216 816 1280 847 κην
1302 800 1479 848 ἐπέθεσαν,
1507 799 1664 845 ἅπαντας
1689 801 1806 853 ὀλίγου
1825 801 1896 845 τοῖς
1924 800 2059 845 οἰκείοις
2085 800 2264 845 ὑποθέντες

1217 861 1349 902 ὅπλοις.

1708 918 1772 958 52,

1273 993 1406 1029 Suidas
1420 1003 1428 1030 ζ
1444 993 1588 1042 Διῆγε,
1601 990 1853 1042 παρεξέτεινεν.
1870 990 2034 1037 Ἰωάννης
2047 989 2264 1042 Ἀντιοχείας·

1220 1068 1235 1085 α
1252 1049 1319 1093 ίῸς
1349 1049 1480 1102 ἔρυμνα
1502 1048 1615 1101 χωρία
1642 1049 1865 1102 παρειληφὼς
1891 1048 1948 1086 ἐπὶ
1970 1049 2057 1086 πολὺ
2081 1049 2178 1099 διῆγε
2206 1049 2264 1086 τὸν

1219 1108 1385 1158 πόλεμον,
1406 1107 1593 1157 ἀμὸλύνων
1612 1106 1675 1154 τὴν
1691 1111 1750 1146 τοῦ
1773 1107 1927 1146 Ἀννίὸου
1946 1106 2094 1153 ὀξύτητα
2113 1106 2266 1158 χρονίαις

1221 1166 1426 1218 διατριὸαἷς.
1450 1184 1466 1199 »

1272 1227 1379 1262 Idem
1409 1239 1416 1261 :
1440 1223 1679 1273 Ἀμὸλύνω,
1699 1223 1738 1262 τὸ
1757 1223 1884 1262 ἐκλύω.
1919 1242 1934 1258 «ι
1954 1222 1999 1263 Ὁ
2033 1222 2067 1260 δὲ
2089 1222 2146 1260 ἐπὶ
2175 1222 2264 1261 πολὺ

1222 1284 1318 1334 διῆγε
1335 1282 1392 1320 τὸν
1409 1282 1561 1331 πόλεμον
1580 1282 1766 1333 ἆμὸλύνων
1786 1282 1848 1329 τὴν
1867 1285 1927 1320 τοῦ
1945 1281 2112 1331 πολεμίου
2136 1280 2266 1332 (πολέ-

1223 1357 1288 1392 μου
1305 1341 1445 1393 codd.)
1465 1341 1611 1389 ὀξύτητα
1625 1342 1777 1395 χρονίαις
1787 1359 1823 1380 τε
1836 1342 1896 1380 καὶ
1921 1347 2072 1395 μακραῖς
2090 1345 2149 1380 τοῦ
2165 1341 2266 1394 ἔργου

1223 1401 1426 1453 διατριὸαῒς.
1445 1418 1460 1433 ‘¹

1714 1459 1775 1496 53.

1275 1542 1365 1579 Exc.
1389 1542 1445 1576 De
1462 1541 1532 1576 ins.
1551 1553 1588 1589 p.
1611 1553 1635 1588 9
1656 1553 1666 1576 :
1685 1537 1771 1577 ζὈτι
1790 1538 1880 1577 κατὰ
1901 1538 1956 1576 τὸν
1976 1537 2097 1590 χρόνον
2117 1538 2173 1576 ὅτε
2193 1538 2269 1578 'Av-

1223 1597 1320 1640 viGotc
1337 1597 1502 1647 ἐπολέμει
1518 1603 1587 1640 τοῖς
1603 1596 1814 1647 Ῥωμαίοις,
1832 1596 2002 1648 Ἀντίοχος
2021 1599 2039 1634 ὁ
2055 1600 2116 1643 τῆς
2137 1597 2267 1649 Συρίας

1216 1654 1388 1707 ,βασιλεὺς
1426 1655 1493 1693 ὑπὸ
1526 1654 1748 1704 Πτολεμαίου
1780 1660 1839 1693 τοῦ
1870 1654 2069 1706 Αἰγυπτίων
2102 1655 2267 1707 ἄρχοντος

1224 1713 1483 1764 πολεμούμενος
1496 1744 1506 1761 ,
1525 1713 1640 1767 Ξέρξῃ
1660 1716 1709 1765 τῷ
1729 1713 1915 1765 Ἀρμενίων
1933 1713 2088 1766 τυράννῳ
2105 1713 2166 1760 τὴν
2184 1716 2268 1751 ἑαυ-

1224 1776 1283 1811 τοῦ
1305 1772 1456 1824 ἀδελφὴν
1477 1771 1701 1819 συνοικήσας,
1721 1772 1848 1810 ἐκεῖνον
1875 1771 1936 1822 μὲν
1960 1771 2016 1809 διὰ
2041 1775 2101 1818 τῆς
2121 1773 2270 1825 ἀδελφῆς

1225 1830 1452 1882 διεχρήσατο,
1480 1830 1542 1877 τὴν
1562 1829 1598 1868 δὲ
1624 1832 1770 1882 Περσῶν
1800 1829 1981 1882 βασιλείαν
2000 1824 2095 1874 αὖθις
2119 1830 2268 1877 ἀνεκτή-

1226 1904 1325 1929 σατο.

165 2090 215 2119 Fr.
237 2090 287 2120 49.
306 2089 415 2122 Quum
432 2086 494 2118 loci
507 2096 603 2126 quam
623 2087 768 2127 plurimi,
786 2088 902 2128 qui-bus
915 2088 1027 2120 Suidas
1039 2096 1113 2118 cum
1131 2088 1283 2128 Eutropio
1296 2088 1337 2119 ad
1351 2088 1485 2119 verbum
1502 2088 1564 2119 fere
1576 2088 1754 2128 conspirat,
1770 2097 1811 2120 ex
1829 2090 1951 2119 Joanne
1964 2087 2163 2119 Antiocheno
2180 2087 2267 2126 petiti

120 2133 202 2172 sint,
216 2133 301 2165 idem
315 2133 412 2165 etiam
425 2133 464 2164 (le
480 2142 518 2165 eo
531 2133 619 2173 ioco,
632 2143 729 2175 quem
744 2134 840 2166 modo
856 2135 1002 2175 apposui,
1016 2135 1108 2166 sicuti
1122 2134 1162 2165 de
1175 2134 1242 2165 aliis
1252 2133 1412 2165 nonnullis
1425 2135 1564 2165 statuere
1578 2134 1651 2165 licet
1663 2158 1671 2172 ,
1683 2134 1740 2166 etsi
1751 2143 1790 2166 ex
1806 2136 1886 2165 Exc.
1903 2133 2186 2165 nostrisJoanneis
2201 2142 2268 2165 rem

120 2181 256 2221 probare
270 2189 334 2211 non
353 2180 463 2220 possis.
484 2181 657 2221 Eutropius
676 2184 723 2220 tl,
738 2186 755 2213 3
772 2182 815 2213 ita
829 2182 947 2213 habet:
974 2184 1054 2218 Qaae
1075 2180 1253 2221 (legiones)
1272 2188 1381 2221 quum
1395 2179 1557 2219 profectae
1572 2182 1684 2212 essent
1697 2179 1864 2211 adversus
1886 2179 2020 2217 Gallos,
2037 2179 2121 2212 duce
2141 2182 2174 2211 L.
2198 2182 2267 2211 Fu-

121 2229 187 2263 rio,
205 2226 348 2268 quidam
359 2235 402 2258 ex
421 2227 533 2259 Gallis
549 2236 659 2259 unum
671 2237 689 2260 e
705 2230 876 2264 Romanis,
893 2230 953 2270 qui
966 2230 1051 2260 esset
1063 2230 1233 2268 optimus,
1248 2228 1454 2267 provocavit.
1474 2229 1559 2259 Tum
1574 2236 1608 2262 se
1621 2229 1661 2260 M
1663 2251 1670 2258 -
1695 2227 1850 2259 Valerius
1865 2226 2027 2258 tribunus
2044 2227 2197 2258 mimum
2212 2227 2268 2258 ob-

124 2275 225 2310 tulit,
253 2276 286 2306 et
301 2282 408 2315 quam
423 2277 588 2314 processit
612 2278 773 2308 armatus
785 2299 795 2315 ,
811 2285 933 2308 corvus
951 2278 981 2308 ei
996 2285 1105 2316 supra
1131 2276 1292 2308 dextrum
1316 2273 1492 2305 brachium
1510 2273 1609 2306 sedit.
1634 2276 1716 2307 Mox
1734 2274 1915 2305 commissa
1936 2272 2105 2304 adversus
2129 2273 2269 2305 Gallum

122 2330 259 2362 puyna,
275 2321 364 2352 idem
377 2329 499 2353 corvus
513 2322 581 2353 alis
595 2324 629 2353 et
642 2322 815 2362 unquibus
831 2323 927 2354 Galli
941 2323 1054 2354 oculos
1075 2321 1285 2359 verberavit,
1302 2328 1344 2351 ne
1364 2321 1496 2351 reolum
1511 2322 1624 2360 posset
1644 2320 1831 2360 adspicere.
1857 2320 1913 2350 Ita
1932 2327 1954 2349 a
1976 2318 2115 2350 tribuno
2134 2319 2269 2352 Valerio

123 2367 348 2405 interfectus,
368 2375 435 2399 non
451 2368 562 2399 solum
576 2370 759 2400 victoriam
775 2371 825 2408 ei,
852 2368 911 2400 sed
932 2370 1037 2400 etiam
1055 2377 1177 2401 nomen
1199 2368 1303 2400 dedit.
1323 2370 1414 2399 Nam
1426 2370 1543 2407 postea
1560 2368 1651 2399 idem
1671 2369 1839 2399 Corvinus
1855 2367 1906 2397 est
1923 2366 2047 2397 dictus.
2069 2367 2113 2396 Ac
2130 2368 2271 2405 proptu·

123 2413 184 2446 hoc
196 2416 376 2450 meritum,
397 2422 571 2446 annorum
586 2417 692 2447 crium
709 2416 740 2447 el
762 2416 887 2455 viyinli
900 2414 1020 2446 consul
1033 2416 1084 2445 est
1088 2414 1224 2454 jactus.
1243 2417 1326 2446 Fons
1344 2423 1439 2452 vem,
1456 2414 1542 2446 unde
1555 2414 1608 2445 hic
1627 2415 1717 2445 locus
1733 2413 1951 2454 promanavit,
1970 2412 2029 2443 Dio
2047 2412 2105 2443 suit
2123 2412 2267 2451 Cassius,

123 2462 214 2501 cujus
244 2461 401 2501 ipsissima
421 2461 517 2492 verba
542 2470 762 2502 saepenumero
779 2462 811 2492 in
828 2464 951 2493 Joanne
966 2462 1075 2492 nostro
1093 2461 1370 2502 deprehendimus.
1395 2462 1446 2494 Sic
1463 2461 1523 2492 hoc
1541 2469 1669 2501 quoque
1692 2461 1763 2492 loco
1781 2461 1902 2492 verba:
1929 2459 2031 2500 Κόραξ
2052 2459 2267 2499 προσιζάνει...

122 2508 339 2549 παραδέδωκεν
356 2508 462 2539 Dionis
475 2517 542 2540 esse
556 2509 656 2549 liquet
678 2517 716 2540 ex
735 2509 846 2540 Dionis
862 2511 942 2540 Exc.
960 2508 1108 2540 vatican.
1125 2518 1154 2549 p.
1178 2511 1236 2541 534
1257 2509 1306 2541 ed.
1331 2510 1424 2540 Rom,
1447 2509 1508 2547 (cf.
1529 2509 1588 2539 Dio
1605 2510 1691 2540 Cass.
1713 2508 1764 2540 ed.
1783 2510 1865 2539 Gros
1880 2508 1959 2539 tom.
1976 2508 2007 2545 1,
2023 2514 2053 2546 p.
2073 2506 2162 2545 134).
2188 2508 2271 2543 Quae

123 2555 221 2585 verba
233 2554 346 2586 suidas
372 2555 485 2594 repetit
504 2564 533 2585 v.
553 2556 716 2595 ἀμύσσειν.
733 2575 775 2582 -
793 2555 960 2587 Antecedit
981 2554 1066 2595 apud
1082 2556 1272 2595 Eutropium
1293 2557 1362 2595 (Π,
1378 2560 1395 2587 3
1410 2555 1420 2595 )
1436 2555 1576 2586 narratio
1594 2555 1634 2587 de
1649 2557 1686 2587 T.
1707 2555 1824 2586 Manlio
1838 2555 2020 2594 Torquato,
2046 2561 2141 2592 quam
2158 2553 2269 2584 iisdem

125 2602 190 2633 tere
205 2601 311 2632 verbis
323 2610 424 2641 graece
444 2602 541 2634 habes
556 2603 588 2634 in
606 2604 716 2635 Dionis
732 2605 810 2635 Exc.
827 2604 900 2635 vat.
918 2602 1050 2634 Planud.
1079 2611 1110 2643 p.
1133 2606 1192 2634 530
1211 2602 1262 2634 ed.
1287 2602 1366 2640 Mai,
1382 2603 1414 2633 et
1427 2602 1533 2641 paullo
1553 2601 1675 2641 plenius
1697 2601 1728 2632 in
1743 2601 1842 2633 suida
1859 2608 1889 2631 ν.
1905 2597 2115 2640 Τορκοΰατος,
2127 2599 2180 2630 sed
2196 2599 2269 2630 abs-

124 2656 188 2688 que
201 2647 361 2679 mentione
373 2649 532 2688 auctoris,
545 2649 625 2681 adeo
638 2652 674 2682 ut
691 2650 731 2682 de
750 2650 798 2682 his
816 2658 946 2690 quoque
962 2658 1074 2689 parum
1089 2649 1226 2689 liqueat,
1241 2657 1282 2679 an
1297 2657 1340 2680 ex
1359 2648 1465 2680 Dionis
1478 2649 1527 2679 vel
1544 2648 1677 2679 Joannis
1689 2650 1765 2679 Exc.
1783 2647 1896 2680 suidas
1914 2645 2095 2685 arripuerit.

166 2696 220 2726 Fr.
248 2698 297 2726 50.
320 2708 334 2721 n
363 2696 451 2726 Κατὰ
471 2696 524 2727 τὸν
555 2698 647 2729 αὐτὸν
674 2697 780 2739 καιρὸν
795 2698 848 2728 καὶ
868 2696 1088 2737 Οὐολσινίους]
1106 2697 1188 2728 Male
1204 2696 1273 2727 haec
1297 2704 1371 2726 cum
1388 2695 1603 2735 superioribus
1621 2695 1800 2733 cohaerent,
1827 2693 1999 2726 Joannisne
2021 2694 2092 2726 Ant.
2119 2693 2212 2732 culpa
2228 2700 2269 2730 an

124 2740 328 2781 exscriptoris
347 2741 431 2773 haud
450 2742 541 2774 facile
559 2743 694 2775 dixerim
710 2757 718 2776 z
740 2744 909 2783 utriusque
925 2744 1010 2775 certe
1028 2743 1103 2775 satis
1122 2742 1199 2774 mihi
1212 2744 1375 2782 comperta
1398 2741 1585 2781 negligentia
1598 2742 1656 2773 est.
1675 2743 1754 2773 Haec
1768 2741 1897 2781 quidem
1914 2739 2164 2772 Vulsiniensium
2183 2739 2268 2770 cala-

123 2786 220 2820 mitas
234 2788 392 2821 vindicata
406 2791 454 2821 est
473 2799 492 2821 a
507 2792 656 2823 Romanis
672 2800 756 2822 anno
771 2792 864 2823 Urbis
880 2794 940 2824 488
958 2791 1038 2830 (265
1054 2799 1084 2822 a.
1099 2791 1159 2830 C.)
1180 2792 1220 2827 Q.
1239 2789 1335 2821 Fabio
1353 2790 1386 2820 et
1401 2791 1437 2820 L.
1456 2789 1586 2820 Manilio
1604 2790 1707 2827 Coss.,
1722 2789 1758 2819 ut
1770 2796 1811 2819 ex
1827 2788 1926 2819 Dione
1940 2787 2038 2818 tradit
2056 2789 2203 2818 Zonaras.
2223 2789 2271 2819 De

125 2845 189 2876 quo
208 2836 392 2867 consulendi
408 2839 483 2869 sunt
498 2839 582 2870 Fasti
602 2838 718 2878 Sigonii
732 2838 771 2870 ad
788 2838 872 2869 hunc
881 2847 1013 2869 annum.
1031 2837 1181 2877 Ejusdem
1199 2837 1243 2869 rei
1259 2836 1405 2868 meminit
1419 2836 1551 2868 Orosius
1564 2836 1586 2866 l.
1601 2837 1638 2874 4,
1653 2844 1681 2866 c.
1699 2839 1730 2873 5,
1747 2836 1779 2866 et
1792 2836 1863 2867 Val.
1878 2836 1964 2866 Max.
1980 2834 2002 2864 l.
2021 2837 2053 2871 9,
2067 2842 2095 2864 c.
2118 2837 2144 2864 1.
2160 2833 2222 2865 Sed
2238 2834 2269 2865 in

126 2883 230 2915 orosii
246 2883 408 2916 codicibus
423 2885 586 2925 depravati
604 2887 678 2917 sunt
697 2886 821 2918 numeri
838 2894 1007 2917 annorum.
1031 2885 1169 2916 Marcelli
1186 2892 1261 2915 vero
1276 2886 1307 2915 et
1325 2883 1478 2923 Scipionis
1494 2882 1679 2913 consulatus
1692 2881 1803 2913 incidit
1822 2882 1854 2913 in
1870 2889 1990 2912 annum
2007 2880 2099 2911 Urbis
2113 2884 2170 2923 531
2190 2881 2268 2920 (222

127 2938 157 2961 a.
175 2931 256 2971 C.)‚
275 2932 365 2963 tanto
379 2932 450 2971 post
464 2932 697 2963 Vulsiniensem
714 2932 913 2972 triumphum
929 2931 1106 2963 intervallo.
1123 2943 1138 2957 n
1157 2932 1325 2961 VALasius.
2014 2956 2016 2958 .

169 2979 221 3009 Fr.
240 2981 290 3008 51.
305 2978 354 3010 Cs.
366 2979 503 3018 Eutrop.
520 2980 582 3017 111,
597 2983 614 3010 2
633 2988 640 3009 z
657 2981 702 3010 M.
727 2981 877 3010 Minucio
898 2979 1000 3018 Rufo,
1020 2981 1059 3010 P.
1079 2978 1233 3009 Cornelio
1245 2986 1338 3015 coss„
1358 2977 1455 3009 Istris
1469 2975 1597 3007 bellum
1613 2975 1752 3006 illatum
1768 2976 1837 3010 εει,
1854 2975 1937 3015 quia
1950 2973 2153 3004 latrocinali
2167 2981 2269 3004 naves

128 3027 359 3057 Romanorum
372 3024 543 3064 fuerant,
569 3034 644 3066 quoe
651 3025 838 3065 frumenta
853 3026 1079 3060 exhibebant,
1100 3024 1350 3065 perdomitique
1367 3031 1491 3055 omnes.
1510 3022 1641 3055 Orosius
1659 3024 1714 3061 lV,
1736 3026 1790 3060 13;
1807 3024 1920 3053 Zonar.
1941 3021 2036 3059 vill,
2054 3024 2105 3059 20,
2131 3021 2209 3050 tom.
2227 3021 2267 3051 ll.

127 3079 159 3110 p.
179 3074 238 3103 174
251 3070 299 3102 ed.
318 3073 436 3112 Bonn.‚
452 3073 506 3104 ubi
521 3082 577 3113 pro
594 3073 641 3104 ἐπ’
655 3073 778 3114 Ἴστρου
791 3073 961 3113 legendum
976 3073 1023 3104 ἐπ’
1039 3073 1191 3112 Ἰστρους,
1208 3073 1356 3103 monente
1367 3070 1503 3102 valesio.
2270 3092 2274 3096 .

169 3120 223 3150 Fr.
239 3122 289 3149 52.
305 3120 438 3160 Eutrop.
464 3122 525 3159 ΙΙΙ,
540 3122 581 3151 4:
602 3122 724 3151 Missus
739 3121 902 3152 adversus
925 3119 1128 3152 Annibalem
1148 3121 1265 3158 postea
1279 3128 1301 3150 a
1316 3119 1475 3150 Romanis
1497 3118 1532 3153 Q.
1559 3115 1683 3148 Fabius
1706 3117 1893 3147 Maximus.
1918 3116 1951 3146 Is
1972 3121 2050 3146 eum
2073 3111 2269 3151 differendo

129 3175 282 3206 pitanam
296 3166 340 3198 ab
362 3169 492 3207 impetu
507 3167 641 3207 srcyll,·
656 3176 734 3199 mox
749 3169 890 3199 inventa
902 3168 1076 3198 occasione
1091 3166 1182 3197 vicit.
1197 3167 1269 3197 Vox
1285 3163 1466 3205 Ἀντιοχείας
1482 3171 1545 3194 non
1561 3163 1607 3193 est
1620 3171 1677 3193 cur
1691 3164 1832 3194 mutetur
1851 3161 1884 3192 in
1899 3160 2078 3201 Ἀντιοχεύς.
2096 3154 2267 3190 videnin-
2324 3167 2332 3174 ·

129 3213 211 3244 dors.
231 3213 320 3253 praef.
335 3213 375 3244 ad
395 3214 543 3245 Malalam
562 3223 595 3254 p.
613 3216 684 3246 Vll.
964 3217 969 3219 ’
1976 3243 1990 3259 .
2216 3213 2243 3251 ‚J

172 3261 225 3291 Fr.
243 3264 292 3292 53.
312 3260 504 3292 Antiochum
528 3264 571 3292 ΙΙΙ
587 3270 696 3301 pacem
710 3270 785 3292 cum
800 3263 906 3293 Xerxe
918 3261 957 3292 ad
972 3262 1170 3292 Armosatam
1185 3258 1298 3290 urbem
1318 3256 1423 3288 iniisse
1439 3256 1531 3295 eique
1544 3253 1765 3287 fflitiochidem
1788 3254 1883 3285 tiliam
1899 3251 2101 3298 despondisse
2115 3249 2267 3298 docemur

130 3313 151 3336 a
166 3306 277 3346 Polyb.
292 3309 371 3339 Exc.
389 3308 445 3339 lib.
460 3309 535 3339 Vlll
546 3332 555 3348 ‚
573 3313 612 3340 25
627 3308 732 3348 (circa
745 3318 797 3341 an.
814 3313 873 3340 21⁶
884 3310 907 3346 ).
924 3306 1083 3339 Perfidum
1099 3306 1244 3339 Antiochi
1261 3305 1427 3336 consilium
1444 3303 1550 3334 nescio
1562 3311 1602 3333 an
1617 3302 1734 3334 indicet
1751 3300 1901 3341 Polybius
1914 3301 1935 3332 l.
1951 3301 1985 3339 l.,
2004 3299 2062 3329 ubi
2075 3295 2264 3352 antiochus,

134 3352 228 3384 rebus
243 3353 289 3384 sic
309 3354 510 3394 compositis,
526 3355 749 3386 Armeniorum
768 3364 910 3387 amorem
930 3354 988 3386 sibi
1009 3354 1191 3386 conciliasse
1213 3352 1330 3385 dicitur
1342 3351 1451 3388 δόξας
1467 3349 1692 3391 μεγαλοψύχως
1708 3350 1760 3398 και
1778 3348 1946 3389 βασιλικῶς
1958 3348 2019 3382 τοῖς
2032 3353 2189 3384 πραγμασι
2210 3351 2279 3378 κε·.
2294 3363 2315 3383 μ
2338 3382 2341 3386 A

133 3401 276 3440 χρῆσθαι.
291 3420 331 3426 -
344 3401 448 3433 ἐκεῖν
458 3402 519 3443 ον]
538 3403 654 3438 ἐκεῖνος
664 3402 777 3434 codex.
2210 3407 2215 3412 '
2263 3400 2274 3411 ⁸
