2372 3704
996 226 1048 265 IN
1079 227 1351 267 VOLUMINE
1380 226 1411 266 1.

111 319 336 356 Plutarchus
353 319 391 353 in
413 318 562 354 Lucull.
582 324 615 354 c.
639 316 687 352 28
707 316 770 366 (ν.
787 318 915 353 locum
929 319 968 352 in
979 318 1113 366 fragm.
1138 318 1160 354 8

111 377 329 422 Strabonis,
348 384 442 412 tom.
476 377 534 411 ΙΙΙ
549 403 559 420 ,
582 388 623 424 p.
655 375 778 423 492),
801 376 902 412 unde
924 377 1079 425 colligas
1097 390 1161 412 au-

111 443 257 473 ctorem
271 437 375 472 hunc
394 435 564 483 Pompeii
586 435 659 471 fere
678 442 786 470 aetate
803 436 950 473 vixisse.

164 553 432 591 PHILISTUS.
451 552 538 601 Pag.
561 565 649 588 va.
665 553 741 589 Vit.
758 553 924 597 Philisti,
946 554 1013 588 lin.
1040 566 1072 590 1.
1093 556 1158 588 Ar·

109 613 337 648 chimenidoe
361 610 506 660 filinam]
531 612 591 647 Sic
619 612 921 648 Hemsterhusius
945 613 1093 660 scripsit
1115 612 1164 647 ad

109 672 302 708 Pollucem
329 672 383 715 X,
418 675 483 716 42,
508 683 547 718 p.
583 683 698 717 1191.
736 673 786 706 At
809 672 1013 706 Pausanias
1039 673 1092 720 V,
1114 670 1162 706 23

109 731 133 767 6
153 730 228 781 (sic
253 732 334 780 lege
352 743 425 779 pro
445 731 501 776 X,
517 730 566 765 23
583 732 591 775 )
607 730 723 766 habet
742 727 1002 780 Ἀρχομενίδου.
1026 733 1163 766 Veram

107 791 274 826 nominis
304 790 464 826 formam
496 789 648 824 dederit
667 788 801 825 Suidas
829 789 852 825 l.
867 790 907 835 1.,
923 789 1029 838 apud
1051 801 1164 837 quem

107 847 284 885 Philistus
298 856 353 885 est
370 847 404 886 ’A
412 846 581 898 ρχωνίδου
595 845 680 889 υἱός.

162 909 252 956 Pag.
266 920 353 953 XLV,
367 909 403 953 b,
421 908 489 943 lin.
506 911 545 952 4,
564 907 612 942 ab
624 908 774 944 ultima.
787 928 840 935 —
853 908 947 944 Pro:
962 907 1022 943 Oi.
1043 906 1108 955 98,
1125 911 1160 952 4,

106 966 189 1015 lege
207 979 216 1002 ε
241 967 300 1002 Ol.
321 965 393 1014 98,
417 966 524 1002 3sec.
546 966 745 1000 Diodorum
764 966 834 1002 XV
849 992 859 1010 ,
882 977 918 1011 7.
941 986 994 992 -—-
1018 966 1064 1000 In
1082 977 1160 1013 seq.

106 1036 193 1073 pag.
209 1025 369 1070 XLVII,
383 1038 418 1068 a,
443 1025 512 1061 lin.
536 1022 581 1059 15
594 1051 604 1068 ,
627 1024 762 1059 calami
785 1024 892 1072 lapsu
911 1024 1094 1072 scriptum
1111 1031 1165 1059 est

108 1084 169 1120 Ol.
194 1083 289 1129 103,
325 1097 340 1119 1
362 1096 436 1132 pro
467 1084 526 1119 Ol.
557 1084 634 1131 98,
667 1082 705 1120 3.
727 1082 904 1120 Ceterum
925 1082 973 1118 de
1001 1082 1163 1118 Diodori

105 1144 325 1178 narratione
339 1144 390 1178 ita
401 1142 518 1178 habet
534 1141 755 1178 Arnoldtius
773 1140 848 1190 (De
864 1141 1030 1183 Athana,
1054 1142 1162 1176 Gum-

107 1201 354 1245 ὂίηηαεκιὸίμ
373 1228 383 1246 ,
398 1215 440 1250 p.
464 1205 509 1243 14
527 1200 538 1250 )
565 1213 573 1236 :
596 1216 611 1232 «
630 1201 794 1236 Diodori
811 1207 938 1236 autem
958 1207 1039 1235 tota
1052 1212 1096 1235 ea
1110 1207 1164 1235 est

105 1261 275 1296 narratio
294 1267 362 1305 ut,
394 1260 536 1295 etiamsi
568 1259 767 1294 Philistum
795 1260 1070 1306 Leptinemque
1099 1259 1159 1297 Ol.

107 1317 182 1366 98,
201 1319 223 1354 3
240 1317 346 1368 (386)
366 1325 404 1354 et
416 1319 688 1354 exterminatos
709 1330 786 1353 esse
803 1325 840 1353 et
855 1324 1055 1353 revocatos
1071 1318 1160 1352 scri-

105 1376 163 1412 bit
175 1403 187 1421 ,
208 1389 269 1412 res
281 1383 408 1412 tamen
426 1377 549 1412 omnis
562 1376 693 1412 redeat
711 1376 761 1411 ad
778 1376 1050 1422 conjecturam.
1064 1377 1161 1411 Nam

105 1435 184 1480 ille,
205 1443 458 1484 posteaquam
472 1436 543 1471 XV
555 1463 566 1483 ,
587 1435 610 1470 6
628 1442 665 1470 et
681 1447 700 1479 7
722 1436 931 1483 generatim
947 1442 1060 1481 atque
1075 1435 1162 1485 unj-

104 1505 210 1528 verse
240 1493 287 1529 de
312 1492 447 1529 studiis
472 1493 636 1541 poeticis
664 1494 815 1528 locutus
845 1500 922 1537 est,
951 1493 990 1526 in
1024 1493 1162 1539 quibus

106 1550 248 1587 sactuun
261 1552 322 1588 ol.
342 1564 390 1600 97
404 1578 414 1596 ‚
438 1564 453 1586 1
473 1551 582 1599 (392)
595 1563 665 1599 per
683 1562 819 1598 pacem
837 1551 1019 1585 Punicam
1040 1551 1161 1585 otium

103 1611 308 1658 Dionysius
316 1611 425 1659 prior
438 1610 718 1658 consumpserit
732 1635 741 1653 ,
758 1615 888 1644 narrat
896 1608 1034 1644 deinde
1045 1621 1162 1656 quam

106 1681 204 1718 aegre
223 1676 405 1717 tyrannus
426 1669 623 1704 Philoxeni
636 1668 881 1715 Platonisque
895 1668 1161 1716 reprehensio-

104 1741 193 1765 nem
203 1729 347 1774 tulerit‚
361 1740 517 1776 quoque
529 1727 659 1763 surore
672 1728 785 1762 etiam
800 1727 839 1761 in
851 1727 1050 1775 proximos
1063 1728 1162 1763 inter

105 1799 247 1836 eosque
274 1788 314 1822 in
334 1787 532 1835 Leptincm
554 1785 710 1821 fratrem
732 1779 769 1820 et
785 1785 980 1820 Philistum
999 1785 1162 1821 familia-

104 1858 185 1882 rem
205 1847 381 1892 saevierit‚
402 1858 448 1881 ex
467 1857 545 1892 quo
575 1845 740 1881 carmina
765 1843 846 1890 ejus
871 1844 1057 1892 Olympiae
1077 1851 1160 1879 tur—

103 1905 205 1953 piter
229 1905 450 1941 ceciderint.
483 1904 559 1940 Sed
588 1915 809 1951 quanquam
841 1902 1039 1938 Diodorus
1058 1902 1161 1938 hunc

106 1974 235 1998 casum
255 1963 325 1998 sub
346 1962 405 1998 Ol.
427 1961 476 2009 98
489 1989 499 2006 ‚
534 1961 555 1997 3
573 1988 584 2006 ‚
606 1962 818 1997 accuratius
842 1969 1064 2009 persecutus
1083 1969 1159 2008 est,

103 2022 278 2069 Dionysii
303 2021 445 2069 prioris
467 2021 536 2056 ista
552 2021 784 2069 ignominia,
810 2020 956 2054 etiamsi
978 2032 1047 2054 suo
1073 2020 1160 2055 loco

109 2079 242 2127 (XIV,
268 2092 342 2127 109
360 2078 370 2128 )
392 2091 412 2114 a
429 2078 604 2114 Diodoro
625 2077 763 2113 diserte
778 2090 855 2113 non
878 2085 972 2113 esset
986 2090 1159 2126 praemo-

104 2138 226 2173 nitum
239 2166 249 2184 ,
269 2151 288 2173 a
300 2138 411 2174 nobis
428 2137 560 2173 referri
580 2149 659 2172 non
672 2144 801 2185 posset
810 2137 881 2172 nisi
903 2136 953 2172 ad
971 2137 1030 2173 Ol.
1049 2137 1117 2185 98,
1140 2151 1155 2173 1

105 2195 116 2246 (
136 2196 227 2232 388.
250 2198 295 2234 V.
333 2196 490 2243 Kayser.
525 2197 620 2232 Hist.
641 2196 726 2231 crit.
748 2202 867 2244 tragg.
888 2207 943 2243 gr.
972 2208 1010 2243 p.
1036 2195 1111 2231 263
1128 2195 1156 2243 ).

104 2257 161 2291 Ac
181 2255 406 2290 Plutarchus
434 2253 590 2301 quidem
619 2266 692 2302 pro
713 2254 812 2288 irato
847 2254 1074 2301 percitoque
1103 2261 1160 2301 ty-

105 2314 216 2349 ranni
237 2314 366 2348 animo
384 2319 426 2347 ut
446 2313 646 2348 certiorem
667 2313 719 2347 ita
735 2312 1036 2360 probabiliorem
1051 2312 1161 2347 affert

105 2372 252 2407 Philisti
301 2372 548 2420 Leptinisque
592 2371 835 2419 relegationis
878 2383 1044 2406 causam.
1085 2370 1160 2406 Sed

107 2432 291 2478 quoniam
328 2443 375 2467 ex
401 2430 576 2466 Diodoro
606 2429 702 2464 illud
736 2430 867 2464 saltem
901 2429 1159 2478 colligendum

104 2490 273 2534 videtur,
295 2489 471 2536 Dionysii
493 2489 610 2534 iram,
629 2500 744 2535 quum
770 2489 940 2536 Leptinis
958 2495 995 2523 et
1014 2489 1159 2523 Philisti

106 2549 266 2584 collusio
287 2548 541 2597 detegeretur,
566 2547 739 2582 nondum
761 2547 962 2582 defervisse
982 2559 990 2584 :
1014 2546 1157 2583 biblio-

105 2608 223 2643 thecae
241 2606 436 2651 conditor,
453 2607 524 2641 nisi
544 2606 641 2641 forte
656 2607 685 2641 is
702 2606 817 2641 animi
833 2606 951 2641 ardor
965 2618 1036 2654 per
1052 2607 1159 2642 bien-

104 2667 209 2702 nium
231 2667 371 2711 tenuit,
401 2678 538 2713 parum
563 2665 759 2700 verisimili
784 2665 933 2700 ratione
952 2666 1054 2700 viros
1075 2666 1160 2701 illos

106 2738 186 2760 non
206 2732 292 2760 ante
313 2725 376 2761 Ol.
408 2723 483 2773 98,
513 2724 533 2759 3
556 2724 596 2758 in
617 2724 772 2760 exilium
801 2730 906 2758 actos
936 2723 1034 2759 fecit.
1064 2725 1159 2759 Nam

107 2785 173 2831 qui
190 2783 354 2820 Diodori
377 2795 461 2818 mos
486 2790 541 2818 est
560 2790 601 2817 ut
622 2782 671 2817 ad
690 2782 916 2817 servandam
931 2784 1160 2818 narrationis

104 2843 402 2891 perpetuitatem
427 2841 537 2888 juxta
564 2848 684 2890 ponat
707 2853 748 2876 re
780 2853 895 2886 nexa,
926 2842 1161 2889 temporibus

107 2901 270 2937 discreta
289 2914 297 2936 :
320 2901 519 2936 Philistum
533 2901 810 2948 Leptinemque
831 2912 908 2946 quo
924 2911 1024 2935 anuo
1043 2904 1079 2935 in
1091 2913 1160 2948 pa-

107 2961 219 2995 triam
234 2959 413 2995 reductos
426 2987 436 3004 ,
456 2959 593 2995 eodem
610 2959 699 2994 item
713 2959 825 2994 exilio
839 2958 995 2993 affectos
1010 2959 1160 2994 videtur

106 3019 290 3053 retulisse.
316 3020 371 3053 Ac
390 3018 591 3066 Leptinem
612 3017 787 3064 quidem,
811 3023 854 3051 ut
886 3017 953 3064 qui
979 3017 1161 3052 recrude—

107 3084 234 3113 scente
246 3076 348 3112 hello
363 3078 504 3112 Punico
520 3077 581 3112 Ol.
598 3088 664 3124 99,
682 3088 703 3111 2
716 3076 756 3110 in
770 3076 907 3124 proelio
919 3075 968 3110 ad
981 3076 1160 3111 Cronium

109 3137 309 3172 commisso
336 3136 488 3171 caderet
508 3136 518 3184 (
536 3136 652 3171 Diod.
678 3136 763 3180 XV,
798 3148 865 3180 173
885 3136 1020 3171 AElian.
1041 3137 1084 3172 V.
1108 3137 1156 3170 H.

107 3196 229 3239 XIII,
265 3192 338 3238 453
365 3195 555 3231 Plutarch.
579 3195 680 3229 Mor.
714 3207 754 3242 p.
786 3193 887 3238 738,
915 3192 993 3241 Β),
1029 3204 1160 3228 revera

111 3254 215 3288 circa
233 3252 330 3287 illud
349 3259 496 3300 tempus
517 3253 674 3287 domum
695 3258 915 3287 revocatum
933 3258 1085 3298 putem3
1112 3250 1160 3285 de

110 3311 258 3346 Philisti
278 3318 404 3346 autem
421 3310 548 3345 reditu
559 3311 608 3346 ad
620 3310 784 3346 Diodor.
803 3311 872 3345 XV
884 3337 894 3354 ‚
915 3322 934 3354 7
950 3308 1030 3354 J'am
1046 3309 1160 3345 Wes-

113 3370 292 3417 selingius
330 3368 529 3404 dubitavit.
564 3370 660 3403 Nam
700 3368 864 3403 Diodori
904 3368 1157 3402 testimonium

111 3434 241 3475 contra
262 3427 451 3462 Plutarchi
469 3434 507 3462 et
526 3426 642 3464 Corn.
666 3427 824 3474 Nepotis
845 3426 1084 3461 auctoritates
1113 3437 1158 3460 co

228 3500 416 3523 FRAGMENTA
437 3500 560 3523 ms'ron-
586 3501 637 3522 Gn.
651 3509 683 3514 —
700 3500 769 3522 VOL-
786 3500 827 3522 lv.

2197 235 2273 268 625

1226 319 1350 354 minus
1363 319 1498 364 stabit,
1521 332 1599 366 quo
1616 320 1823 368 proclivior
1844 328 1923 356 crat
1938 351 1948 367 ‚
1966 322 2037 356 levi
2065 323 2273 369 praesertim

1226 377 1427 424 scriptori,
1450 390 1571 422 error,
1590 385 1633 412 ut
1652 390 1748 425 quos
1765 379 1872 413 simul
1895 392 1912 414 e
1942 380 2092 414 civitate
2118 381 2269 427 pulsos,

1227 435 1380 470 eosdem
1399 437 1510 471 simul
1530 448 1608 471 esse
1636 437 1675 471 in
1694 438 1858 484 patriam
1878 438 2054 472 reductos
2078 439 2271 474 scriberet.

1227 495 1416 540 Quocirca
1442 507 1557 542 quam
1584 495 1649 530 diu
1677 495 1852 543 Leptines
1877 497 2072 541 exulabat,
2100 497 2274 532 Philistus

1226 552 1411 589 habitasse
1427 566 1502 589 una
1528 566 1613 589 cum
1646 566 1692 588 eo
1713 553 1879 598 videtur,
1912 562 1952 589 ut
1984 555 2176 590 Diodorus
2202 556 2274 599 ait,

1226 610 1376 646 Thuriis
1393 623 1401 646 :
1419 612 1545 659 quain
1559 612 1653 647 urbe
1669 612 1804 647 domus
1821 612 1932 647 fuisse
1947 640 1956 656 ‚
1974 613 2274 660 quaehospitibus

1226 671 1468 718 Syracusanis
1477 679 1664 720 paterent,
1680 674 1900 719 neutiquam
1912 680 1966 708 est
1980 685 2047 707 cur
2062 673 2276 709 diffidamus

1227 728 1237 777 (
1255 730 1424 768 Schiller.
1434 732 1490 769 De
1501 731 1612 769 rebb.
1629 731 1858 766 Thuriorum
1871 744 1908 779 p.
1923 730 1970 766 35
1985 730 2011 778 ).
2029 732 2275 778 Posteaquam

1226 795 1352 824 autem
1369 790 1546 837 Leptines
1566 791 1765 837 Syracusas
1780 790 1894 825 rediit
1905 816 1914 833 ‚
1938 790 2110 824 Philistus
2124 790 2276 825 relictus

1226 847 1265 881 in
1285 848 1397 882 exilio
1421 847 1523 884 solus
1542 848 1670 884 sedem
1688 860 1731 884 ac
1751 847 2165 894 domicilium-subinde
2186 861 2273 883 mua

1227 913 1321 941 tasse
1338 906 1503 944 videtur.
1533 907 1629 941 Nam
1650 914 1788 954 praeter
1807 906 2013 954 hospitium
2038 907 2275 941 Hadrianum

1227 965 1450 1000 Plutarchus
1483 965 1639 1013 Epirum
1673 977 1827 1012 quoque
1854 972 2040 1001 memorat
2053 992 2062 1009 ,
2099 967 2156 1000 De
2187 967 2274 1000 cxil.

1227 1035 1259 1060 c.
1291 1027 1335 1066 14
1350 1050 1360 1067 ,
1380 1036 1422 1071 p.
1448 1022 1522 1068 637
1547 1035 1555 1060 ε
1573 1021 1790 1068 Θουκυδίδης
1810 1020 1985 1067 Ἀθηναῖος
2008 1021 2201 1074 συνέγραψε
2218 1022 2276 1059 τὸν

1225 1079 1379 1130 πόλεμον
1400 1083 1468 1118 τῶν
1490 1080 1580 1119 Πελ.
1607 1080 1667 1118 καὶ
1688 1080 1758 1119 Ἀθ.
1780 1082 1814 1118 ἐν
1840 1079 1966 1133 Θρᾴκῃ
1987 1080 2065 1132 περὶ
2084 1080 2147 1126 τὴν
2171 1083 2277 1119 Σκαε

1227 1138 1319 1185 πτὴν
1339 1138 1425 1183 ὕλην
1439 1168 1448 1183 ,
1464 1140 1629 1191 Ξενοφῶν
1651 1141 1685 1177 ἐν
1708 1140 1914 1178 Σκιλλοῦντι
1941 1142 2002 1185 τῆς
2021 1139 2182 1186 Ἠλείας,
2205 1140 2275 1178 ψί-

1224 1199 1340 1240 λιστος
1354 1200 1388 1235 ἐν
1406 1197 1563 1250 Ἠπείρῳ
1582 1200 1661 1236 κτλ.
1686 1217 1701 1231 υ

1278 1258 1320 1295 Ρ.
1338 1271 1432 1302 an,
1455 1270 1492 1302 a,
1512 1265 1594 1294 not.
1614 1271 1648 1293 2.
1670 1281 1715 1286 -
1728 1258 1836 1294 Adde
1849 1259 2138 1295 Marcellin.Vit.
2152 1259 2271 1294 Thuc.

1224 1317 1246 1365 ξ
1268 1329 1314 1362 27
1335 1329 1343 1354 :
1362 1317 1406 1353 Οἱ
1427 1314 1550 1352 πολλοὶ
1565 1320 1635 1359 τοῖς
1651 1314 1747 1358 ἰδίοις
1763 1315 1890 1354 πάθεσι
1908 1315 2092 1353 συνέθεσαν
2111 1315 2171 1358 τὰς
2186 1317 2276 1353 ἱστο-

1226 1372 1317 1423 ρίας,
1335 1372 1465 1419 ἥκιστα
1493 1374 1651 1419 μελῆσαν
1678 1374 1793 1415 αὐτοῖς
1812 1377 1871 1420 τῆς
1892 1374 2102 1419 ἀληθείας...
2123 1374 2276 1423 Τίμαιος

1221 1431 1252 1469 δ’
1267 1435 1285 1470 ὁ
1295 1431 1558 1482 Ταυρομενίτης
1568 1430 1788 1479 Τιμολέοντα
1799 1432 2037 1483 ὑπερεπῄνεσε
2047 1436 2105 1476 τοῦ
2120 1433 2274 1484 μετρίου,

1223 1490 1345 1528 καθότι
1365 1489 1604 1541 Ἀνδρόμαχον
1624 1489 1681 1527 τὸν
1701 1492 1805 1528 αὐτοῦ
1820 1490 1954 1542 πατέρα
1973 1492 2011 1528 οὐ
2029 1490 2199 1529 κατέλυσε
2216 1494 2277 1537 τῆς

1225 1546 1439 1600 μοναρχίας,
1463 1549 1632 1591 Φίλιστος
1653 1548 1688 1585 δὲ
1714 1551 1763 1600 τῷ
1783 1549 1847 1600 νέῳ
1870 1548 2041 1602 Διονυσίῳ
2070 1554 2139 1592 τοῖς
2163 1550 2277 1600 λόγοις
2303 1574 2306 1577 Δ

1223 1607 1370 1656 πολεμεῖ
1387 1608 1643 1659 (προσπολεμεῖ
1661 1608 1762 1656 conj.
1778 1610 1960 1655 Grauert3
1974 1621 2022 1645 an
2035 1607 2274 1659 κολακεύειὲ).

1278 1668 1321 1704 P.
1349 1679 1478 1713 XLVII,
1505 1668 1543 1711 b,
1574 1667 1642 1702 lin.
1688 1681 1734 1716 ¹9
1752 1668 1798 1704 ab
1827 1669 1914 1705 ima.
1949 1689 2000 1695 —
2027 1669 2118 1704 Post
2142 1679 2151 1705 ε
2183 1669 2275 1705 Cum

1227 1724 1526 1771 Tilnone'defacit
1534 1729 1647 1761 etiam
1667 1727 1828 1771 Tz'etzes,
1846 1726 1946 1762 adde
1963 1739 1972 1762 z
1995 1727 2139 1762 Eadem
2157 1731 2278 1774 magis

1223 1788 1338 1819 etlam
1355 1793 1568 1832 exaggerat
1588 1786 1748 1820 Timaeus
1760 1798 1825 1833 ap.
1846 1785 2040 1822 Plutarch.
2057 1786 2081 1822 l.
2106 1786 2272 1823 laudato.

1276 1843 1318 1880 P.
1334 1856 1482 1887 van1‚
1510 1844 1555 1888 b,
1574 1844 1640 1880 lin.
1668 1843 1730 1881 16.
1752 1870 1798 1877 —
1820 1844 1911 1879 Dele
1929 1844 2072 1880 verba:
2093 1857 2183 1892 quos
2206 1858 2276 1880 ue·-

1222 1915 1292 1949 que
1315 1903 1502 1937 Diodorus*
1527 1903 1615 1944 XV,
1641 1907 1689 1950 94
1715 1906 1754 1937 in
1776 1910 1985 1950 computum
2012 1914 2117 1937 suum
2146 1901 2275 1949 refert.

1225 1961 1317 1996 Vide
1332 1967 1425 1996 tom.
1446 1962 1500 2005 ΙΙ,
1518 1973 1557 2008 p.
1579 1960 1623 1996 81
1645 1973 1701 2008 sq.

1275 2020 1317 2055 P.
1341 2031 1445 2063 xmx,
1474 2032 1514 2062 a,
1538 2020 1603 2055 lin.
1632 2024 1695 2061 24.
1714 2040 1766 2046 -
1786 2021 1860 2054 P10
1884 2023 2123 2054 :retractavit
2139 2032 2222 2055 eam
2239 2028 2276 2055 et

1229 2079 1284 2112 ad
1295 2079 1414 2125 finem
1427 2079 1626 2125 perduxit,
1650 2079 1731 2126 lege
1752 2091 1760 2113 z
1778 2091 1861 2113 eam
1888 2079 1942 2113 ad
1952 2078 2067 2125 finem
2079 2079 2270 2126 perduxit.

1275 2135 1318 2174 P.
1336 2149 1443 2183 xmx,
1458 2150 1497 2184 a,
1514 2137 1580 2174 lin.
1600 2149 1662 2185 29.
1688 2159 1735 2164 —
1753 2138 1863 2183 Quod
1874 2141 1910 2172 ei
1925 2138 2083 2173 ridicule
2093 2150 2184 2172 sane
2202 2141 2274 2172 cri·

1223 2199 1316 2230 mini
1351 2199 1465 2231 vertit
1494 2197 1690 2242 Diotqy‘sius
1716 2195 1837 2245 Hal.]
1874 2197 2102 2232 Succurrere
2127 2196 2273 2243 Diony-

1221 2254 1278 2288 sio
1305 2254 1432 2289 studet
1454 2254 1645 2301 Kriigerus
1669 2255 1707 2289 in
1725 2255 1884 2302 Dionys.
1911 2254 2271 2302 Historiographicis

1220 2325 1259 2360 p.
1284 2313 1346 2354 46.
1363 2313 1512 2348 Etenim
1530 2324 1611 2359 quae
1632 2314 1668 2347 in
1682 2314 1867 2361 Dionysio
1881 2314 2059 2362 leguntur
2075 2327 2083 2348 :
2105 2311 2273 2355 Φίλιστος

1222 2369 1258 2406 δὲ
1283 2369 1439 2419 μιμητής
1465 2370 1537 2407 ἐστι
1567 2369 1830 2410 Θουκυδίδου...
1864 2370 2046 2416 Ἐζήλωκε
2066 2369 2103 2407 δὲ
2128 2372 2271 2421 πρῶτον

1221 2426 1284 2477 μὲν
1304 2427 1342 2465 τὸ
1362 2427 1425 2474 τὴν
1446 2427 1606 2465 ὑπόθεσιν
1634 2429 1771 2474 ἀτελῆ
1804 2428 2069 2466 καταλιπεῖν
2088 2427 2146 2465 ,τὸν
2169 2428 2272 2466 αὐτὸν

1220 2486 1339 2538 ἐκείνῳ
1362 2486 1509 2537 τρόπον,
1529 2500 1574 2523 ea
1594 2489 1645 2524 ita
1667 2488 1854 2524 mutanda
1869 2500 1946 2524 esse
1966 2494 2112 2532 censet,
2139 2495 2181 2523 ut
2199 2501 2271 2536 pro

1222 2546 1330 2591 ἀτελῆ
1349 2545 1556 2582 καταλιπεῖν
1572 2547 1775 2595 legendum
1788 2548 1834 2583 sit
1848 2547 1958 2596 ἀφελῆ
1976 2544 2146 2595 ἐκλέγειν,
2161 2560 2272 2594 argu-

1221 2613 1383 2640 mentum
1399 2607 1563 2652 simpleoe
1574 2606 1647 2640 sibi
1663 2607 1813 2653 eligere.
1835 2621 1850 2638 «
1863 2607 1961 2641 Nam
1977 2618 2094 2653 quum
2105 2606 2283 2653 ineptum?-

1221 2664 1268 2698 sit
1286 2663 1441 2699 credere
1455 2691 1464 2708 ‚
1485 2664 1627 2710 inquit,
1659 2664 1882 2699 historicum
1904 2663 1952 2699 de
1969 2663 2155 2699 industria
2177 2676 2272 2711 opus

1220 2735 1327 2757 suum
1348 2735 1427 2757 non.
1444 2722 1662 2765 absolvisse,
1690 2729 1768 2757 tum
1785 2723 1896 2770 longe
1910 2722 2073 2770 ineptius
2089 2728 2160 2766 est,
2176 2723 2271 2757 hanc

1220 2782 1379 2829 primam
1403 2781 1481 2828 ejus
1508 2794 1594 2816 cum
1621 2781 1843 2828 Thucydide
1863 2781 2116 2816 similitudinis
2141 2788 2268 2816 notam

1220 2853 1386 2889 ponere,
1408 2853 1524 2886 quum
1545 2840 1673 2887 potius
1694 2839 1742 2875 de
1762 2840 1997 2888 argumenti,
2019 2839 2126 2886 quod
2149 2840 2269 2886 elege-

1220 2900 1289 2943 rit,
1312 2906 1448 2934 natura
1468 2897 1674 2932 dicendum
1691 2897 1803 2933 fuisse
1819 2897 2006 2935 videatur:
2033 2913 2048 2929 »
2082 2898 2267 2944 Equidem

1221 2956 1408 3002 ejusmodi
1427 2955 1587 3003 ineptias
1603 2967 1685 3002 quae
1702 2955 1750 2990 ab
1765 2955 1930 2990 historiae
1950 2956 2163 3003 ignorantia
2179 2967 2271 3003 pro—

1220 3015 1452 3058 ficiscuntur,
1473 3014 1629 3048 minime
1658 3014 1797 3050 alienas
1825 3026 1904 3050 esse
1929 3026 1951 3049 a
1971 3015 2153 3061 Dionysio
2170 3041 2179 3057 ,
2217 3015 2267 3047 le-

1220 3074 1388 3108 viusculo
1408 3084 1495 3107 sane
1515 3073 1724 3121 historico,
1756 3085 1826 3108 usu
1846 3072 1981 3108 doctus
2003 3073 2147 3108 dudum
2177 3073 2267 3106 mihi

1219 3143 1398 3179 persuasl.

1274 3248 1486 3284 TJMAEUS.
1510 3250 1552 3285 P.
1575 3261 1616 3293 1.,
1639 3256 1720 3285 not.
1762 3248 1798 3286 3.
1827 3269 1880 3275 —
1905 3249 1996 3284 Dele
2022 3248 2137 3282 verba
2159 3260 2165 3280 ;
2197 3251 2268 3280 nisi

1209 3306 1316 3353 sorte
1334 3307 1528 3342 Neanthes
1546 3308 1748 3353 Cyzicenus
1759 3316 1795 3343 et
1812 3320 1894 3353 quae
1910 3313 2130 3353 sequuntur.

1272 3367 1361 3413 Pag.
1393 3378 1431 3400 u
1460 3364 1503 3409 b,
1533 3367 1600 3401 lin.
1629 3365 1691 3401 36.
1722 3386 1774 3392 —
1798 3365 1903 3401 Libri
1932 3372 2005 3399 tres
2026 3366 2081 3399 De
2110 3363 2260 3409 regibus

1221 3425 1352 3471 Syriae,
1371 3437 1465 3471 quos
1481 3425 1620 3459 Timaeo
1639 3423 1771 3459 Suidas
1789 3422 1949 3470 affingit,
1963 3420 2204 3469 probabiliter
2216 3428 2268 3450 rc⁴

2135 3490 2169 3515 ⁴0
