2372 3704
1062 221 1393 266 FRAGMENTA.
2224 245 2298 279 563

641 314 706 367 69,
1259 313 1319 351 καὶ
1350 315 1616 368 πεντακισχίλια
1652 317 1806 356 τάλαντα
1844 319 2005 372 ἂργυρίου
2027 324 2077 376 τῷ
2111 324 2301 375 Ῥωμαίων

209 379 296 417 Exc·
312 379 370 418 De
389 382 459 420 ins·
479 395 520 431 p·
549 381 594 419 15
619 395 627 418 :
646 379 734 421 τὈτι
753 382 968 434 Μιθριδάτης
985 386 1003 422 ὅ
1019 388 1076 423 τοῦ
1099 385 1198 425 Πόν-
1260 373 1384 411 δικαίω
1403 374 1526 427 (δήμῳ
1543 375 1755 414 καταὸαλεῖν
1769 380 1887 416 Wolf.
1899 379 1929 430 )‚
1944 380 2005 418 ἅτε
2028 385 2154 434 χειρῶν
2171 385 2300 424 ἀδίκων

153 453 213 476 του
229 437 391 490 βασιλεὺς
406 439 561 491 χαλεπὸς
571 438 618 478 ὢν
632 440 693 479 καὶ
709 440 842 493 τραχὺς
854 471 863 488 ,
883 443 1200 488 καταστασιασθεὶς
1260 431 1464 482 ἀρξάμενον,
1478 433 1761 485 προσηνάγκασε·
1779 435 1880 474 Μετὰ
1892 453 2002 476 ταυτα
2015 439 2230 486 Αλὸανθυς
2218 445 2298 483 υπέ-

153 496 220 534 ὖπὸ
238 499 299 534 τοῦ
313 497 435 539 παιδὸς
452 498 645 549 Φαρνάκου
670 498 767 550 παρὰ
787 504 856 543 τοῖς
872 499 1007 544 οἰκείοις
1022 502 1198 553 στρατιώ-
1259 489 1321 534 W}
1324 505 1357 538 ε
1371 505 1431 528 '‘⁰“
1445 506 1502 529 τον
1520 495 1598 543 βων
1592 492 1665 530 ῑλέῖ
1680 509 1749 531 των
1768 493 1917 565 1639ko
1933 496 2105 547 Αρσάχην
2122 502 2166 549 (1·
2184 501 2301 554 Ἀρτά-

151 567 245 602 ταις,
265 555 350 607 πρός
366 571 402 594 τε
423 555 571 595 θάνατον
586 557 775 607 ἀναγκαῖον
792 558 1032 606 συνελασθεὶς,
1054 560 1197 612 φάρμα-
1259 550 1350 600 κην)
1381 548 1517 602 φευγεῑν
1549 550 1748 600 Ὗινάγχασε
1782 567 1842 589 καῖ
1870 553 1932 599 Τὴν
1962 555 2089 607 υιῑκρὰν
2119 557 2300 609 Αρμενίαν

152 626 212 651 κον
229 613 438 666 δηλητήριον
462 614 603 663 ἐκπιὼν,
619 616 765 668 τελευτᾷ
784 615 864 669 περίΙ
886 615 943 655 τὸν
962 616 1155 670 Βόσπορον.
1258 608 1443 660 Δηιοτάρω
1459 610 1507 646 τῶ
1528 608 1676 660 δυνασῖῃ
1699 625 1761 656 της
1779 611 1954 655 Γαλατίας
1980 613 2200 667 ἐδωρήσατο,
2219 617 2301 657 Ἀτ-

642 697 706 734 70.

204 748 369 787 Suidas:
399 747 648 798 Πομπήιος.
682 766 699 784 α
730 747 816 789 ’Ότι
847 750 1035 800 Πομπήιος
1055 750 1199 803 ὁμέγας

151 805 348 853 ἐπικληθεὶς
359 837 368 854 ,
389 806 517 850 ὕπατος
534 807 594 845 καὶ
612 807 805 860 στρατηγὸς
821 807 1025 858 Ῥωμαίων,
1039 809 1096 847 τὸν
1114 811 1198 862 πρὸς

149 864 370 917 Μιθριδάτην
400 866 459 902 καὶ
491 865 668 917 Τιγράνην
694 866 848 916 πόλεμον
877 867 1071 912 ἀνεδέξατο.
1124 869 1198 908 Και

148 922 207 960 τὸν
227 922 290 972 μὲν
308 923 527 975 Μιθριδάτην
542 923 635 962 κατὰ
649 923 712 970 τὴν
729 924 854 978 μικρὰν
871 925 1054 977 Ἀρμενίαν
1077 942 1196 965 νυκτο-

149 980 264 1034 μαχία
282 981 567 1052 κατηγωνίσατο,
594 984 640 1026 ὡς
654 982 694 1021 τὸ
714 983 946 1036 στρατόπεδον
968 986 1074 1023 αὐτου
1095 986 1197 1038 διαρ-

147 1038 259 1076 πάσαι
277 1067 288 1087 ,
334 1039 394 1078 καὶ
433 1054 523 1092 τρεις
565 1040 734 1093 μυριάδας
774 1042 927 1080 ὁπλιτῶν
960 1042 1190 1083 καταοαλεῐν
1642 1077 1657 1102 t

148 1097 193 1137 ‘O
213 1101 270 1135 οὖν
285 1099 503 1151 Μιθριδάτης
514 1099 707 1151 γυμνωθεις
720 1099 927 1138 παντάπασι
941 1103 1003 1146 τῆς
1017 1100 1195 1151 δυνάμεως
1255 1079 1301 1121 εἷς
1323 1076 1387 1124 τὴν
1411 1077 1598 1128 Ρωμαίων
1624 1077 1815 1131 ἐ“έπεμψεν
1835 1079 1990 1130 δέσμιον
1999 1101 2014 1118 ”

147 1156 342 1210 διαφεύγειν
370 1160 561 1209 ἀγαπητῶς
588 1156 663 1207 ἅμα
682 1161 734 1220 τῇ
755 1162 892 1212 γαμετῇ
918 1158 978 1197 καὶ
1009 1159 1068 1197 δύο
1103 1161 1193 1198 τισὶν
1744 1164 1808 1197 7¹·

148 1215 345 1260 ἀκολούθοις
374 1216 491 1261 ἱκανὸς
518 1216 675 1269 γέγονεν·
702 1221 776 1256 εἶτα
797 1218 1111 1262 καταστασιασθεὶς
1108 1213 1270 2136 farto)
1307 1221 1398 1257 Exc.
1420 1220 1477 1256 De
1494 1221 1580 1256 virt.
1596 1233 1637 1269 p.
1665 1229 1771 1269 797:
1787 1217 1875 1259 ςὈτι
1892 1221 2037 1265 Λούκιος
2058 1222 2201 1276 Σέργιος
2222 1225 2297 1264 Κα-

1258 665 1362 704 ταλόν
1382 678 1419 704 τε
1446 666 1506 703 καὶ
1532 667 1796 717 Πυλαιμένεα’
1781 683 1839 706 επι
1858 669 1921 715 τὴν
1947 668 2075 709 οἰκείαν
2102 674 2214 725 ἀρχὴν
2240 680 2303 723 τ’ἧς

1258 725 1510 778 Παφλαγονίας
1525 726 1743 778 κατήγαγεν,
1766 739 1817 771 ες..
1771 726 2036 777 Ἥληλαμένους
2053 731 2136 783 πρὸς
2155 737 2215 771 τοῦ
2236 737 2302 774 Μι-

1257 783 1429 834 θριδάτου.
1470 785 1621 836 Κόλχοις
1649 800 1687 822 τε
1724 786 1903 838 ἐφίστησιν
1935 788 2106 838 ἡγεμόνα.
2141 790 2220 843 ''Ego
2253 789 2302 838 οἷς

1257 842 1392 895 Σύρους
1410 859 1447 882 τε
1466 843 1526 882 καὶ
1546 843 1700 897 Ἄραὸας
1724 846 2004 899 κατεστρέψατο,
2026 847 2086 886 καὶ
2114 848 2302 898 Ἰουδαίους

1256 901 1364 954 τρίτῳ
1385 917 1469 950 μηνι
1497 902 1761 954 παρεστήσατο.
1784 903 1825 942 'E
1829 919 1849 941 κ
1870 903 1905 941 δὲ
1933 907 2000 942 τῶν
2016 910 2076 944 τοῦ
2096 908 2187 958 ἱεροῦ
2215 911 2301 948 ἀνα-

1257 960 1423 1010 θημάτων
1437 961 1532 999 οὐδὲν
1550 961 1754 1014 διήρπασεν,
1771 962 1861 1000 ἀλλὰ
1874 962 1991 1001 πάντα
2007 964 2074 1002 ὑπὸ
2092 967 2299 1021 ἀναγραφὴν

1255 1019 1492 1070 ποιησάμενος
1514 1019 1768 1074 Ἀριστοὸούλῳ
1791 1020 2004 1073 παρέδωκεν.
2028 1023 2203 1076 ςΥρκανὸν
2232 1027 2299 1081 γὰρ

146 1278 208 1314 τοῦ
228 1275 351 1319 παιδὸς
370 1270 564 1327 Φαρνάκου
584 1276 681 1330 παρὰ
700 1282 769 1320 τοῖς
789 1276 925 1320 οἰκείοις
943 1276 1191 1328 στρατιώταις,
1253 1277 1400 1326 τιλῖνος,
1421 1276 1509 1329 ἀνὴρ
1525 1276 1643 1328 γένους
1659 1277 1759 1328 μὲν
1738 1293 1786 1315 ων
1808 1279 2102 1331 ἐπιφανεστάτου,
2123 1281 2239 1327 ἄλλως
2255 1283 2292 1322 δὲ

144 1333 204 1371 καὶ
221 1332 307 1385 πρὸς
322 1333 506 1372 θάνατον’
487 1350 553 1372 ανα
556 1341 677 1385 γκαῖον
701 1334 854 1382 ἐλαθεις,
876 1335 1061 1389 φάρμακον
1083 1337 1196 1384 δηλη-
1252 1334 1400 1407 πονηρὸς
1419 1333 1481 1382 τὴν
1506 1334 1621 1388 φύσιν,
1640 1335 1817 1384 τολμητής
1837 1352 1874 1374 τε
1890 1337 1951 1375 καὶ
1978 1340 2296 1392 μεγαλοπράγμων,

144 1391 265 1445 τήριον
299 1392 430 1431 ἐκπιὼν
456 1394 602 1445 τελευτᾷ
630 1392 709 1445 περὶ
728 1391 785 1430 τὸν
816 1392 1009 1445 Βόσπορον.
1030 1393 1075 1433 Ὁ
1096 1395 1131 1432 δὲ
1152 1395 1193 1442 δὴ

142 1456 226 1494 παῖς
257 1451 353 1504 αὐτῷ
380 1450 574 1503 Φαρνάκης
608 1450 740 1501 γίνεται
774 1451 934 1503 διάδοχος
969 1455 1031 1499 τῆς
1064 1454 1190 1505 ἀρχης.

143 1508 190 1549 Ὁ
226 1508 262 1547 δὲ
292 1509 478 1560 Πομπήιος
506 1509 563 1548 ἐπὶ
594 1509 773 1562 Τιγράνην
799 1509 876 1560 ἄγει
912 1509 974 1556 τὴν
1008 1525 1190 1563 στρατιαν.

143 1567 189 1608 Ὁ
207 1568 243 1606 δὲ
260 1568 437 1621 Ἀρμένιος
457 1568 513 1606 διὰ
543 1568 662 1620 μάχης
693 1568 802 1606 ἐλθεῖν
831 1574 902 1612 τοῖς
933 1568 1127 1619 Ῥωμαίοις
1154 1586 1191 1609 ου

142 1626 319 1670 λυσιτελὲς
347 1626 567 1678 ἡγησάμενος
596 1625 743 1669 ἐνδιδοὺς
777 1626 898 1664 ἑαυτὸν
933 1627 1077 1681 ἀφίκετο
1106 1644 1190 1681 προς

145 1685 358 1735 Πομπήιον,
375 1685 435 1723 και
451 1685 537 1738 πρὸς
552 1685 622 1729 τοῖς
646 1684 787 1736 γόνασιν
812 1687 917 1724 αὐτοῦ
935 1685 1051 1725 πεσὼν
1072 1686 1132 1725 καὶ
1152 1703 1191 1725 το

142 1743 300 1794 διάδημα
322 1747 385 1790 τῆς
412 1745 566 1796 κεφαλῆς
598 1742 735 1797 ἀφελὼν
765 1745 799 1782 ἐν
825 1743 900 1787 ταῖς
929 1745 1059 1783 ἐκείνου
1088 1760 1190 1797 χερσι

140 1802 318 1841 κατέθετο.
357 1794 423 1846 Οἷς
455 1801 496 1849 δὴ
529 1801 701 1855 καμφθεὶς
730 1817 788 1840 τον
815 1802 922 1852 θυμὸν
955 1806 973 1841 ὃ
1000 1803 1190 1852 Πομπήιος

141 1862 305 1909 ἀνίστησί
321 1878 358 1901 τε
379 1861 482 1900 αὐτὸν
503 1861 563 1900 καὶ
588 1860 628 1900 τὸ
657 1861 812 1912 διάδημα
832 1862 937 1899 πάλιν
964 1862 1188 1910 ἀποδίδωσιν,

141 1921 242 1964 αὐτὸς
257 1924 300 1973 τῇ
320 1925 379 1959 τοῦ
402 1920 582 1973 Ἀρμενίου
610 1936 712 1958 τουτο
734 1920 883 1972 περιθεις
902 1922 1058 1972 κεφαλῇ,
1087 1937 1131 1958 τα
1151 1937 1189 1959 τε

139 1979 230 2017 ἄλλα
251 1978 309 2017 διὰ
333 1995 437 2030 τιμης
456 1979 514 2016 τὸν
545 1978 652 2031 ἄνδρα
681 1981 784 2029 ἠγεν·
818 1978 999 2031 ἀφαιρέσει
1028 1976 1063 2015 δὲ
1095 1976 1190 2021 ὅμως

140 2037 264 2089 μέρους
284 2038 374 2080 τινὸς
389 2052 451 2083 της
464 2039 575 2089 ἀρχῆς
588 2036 647 2075 καὶ
667 2036 831 2090 χρήμασι
852 2037 993 2080 πολλοῖς
1014 2037 1187 2086 ἐζημίωσε

137 2095 196 2134 τὸν
211 2095 400 2148 Ἀρμένιον.
423 2095 555 2148 Συρίαν
574 2111 612 2134 τε
630 2094 697 2146 γὰρ
712 2095 772 2133 καὶ
791 2095 964 2142 Φοινίκην
980 2095 1187 2145 ἀπετέμετο,

1253 1409 1312 1432 και
1323 1393 1361 1431 τὸ
1371 1397 1451 1440 ἠθος
1460 1393 1653 1442 ποικίλος,’
1638 1394 1692 1432 επ’
1706 1394 1836 1448 ὀλέθρῳ
1851 1409 1912 1441 της
1925 1397 2089 1450 πατρίδος
2103 1398 2297 1450 συνώμοσε,

1253 1451 1329 1496 τοὺς
1348 1452 1583 1505 θρασυτάτους
1599 1452 1659 1491 καὶ
1686 1454 1967 1505 τολμηροτάτους
1989 1458 2058 1493 τῶν
2079 1458 2295 1510 εὐπατριδῶν

1253 1510 1299 1554 εἷς
1325 1509 1388 1557 τὴν
1414 1512 1538 1549 ἑαυτου
1568 1509 1684 1549 πίστιν
1705 1512 1949 1562 ἐνδησάυενος
1973 1514 2123 1588 Λέγεται
2142 1505 2253 1569 γ’ἆρ”
2230 1533 2296 1555 αν-

1253 1574 1388 1621 θρωπον
1403 1569 1602 1614 καταθύσας
1614 1585 1652 1620 γε
1653 1574 1737 1608 ῧσαι
1751 1575 1811 1609 τοῦ
1826 1569 1973 1622 αἵματος
1988 1572 2065 1616 τους
2080 1575 2296 1625 συνωμότας,

1251 1628 1429 1681 περιάγων
1450 1628 1497 1672 εἰς
1515 1628 1650 1672 πάντας
1674 1629 1737 1675 τὴν
1767 1630 1893 1668 κύλικα
1917 1631 2035 1683 πλήρη
2064 1631 2156 1670 οἴνου
2178 1649 2216 1672 τε
2235 1649 2296 1672 και

1251 1686 1464 1738 ἀνθρωπείου
1485 1686 1632 1737 αιματος
1645 1716 1655 1734 ,
1687 1686 1754 1726 εἴτε
1774 1704 1972 1740 καταγοητε
1976 1689 2045 1728 ύων
2064 1707 2143 1735 τους
2166 1691 2294 1745 ἄνδρας

1249 1747 1299 1797 τῷ
1315 1746 1437 1798 τοιῶδε
1450 1743 1560 1798 δ’ρκιι),
1571 1744 1639 1783 εἴτε
1650 1745 1710 1784 καὶ
1729 1762 1814 1798 προς
1829 1752 1899 1785 πᾶν
1916 1748 2082 1798 τόλμημα
2103 1749 2162 1788 καὶ
2176 1756 2294 1790 πᾶσαν

1250 1803 1366 1849 ἐθίζων
1394 1803 1646 1875 ἀνοσιουργίαν,
1668 1802 1729 1850 ἅτε
1749 1804 1865 1857 οἰκείῳ
1891 1806 1951 1844 καὶ
1973 1808 2177 1846 πολιτικῶ’
2163 1824 2295 1861 επιχει-

1251 1864 1318 1914 ρῶν
1339 1861 1482 1932 αἵματι,
1512 1878 1572 1900 και
1594 1869 1802 1914 μεταγαγεῖν
1830 1865 1893 1911 τὴν
1910 1864 2088 1904 πολιτείαν
2104 1868 2151 1911 εἷς
2167 1883 2296 1920 τυραν,

1248 1921 1325 1959 νίδα
1343 1921 1435 1975 φόνω
1454 1936 1488 1959 τε
1509 1923 1630 1960 πολλω
1649 1924 1715 1959 τῶν
1735 1922 1883 1974 ἀρίστων
1909 1923 1969 1961 καὶ
1993 1940 2215 1974 καταπρησει
2232 1943 2293 1973 της

1247 1979 1380 2023 πόλεως
1400 1995 1448 2029 μη
1452 1995 1664 2032 ,(ανωμενος
1716 1979 1852 2031 Ἐπῆρε
1872 1980 1908 2019 δὲ
1935 1981 2004 2034 ἄρα
2024 1998 2080 2020 τον
2104 1984 2290 2023 Κατιλῖνον

1248 2038 1294 2081 εἷς
1313 2037 1441 2080 ταύτας
1463 2036 1524 2081 τὰς
1552 2037 1700 2081 ἀτόπους
1730 2038 1859 2082 ἐννοίας
1894 2039 1984 2090 βάρη
2017 2055 2054 2078 τε
2076 2041 2288 2093 ὀφλημάτων

1247 2098 1396 2134 νικῶντα
1411 2095 1450 2134 τὸ
1469 2095 1607 2146 τίμημα
1627 2112 1687 2143 της
1703 2096 1819 2140 οὐσίας
1834 2127 1844 2147 ,
1863 2097 1923 2135 καὶ
1939 2098 2010 2150 [τὸ]
2025 2099 2175 2142 συνειδὸς
2191 2099 2291 2138 ἐκθέ-

177 2208 229 2239 Fr.
246 2209 301 2239 69.
322 2208 362 2238 V.
375 2206 436 2239 Dio
452 2208 539 2238 Cass.
557 2207 723 2246 XXXVII,
742 2210 777 2238 12
791 2215 839 2246 sq.
858 2206 966 2238 Livius
982 2215 1032 2246 ep.
1048 2210 1099 2238 62.
1117 2206 1277 2238 Plutarch.
1299 2209 1409 2247 Pomp.
1432 2215 1461 2238 c.
1479 2208 1531 2238 41.
1547 2209 1640 2238 Oros.
1658 2209 1719 2244 VI,
1740 2211 1770 2239 5.
1792 2208 1841 2239 Cf.
1859 2210 1990 2249 Eutrop.
2006 2210 2050 2241 vt
2062 2232 2071 2246 ,
2097 2212 2134 2242 10
2150 2221 2157 2241 ε
2177 2211 2292 2251 Neque

136 2253 247 2285 multo
268 2255 360 2294 post,
380 2261 489 2294 quum
511 2254 549 2285 in
573 2261 651 2285 suos
667 2255 821 2290 saeviret,
842 2253 1059 2291 Pharnacis,
1070 2253 1145 2294 filii
1162 2256 1237 2293 sui,
1255 2253 1351 2295 apud
1375 2254 1503 2286 milites
1518 2253 1683 2286 seditione
1704 2254 1752 2286 ad
1767 2256 1911 2287 mortem
1936 2257 2094 2292 coactus,
2120 2264 2291 2290 vencnum

136 2301 265 2333 hausit.

176 2349 228 2380 Fr.
246 2351 296 2380 70.
322 2349 415 2379 Hunc
437 2347 544 2379 Suidae
562 2347 669 2379 locum
683 2346 723 2379 ad
740 2349 899 2380 Joannem
919 2347 1120 2379 referendum
1145 2356 1212 2380 esse
1234 2348 1334 2388 liquet
1352 2358 1370 2381 e
1391 2348 1568 2388 fragmento
1586 2348 1794 2381 antecedente
1815 2350 1901 2382 etex
1917 2351 2103 2390 comparato
2117 2351 2288 2391 Ευῐτορίο,

134 2395 191 2436 qui
218 2396 251 2427 in
270 2394 432 2426 nonnullis
448 2396 571 2426 Joanne
590 2396 642 2427 vel
657 2396 743 2427 certe
759 2395 892 2427 Joannis
907 2397 1093 2435 excerptore
1107 2395 1234 2427 uberior
1247 2396 1293 2427 ita
1306 2395 1402 2427 habet
1415 2397 1477 2435 vl,
1495 2398 1531 2427 10
1545 2404 1581 2436 sq
1600 2408 1607 2427 :
1628 2396 1709 2427 Mox
1726 2397 1757 2428 ei
1772 2396 1966 2436 (Pompeio)
1983 2396 2141 2428 delatum
2162 2397 2290 2429 bellum

134 2445 240 2475 etiam
256 2443 378 2475 contra
403 2451 515 2482 reqem
533 2441 776 2474 Mithridatem
792 2444 827 2474 et
844 2444 1028 2482 Tioranem
1042 2453 1053 2475 .·
1070 2451 1136 2484 qno
1151 2446 1307 2484 suscepto
1325 2441 1567 2475 Mithridatem
1588 2443 1625 2473 in
1647 2443 1810 2474 Armenia
1835 2444 1967 2475 minore
1984 2445 2153 2475 nocturno
2170 2444 2291 2484 proelio

134 2491 234 2526 vicit,
250 2491 368 2521 castra
387 2488 536 2529 diripuit
544 2499 557 2528 ;
574 2489 818 2530 quadraqinta
831 2489 990 2522 millibus
1004 2490 1077 2529 ejus
1092 2492 1210 2522 occisis
1220 2512 1230 2527 ‚
1248 2492 1373 2531 viqinti
1392 2492 1532 2522 tantum
1547 2489 1588 2522 de
1604 2491 1762 2522 exercitu
1777 2499 1839 2523 suo
1857 2490 2014 2531 perdidit
2029 2493 2062 2523 et
2079 2491 2164 2523 duos
2177 2494 2289 2524 centu·

133 2538 246 2568 riones
271 2535 505 2568 ·Mithridates
522 2545 600 2568 cum
616 2545 725 2568 uxore
735 2536 838 2577 fuyit
853 2538 886 2568 et
903 2536 1034 2568 duobus
1049 2537 1242 2570 comitibus.
1258 2539 1373 2579 Neque
1387 2537 1497 2569 multo
1509 2539 1604 2577 post,
1620 2545 1729 2578 quum
1742 2539 1778 2569 in
1800 2546 1876 2568 suos
1892 2539 2049 2574 saeviret,
2068 2538 2287 2578 Pharnacis,

134 2582 198 2614 filii
221 2584 296 2618 sui,
321 2582 419 2622 apud
442 2583 572 2615 milites
595 2583 762 2615 seditione
778 2583 826 2615 ad
841 2585 988 2615 mortem
1010 2585 1167 2620 coactus,
1192 2592 1360 2617 venenum
1375 2583 1507 2616 hausit.
1527 2586 1629 2615 Hunc
1641 2582 1752 2623 finem
1773 2583 1894 2616 habuit
1914 2584 2141 2617 Mithridates
2148 2594 2162 2623 ,¹
2181 2586 2290 2626 periit

134 2631 252 2660 aulem
275 2628 372 2669 apud
398 2631 607 2669 Bosporum,
626 2632 843 2671 νιν-1119611118
861 2629 1047 2662 industriae
1069 2630 1299 2672 consiliique:
1317 2632 1479 2670 reynavit
1504 2631 1608 2661 annis
1629 2631 1834 2669 serapium,
1861 2631 1951 2661 vixit
1965 2632 2188 2671 septuaqinta
2204 2631 2288 2663 duo·

135 2677 217 2708 bus:
232 2678 353 2707 contra
371 2676 537 2707 Romanos
554 2677 682 2709 bellum
696 2677 818 2709 habuit
829 2678 930 2709 annis
946 2677 1202 2718 quadraqinla.
1222 2677 1366 2717 Τίῳ-(1111
1383 2677 1507 2709 deinde
1522 2678 1704 2717 Pompeius
1719 2677 1846 2709 bellum
1859 2677 1994 2709 intulit.
2012 2677 2078 2710 Ille
2091 2686 2126 2710 se
2138 2678 2284 2714 dedidit,

134 2726 165 2755 et
184 2725 221 2755 in
237 2725 358 2754 castra
375 2725 526 2777 Pompeii
543 2726 640 2756 sexto
659 2724 786 2756 decimo
797 2725 967 2756 milliario
979 2724 1022 2756 ab
1040 2725 1216 2755 Artaxata
1229 2725 1342 2762 venit;
1358 2732 1400 2756 ac
1417 2723 1579 2756 diadema
1594 2731 1714 2758 suum,
1735 2731 1844 2764 quum
1856 2723 2097 2764 procubuisset
2110 2724 2160 2757 ad
2173 2733 2287 2765 qenua

134 2771 306 2810 Pompeii,
325 2772 362 2801 in
380 2761 540 2802 manibus
556 2771 629 2810 ejus
653 2771 873 2803 collocavit:
899 2771 991 2812 quod
1006 2773 1035 2803 ei
1055 2773 1238 2811 Pompeius
1260 2774 1430 2812 reposuit,
1456 2771 1707 2812 honorificeque
1731 2780 1809 2803 eum
1836 2771 2013 2808 habitum,
2046 2775 2144 2813 reyni
2171 2775 2286 2806 tamen

132 2818 235 2858 parte
248 2816 434 2852 multavit,
448 2819 482 2849 et
492 2817 620 2856 orandi
633 2820 793 2858 pecunia
806 2817 974 2860 Adempta
985 2820 1036 2850 est
1048 2820 1079 2850 ei
1093 2821 1215 2859 Syria,
1230 2819 1410 2854 Phoenice,
1424 2818 1595 2859 Sophene;
1609 2826 1671 2850 sex
1686 2817 1804 2849 millia
1817 2820 1986 2858 praeterea
2001 2818 2212 2851 talentorum
2225 2829 2285 2852 α1-

132 2865 245 2904 9111111,
272 2871 349 2904 quae
362 2864 488 2903 populo
502 2867 654 2896 Romano
674 2865 794 2901 daret,
813 2867 898 2906 quia
915 2866 1045 2898 bellum
1059 2867 1135 2897 sine
1148 2874 1255 2898 causa
1270 2867 1432 2898 Romanis
1448 2865 1694 2897 commovisset.
1716 2865 1900 2904 Pompeius
1925 2872 2006 2895 mox
2019 2866 2126 2896 etiam
2142 2865 2285 2900 Albanis

134 2910 262 2942 bellum
278 2909 422 2946 intulit,
437 2911 601 2942 eteorum
618 2918 731 2951 reqem
754 2911 898 2944 Orodem
914 2914 964 2944 ter
985 2913 1077 2944 vicit.
1096 2913 1271 2944 Postremo
1285 2920 1348 2952 per
1361 2913 1522 2953 epistolas
1539 2913 1572 2943 et
1588 2919 1736 2943 munera
1754 2913 1898 2951 roqatus
1912 2912 2050 2943 veniam
2065 2913 2095 2943 ei
2110 2920 2150 2945 ac
2165 2920 2286 2952 pacem

133 2956 239 2989 dedit.
262 2956 377 2989 lbcriae
399 2965 534 2998 quoque
551 2966 664 2999 reqem
678 2961 824 2991 Artaccn
847 2961 928 2991 vicit
944 2961 1019 2991 acie
1035 2961 1068 2991 et
1087 2960 1123 2991 in
1139 2959 1348 2992 deditionem
1364 2961 1515 3000 accepit;
1529 2960 1729 2990 Armeniam
1745 2959 1913 2990 minorem
1932 2958 2114 2993 Deiotaro,
2134 2959 2283 2990 Galatiae

131 3005 223 3043 reyi,
243 3003 404 3040 donavit,
435 3007 521 3045 quia
542 3008 654 3038 socius
672 3006 751 3038 belli
767 3006 1000 3039 Mithridatici
1008 3006 1148 3046 fuerat.
1167 3007 1283 3038 Attalo
1296 3007 1330 3038 et
1343 3006 1534 3046 Pylaemcni
1550 3004 1833 3044 Paphlaqoniam
1846 3002 2022 3039 reddidit,
2044 3004 2285 3036 Aristarchum

133 3051 266 3083 Colchis
289 3059 400 3090 reqem
414 3052 590 3091 imposuit.
609 3054 691 3084 Mox
708 3054 852 3085 Ituraeos
873 3054 907 3084 et
919 3053 1051 3084 Arabas
1067 3054 1174 3085 vicit:
1191 3054 1224 3084 et
1246 3060 1355 3093 quum
1369 3054 1517 3084 venisset
1533 3053 1570 3084 in
1585 3053 1744 3091 Syriam,
1762 3050 1974 3088 Seleuciam,
1991 3051 2145 3082 vicinam
2167 3053 2285 3082 Antio-

131 3099 215 3130 chiae
233 3100 424 3134 civitatfm,
443 3098 608 3132 libertate
630 3100 792 3138 donavit,
819 3100 910 3141 quod
932 3109 1045 3141 reqem
1071 3102 1254 3140 Tiyranem
1269 3107 1337 3131 non
1353 3099 1545 3138 recepisset.
1571 3096 1855 3129 Antiochensibus
1870 3095 2001 3128 obsides
2018 3095 2198 3128 reddidit.
2214 3096 2282 3127 ali—

132 3147 306 3186 quantum
319 3154 486 3184 ayrorum
514 3147 776 3187 Daphnensibus
795 3148 908 3183 dedit,
929 3156 996 3189 quo
1013 3148 1110 3180 lucus
1125 3148 1171 3180 ibi
1186 3144 1495 3188 spatiosiorstetet,
1522 3145 1713 3177 delectatus
1730 3145 1936 3175 amoenitate
1960 3143 2023 3175 loci
2049 3145 2082 3174 et
2106 3151 2282 3183 aquarum

132 3192 362 3224 abundantia.
383 3193 466 3224 Inde
490 3193 538 3225 ad
552 3193 717 3226 Judoeam
745 3197 1005 3234 tiansqressus‚
1034 3195 1326 3234 Hierosolymam,
1351 3193 1458 3232 caput
1476 3192 1609 3232 yemis,
1635 3193 1736 3223 tertio
1760 3198 1873 3223 mense
1889 3191 1996 3231 cepit,
2012 3188 2186 3221 duodecim
2205 3189 2279 3220 mil-

132 3240 224 3272 libus
239 3239 440 3272 Judaeorum
452 3242 591 3279 occisis,
606 3243 726 3273 ceteris
738 3243 773 3273 in
781 3240 890 3283 fidem
910 3242 1071 3280 acceptis

172 3290 224 3320 Fr.
240 3292 291 3322 71.
311 3288 429 3320 Eadem
449 3288 601 3328 usquead
621 3288 719 3320 verba
734 3289 862 3326 ἐξήλασε
880 3291 933 3325 τῆς
946 3287 1064 3324 πόλεως
1080 3288 1228 3329 leguntur
1241 3287 1326 3327 apud
1341 3285 1469 3318 suidam
1486 3294 1517 3317 v.
1535 3285 1670 3321 Λούκιος
1684 3284 1816 3325 Σέργιος.
1835 3285 1968 3323 Eutrop.
1986 3283 2047 3320 VI,
2069 3284 2129 3315 12:
2148 3282 2184 3315 L.
2203 3283 2278 3312 Ser-

131 3336 207 3374 qius
222 3335 398 3370 Catilina,
424 3335 628 3367 nobilissimi
641 3338 777 3375 qeneris
792 3337 858 3372 vir,
881 3334 942 3366 sed
954 3336 1081 3374 inqenii
1093 3337 1315 3375 pravissimi,
1335 3332 1384 3364 ad
1397 3332 1583 3365 delendam
1593 3334 1678 3372 pati
1681 3333 1752 3363 iam
1764 3331 1960 3370 conjuravit
1972 3336 2050 3360 cum
2073 3326 2277 3368 quibusdam

131 3381 239 3412 claris
265 3381 422 3421 quidem,
436 3381 496 3413 sed
508 3382 702 3414 audacibus
716 3384 813 3414 viris.
828 3384 854 3413 A
874 3383 1035 3412 Cicerone
1051 3381 1136 3412 urbe
1160 3381 1326 3421 expulsus
1339 3381 1412 3418 est;
1437 3381 1518 3411 socii
1531 3379 1604 3418 ejus
1619 3378 1838 3418 deprehensi,
1862 3379 1899 3408 in
1913 3382 2049 3408 carcere
2061 3373 2275 3412 stranqulati

131 3429 224 3459 sunt.
250 3429 294 3459 De
312 3428 348 3459 iis
363 3437 436 3468 qun=
459 3430 573 3468 praeter
589 3429 658 3460 haec
672 3428 930 3467 Joanneshabet,
948 3436 978 3459 v.
998 3428 1067 3459 Dio.
1085 3429 1172 3459 Cass.
1188 3428 1355 3467 xxxxii,
1375 3430 1433 3466 30,
1457 3426 1617 3458 Plutarch:
1634 3425 1700 3458 Cic.
1723 3429 1777 3464 103
1794 3423 1922 3456 sallust.
1944 3424 2014 3454 cat.
2033 3424 2084 3453 30.
2105 3421 2274 3451 —Kaw

2082 3486 2124 3509 31¹5.
