2326 3724
118 235 188 269 1⁴4

110 311 295 358 loquitur,
310 310 405 345 utin
418 321 459 346 re
471 315 563 346 nota
575 337 586 356 ,
599 309 743 355 Suidas,
764 309 871 357 cujus
883 310 1146 347 sentcntiahoc

110 369 228 404 modo
251 369 460 417 supplenda
479 375 533 404 est
555 381 563 404 :
594 369 795 415 Hesychius
812 370 988 405 Milesius
1005 372 1150 417 scripsit

111 424 467 476 Ὀνοματολόγον
503 423 525 471 ἢ
548 424 740 474 πίνακα,
775 431 878 473 cujzes
904 428 1072 475 Epitome
1095 435 1149 462 est

111 485 215 520 hicce
235 485 400 530 libellus,
421 486 486 532 qui
513 496 610 519 nunc
631 484 806 527 Hesrckii
831 486 973 520 Milesii
1002 486 1148 519 nomine

112 543 333 579 inscribitur.
363 542 492 578 Innuit
514 549 639 578 autem
662 542 823 578 eundem
837 543 1006 578 libellum
1035 554 1148 588 quem

110 601 226 637 hodie
238 613 308 636 nos
331 601 525 636 habemus.
546 617 562 633 n
586 601 682 637 Sane
702 601 855 648 quidem
873 612 941 636 nos
962 600 1056 635 nihil
1077 600 1148 634 nisi

111 660 303 707 epitomen
321 659 511 707 quandam
522 659 709 695 uberioris
723 659 848 707 operis
871 665 998 693 tenere
1009 684 1019 702 ‚
1045 669 1148 693 eam-

111 730 185 765 que
194 711 426 766 negli'genter
441 717 647 753 admodum
667 717 876 752 confectam
886 743 897 760 ‚
911 717 996 751 luce
1011 716 1148 751 clarius

111 783 179 821 est.
210 776 354 822 Quodsi
382 788 474 811 vero
500 775 636 823 glossas
662 775 832 812 Suidiani
857 775 968 810 lexici
996 787 1083 809 cum
1102 775 1146 809 iis

111 846 194 880 quae
216 834 255 868 in
276 840 407 869 nostro
426 834 553 869 libello
579 834 768 881 leguntur,
790 832 1014 876 contuleris,
1040 831 1147 867 facile

109 892 332 940 intelligitur
359 892 513 928 Suidam
548 899 613 927 aut
639 893 788 940 integro
820 890 997 938 Hesychii
1031 902 1146 938 opere

108 963 217 985 usum
230 963 304 986 esse
315 977 325 995 ,
341 958 407 986 aut
425 951 617 999 epitomen
633 957 719 986 ante
733 949 863 985 oculos
878 949 1066 993 habuisse,
1087 948 1143 994 ea,

111 1021 193 1056 quae
212 1016 395 1057 superstes
408 1016 475 1054 est,
489 1009 726 1057 ampliorem.
743 1009 790 1043 In
798 1008 870 1043 hac
881 1018 946 1042 sua
961 1007 1141 1056 epitome,

110 1068 262 1115 opinor,
279 1067 411 1103 Suidas
432 1068 574 1115 reperit
587 1067 704 1102 verba
726 1067 789 1102 illa
806 1079 886 1114 quae
897 1067 1092 1101 immutata
1106 1066 1145 1100 in

107 1138 216 1163 suum
227 1127 379 1162 lexicon
394 1126 649 1174 transcripsit:
665 1127 701 1161 οὓ
716 1122 864 1173 ἐπιτομή
881 1124 972 1160 ἐστιν
987 1137 1087 1160 τουτο
1106 1121 1144 1159 τὸ

111 1181 256 1234 βιὸλίον.

161 1244 344 1278 Praeterea
362 1241 568 1290 Hesychius
584 1241 745 1279 Annales
758 1242 908 1291 scripsit
919 1228 1028 1277 libris
1045 1239 1144 1290 (δια-

109 1298 304 1350 στήμασιν)
329 1313 412 1346 sex,
439 1301 576 1349 quibus
605 1302 847 1337 continentur
874 1302 1146 1349 imperatorum

107 1361 368 1395 Romanorum
378 1372 435 1395 res
445 1361 558 1396 variis
570 1360 803 1408 temporibus
813 1366 920 1408 gestae
932 1367 969 1395 et
982 1360 1145 1394 historiae

106 1419 339 1466 principum,
356 1419 420 1465 qui
432 1419 585 1465 singulis
598 1418 772 1466 gentibus
787 1419 1040 1466 imperarunt,
1056 1418 1146 1453 item

107 1487 150 1510 ca
162 1488 242 1523 quae
250 1477 420 1523 Byzantii
436 1484 537 1524 gesta
547 1484 632 1511 sunt
644 1489 762 1523 usque
773 1476 822 1511 ad
837 1478 1039 1524 imperium
1052 1477 1145 1511 Ana-

106 1535 205 1569 stasii
219 1541 470 1582 cognomento
490 1535 636 1570 Dicori.
663 1536 723 1571 Sic
737 1535 869 1571 Suidas
881 1535 1008 1570 refert.
1025 1535 1146 1570 Discr-

108 1592 180 1627 tius
209 1592 255 1627 de
285 1593 341 1628 his
361 1593 520 1641 exponit
550 1594 726 1638 Photius,
760 1594 825 1640 qui
851 1594 965 1628 etiam
993 1593 1145 1627 tertium

107 1651 285 1697 Hesychii
303 1663 397 1699 opus
410 1677 420 1695 ‚
437 1650 546 1700 cujus
561 1653 704 1687 mentio
736 1651 838 1700 apud
860 1651 1014 1688 suidam
1049 1651 1144 1686 desi-

109 1708 275 1754 deratur,
294 1717 576 1746 commemorat.

159 1768 314 1803 Photius
331 1767 419 1803 cod.
441 1768 490 1815 69
509 1781 516 1802 :
546 1762 757 1815 Ἀνεγνώσθη
777 1781 835 1816 μοι
854 1764 985 1816 βιὸλίον
1016 1766 1144 1817 ἱστορι-

107 1822 165 1860 κὸν
185 1825 230 1867 ὡς
245 1825 280 1862 ἐν
310 1823 447 1876 συνόψει
463 1827 631 1874 κοσμικῆς
646 1823 798 1876 ἱστορίας
816 1825 855 1874 (ὁ
871 1823 905 1862 δὲ
932 1824 1145 1876 συγγραφεὺς

108 1879 275 1932 Ἥσύχιος
298 1884 316 1919 ὃ
337 1881 589 1934 Ἰλλούστριος,
618 1882 788 1928 Μιλήσιος
814 1881 875 1932 μὲν
897 1884 936 1919 ἐκ
959 1881 1143 1934 πατρίδος,

106 1944 187 1982 παῖς
201 1938 235 1976 δὲ
251 1939 426 1991 Ἡσυχίου
437 1939 496 1977 καὶ
514 1940 730 1992 Φιλοσοφίας
746 1940 900 1992 [Σοφίας
912 1941 1009 1990 vgo]
1029 1941 1054 1991 )·
1067 1942 1144 1978 καθ’

107 1995 124 2033 ὃ
145 1996 204 2034 καὶ
219 2000 241 2044 ἢ
262 1997 437 2050 ἐπιγραφὴ
454 2002 513 2036 τοῦ
532 1998 668 2050 βιῧλίου
683 1999 772 2049 μετὰ
785 2002 844 2036 τοῦ
865 1997 1035 2051 Ἱστορίας
1052 1998 1145 2037 Ῥω-

107 2058 235 2102 μαϊκῆς
253 2071 290 2094 τε
307 2055 367 2094 καὶ
383 2058 611 2103 παντοδαπῆς
630 2057 807 2109 τυγχάνει.
827 2057 994 2108 Ἄρχεται
1014 2057 1076 2106 μὲν
1086 2051 1142 2094 οἶν

108 2113 178 2151 ἀπὸ
195 2117 255 2161 τῆς
273 2118 333 2152 τοῦ
355 2115 471 2162 Βήλου
492 2119 551 2153 τοῦ
567 2115 754 2167 Ἀσσυρίων
773 2116 940 2167 βασιλέως
957 2115 1143 2167 βασιλείας,

107 2171 244 2210 κάτεισι
267 2172 303 2211 δὲ
322 2172 425 2225 μέχρι
444 2177 505 2221 τῆς
534 2175 696 2221 τελευτῆς
724 2173 971 2221 Ἀναστασίου,
997 2173 1032 2217 ὃς
1049 2174 1142 2212 Ῥω-

108 2230 221 2280 μαίων
241 2231 378 2283 γέγονεν
399 2232 638 2285 αὐτοκράτωρ.

158 2285 265 2327 Ἔστι
285 2289 320 2327 δὲ
342 2289 508 2341 σύντομος
531 2291 591 2329 καὶ
609 2290 818 2336 καλλιεπής·
843 2290 933 2335 λέξει
947 2306 983 2328 τε
1003 2290 1070 2342 γὰρ
1090 2292 1144 2328 ἀν-

108 2349 197 2399 Οηρᾷ
216 2347 276 2385 καὶ
297 2348 438 2401 εὖσήμῳ
455 2348 644 2400 κέχρηται,
664 2349 725 2387 καὶ
744 2351 766 2395 ἡ
787 2349 938 2396 συνθήκη
961 2352 1020 2387 τοῦ
1041 2348 1141 2400 λόγου

108 2405 203 2442 κατὰ
219 2405 321 2454 λόγον
340 2408 434 2458 αὐτῷ
450 2407 670 2458 ἡρμοσμένη·
694 2407 893 2459 κυριολογίᾳ
911 2407 972 2457 μὲν
990 2407 1143 2456 μάλιστα

107 2463 251 2516 χαίρων·
271 2466 300 2501 εἰ
332 2464 369 2502 δέ
391 2480 456 2502 που
486 2465 546 2503 καὶ
575 2465 753 2518 τρέψοιτο,
778 2469 827 2518 τῷ
853 2482 890 2503 τε
913 2465 1056 2517 εὖσήμῳ
1084 2466 1142 2503 καὶ

107 2522 383 2594 ἐμιρατικωτάτῳ
397 2525 457 2570 τῆς
466 2522 586 2568 λέξεως
596 2523 618 2570 ἥ
623 2525 697 2561 δυνε
713 2523 775 2574 μὲν
788 2527 831 2576 τῆ
842 2526 953 2576 τροπῇ
967 2524 1024 2561 τὸν
1040 2525 1141 2576 ἀκρο-

108 2580 216 2627 ατὴν,
241 2580 316 2618 οὐδὲ
303 2596 336 2618 εν
357 2580 392 2618 δὲ
420 2585 545 2656 ἦγ’,ττον
570 2584 599 2620 εἷ
622 2582 671 2632 μὴ
695 2583 754 2620 καὶ
775 2583 867 2632 μᾶλλ
861 2597 927 2630 ον,
960 2597 1078 2633 σαφως
1104 2581 1143 2619 τὸ

108 2644 279 2691 πρᾶγμ-ι,
312 2638 334 2685 ἢ
359 2641 387 2677 εἷ
409 2639 456 2690 μὴ
478 2641 690 2691 ἐτέτραπτο,
721 2639 981 2693 παρεστήσατο.
1013 2640 1142 2680 Ὺπισ-

106 2701 240 2747 χνεῖται
255 2696 290 2734 δὲ
306 2697 366 2735 καὶ
380 2698 542 2745 ἀληθείας
558 2703 645 2737 εἶναι
662 2698 876 2752 φροντιστής.

107 2842 227 2874 calcem
241 2843 343 2874 versio
353 2843 451 2875 latina
462 2844 614 2876 Hadriani
636 2845 724 2878 Junii
747 2853 822 2877 cum
838 2844 907 2885 ejus
928 2844 1141 2884 castigationi-

105 2889 183 2928 bus,
195 2890 227 2921 in
241 2890 376 2930 quibus,
394 2893 430 2922 ut
443 2893 635 2932 Hesychium
648 2901 666 2924 e
680 2893 825 2932 LaertiO,
842 2893 886 2924 ita
900 2892 1037 2923 vicissim
1050 2894 1143 2924 Laer-

104 2936 186 2967 tium
197 2944 234 2968 ex
251 2937 404 2976 Hesychio
417 2938 550 2970 subinde
561 2939 791 2971 emendandum
805 2939 1012 2971 demonstrat.
1032 2940 1144 2970 Postea

106 2991 208 3022 graece
218 2984 249 3014 et
261 2983 358 3015 latine
373 2984 489 3023 prodiit
502 2993 575 3016 cum
587 2987 672 3017 Junii
683 2986 829 3018 versione
836 2987 868 3018 et
878 2986 974 3025 notis,
989 2987 1143 3026 novisque

106 3031 148 3060 H.
161 3029 310 3069 Stephani
324 3029 654 3064 animadversionibus
667 3032 707 3064 ad
722 3034 842 3064 calcem
858 3033 1002 3073 Diogenis
1016 3033 1141 3072 Laertii,

107 3083 149 3106 ex
162 3075 280 3107 laudati
300 3076 450 3115 stephani
466 3077 591 3108 officina
608 3086 660 3109 an.
682 3081 770 3118 1594,
783 3083 813 3111 8.
829 3080 888 3111 llla
909 3080 1026 3112 Laertii
1047 3079 1143 3111 editio

106 3123 140 3153 et
159 3130 233 3152 cum
250 3122 303 3153 illa
320 3122 469 3162 Hesychii
494 3123 617 3155 libellus
635 3133 765 3156 recusus
786 3127 833 3158 est
854 3128 991 3158 Genevae
1013 3135 1064 3166 ap.
1090 3128 1139 3158 Jo.

106 3168 244 3208 Vignon,
258 3173 347 3200 1616.
362 3172 393 3200 8.
405 3170 535 3200 Interim
546 3172 597 3201 Jo.
614 3171 769 3202 Meursius
782 3172 927 3211 Lugdun.
938 3174 1005 3204 Bat.
1022 3177 1109 3205 1613.
1123 3176 1141 3205 8

106 3212 158 3254 [et
180 3216 261 3245 tom.
284 3216 343 3246 Vll
364 3217 446 3255 Opp.
467 3216 614 3254 Meursii‚
639 3217 776 3248 Florent.
804 3220 902 3254 1746,
925 3227 955 3257 p.
975 3222 1035 3249 205
1051 3217 1142 3259 sqq.]

107 3262 254 3302 Hesychii
267 3263 418 3302 opuscula
431 3263 528 3302 atque
538 3263 568 3294 in
580 3263 626 3294 his
639 3265 826 3303 praesentem
838 3264 979 3295 libellum
990 3265 1142 3304 vulgavit,

108 3309 430 3350 castigationibusque
451 3309 538 3341 Junii
558 3318 595 3341 ac
611 3310 760 3349 Stephani
774 3311 865 3341 notas
878 3319 951 3342 suas
972 3310 1102 3342 addidit.
1127 3324 1142 3338 »

109 3357 296 3387 FAmucios.
318 3357 492 3388 Novissime
507 3357 650 3396 Hesycliii
662 3357 814 3396 opuscula
836 3365 910 3387 cum
934 3356 1017 3389 notis
1037 3357 1142 3389 vario·

108 3411 180 3434 rum
192 3403 320 3444 suisque
334 3403 430 3444 ipsius
439 3403 537 3436 edidit
552 3404 688 3436 orefflius
703 3403 804 3444 (Lips.
825 3407 901 3436 1820
911 3404 934 3444 ).

953 227 1195 269 HESYCHII
1223 228 1414 268 MILESII

1262 309 1455 360 Διαιρεῖται
1475 307 1510 346 δὲ
1530 309 1624 361 αὐτῷ
1642 307 1681 347 τὸ
1701 308 1911 360 σπούδασμα
1931 309 1977 353 εἰς
1995 307 2164 360 τμήματα
2190 308 2226 355 ἕξ

1209 361 1256 404 ὧν
1277 367 1316 405 τὸ
1334 366 1396 416 μὲν
1414 369 1550 418 πρῶτον
1565 370 1691 417 τμῆμα
1707 366 1860 418 περιέχει
1883 365 1928 404 τὰ
1947 366 2013 419 πρὸ
2028 370 2094 404 τῶν
2121 369 2154 406 T
2157 382 2239 418 ρωι·

1207 426 1298 471 κῶν,
1327 425 1365 462 τὸ
1386 423 1420 461 δὲ
1440 424 1595 476 δεύτερον
1615 424 1659 462 τὰ
1679 424 1748 463 ἀπὸ
1774 424 1880 464 Ἰλίου
1904 424 2066 468 ἁλώσεως
2085 425 2149 468 ἕως
2176 428 2241 472 τῆς

1208 481 1351 525 κτίσεως
1381 481 1535 530 Ῥώμης,
1564 482 1604 520 τὸ
1635 482 1670 520 δὲ
1701 481 1814 534 τρίτον
1835 482 1879 520 τὰ
1913 482 1983 520 ἀπὸ
2015 486 2077 529 τῆς
2099 482 2243 527 κτίσεως

1208 537 1352 589 Ῥώμης
1373 539 1493 592 μέχρις
1508 539 1586 578 ὅτου
1604 539 1793 590 Ῥωμαίοις
1807 543 1829 587 ἡ
1844 542 1912 578 τῶν
1932 540 2073 579 ὑπάτων
2095 541 2240 593 εἰσήχθη

1207 597 1374 649 ἡγεμονία
1390 626 1400 645 ,
1444 596 1662 636 καταλύσασι
1707 597 1784 641 τους
1835 598 2000 649 βασιλέας
2042 598 2134 637 κατὰ
2177 599 2242 646 τὴν

1211 655 1334 707 ὀγδόην
1356 655 1447 693 καὶ
1434 654 1465 693 εἴζ
1453 654 1620 703 ηκοστὴν
1639 655 1868 706 Ὀλυμπιάδα
1890 657 1972 705 (01.
1993 659 2064 704 68,
2091 657 2242 696 12:508

1208 726 1244 750 a.
1261 715 1305 753 C.
1323 715 1348 764 )·
1371 713 1408 751 τὸ
1425 713 1461 751 δὲ
1480 713 1664 766 τέταρτον,
1685 713 1720 758 ἐξ
1742 717 1848 766 ουπερ
1865 713 2053 764 Ῥωμαίων
2068 715 2244 766 ἡγήσαντο

1207 770 1343 819 ὕπατοι,
1368 771 1444 819 ἤτοι
1471 771 1539 810 ἀπὸ
1563 775 1625 819 τῆς
1650 771 1774 823 ὀγδόης
1802 772 1862 810 καὶ
1891 772 2078 819 ἑξηκοστῆς
2107 773 2243 824 Ὀλυμ.-

1207 830 1337 874 πιάδοςι
1356 830 1460 882 μέχρι
1494 831 1525 882 β’
1552 830 1614 868 καὶ
1633 830 1670 868 π’
1688 830 1747 869 καὶ
1777 830 1808 884 ρ’
1835 830 2099 881 Ὀλυμπιάδος,
2126 826 2164 870 οὗ
2182 831 2244 870 καὶ

1207 887 1325 935 ἔληξεν
1350 891 1371 934 ἡ
1400 888 1542 935 τοιαύτη
1577 888 1691 940 ἀρχὴ,
1713 888 1858 928 Ἰουλίου
1878 892 1938 927 τοῦ
1975 889 2152 942 Καίσαρος
2173 906 2242 940 μο-

1205 946 1455 998 ναρχήσαντος.
1476 948 1528 985 Τὸ
1548 946 1583 984 δὲ
1601 947 1758 997 πέμπτον
1780 950 1904 998 τμῆμα
1930 946 2083 999 περιέχει
2101 947 2146 985 τὰ
2171 948 2242 987 ἀπὸ

1205 1008 1266 1052 τῆς
1285 1005 1432 1044 Ἰουλίου
1454 1009 1515 1043 τοῦ
1537 1005 1712 1057 Καίσαρος
1730 1005 1919 1057 μοναρχίας
1939 1005 2059 1057 μέχρις
2075 1004 2154 1043 ὅτου
2171 1008 2243 1044 Βυ-

1206 1063 1339 1107 ζάντιον
1366 1063 1422 1100 ἐπὶ
1440 1063 1530 1114 μέγα
1550 1062 1647 1110 δόξης
1663 1063 1723 1101 καὶ
1739 1062 1858 1115 ἰσχύος
1882 1063 1991 1115 ἤρθη,
2009 1063 2244 1114 Ὀλυμπιάδος

1206 1121 1355 1171 ἑὸδόμης
1366 1121 1425 1160 καὶ
1439 1121 1466 1160 0'
1481 1121 1540 1160 καὶ
1555 1123 1793 1168 διακοσιοστῆς
1805 1121 1992 1172 ἱσταμένης
2008 1122 2099 1174 (329
2109 1137 2150 1173 p.
2165 1123 2242 1172 C.).

1206 1179 1257 1218 Ἱὸ
1280 1180 1348 1217 δὲ
1336 1180 1454 1226 ε’κτον,
1474 1178 1508 1224 εξ
1525 1183 1561 1217 οὗ
1583 1178 1730 1231 βασιλέα
1750 1179 2114 1223 Κωνσταντινούπολις
2133 1178 2242 1226 ηὐτύ-

1204 1253 1293 1290 χησε
1314 1239 1597 1287 Κωνσταντῒνον,
1627 1238 1730 1290 μέχρι
1750 1241 1810 1285 τῆς
1834 1236 2061 1277 Ἀναστασίου
2081 1239 2243 1284 τελευτῆς

1208 1296 1306 1345 (518
1325 1310 1366 1346 Ρ.
1384 1299 1425 1334 C.
1444 1296 1469 1346 )·
1490 1294 1528 1334 δν
1549 1298 1646 1339 οὗτος
1665 1299 1682 1334 ὁ
1706 1311 1746 1333 συ
1750 1295 1922 1347 γγραφευς
1938 1294 2110 1348 πραότητί
2126 1311 2162 1333 τε
2181 1295 2242 1334 καὶ

1205 1354 1396 1406 ἡμερότητι
1413 1357 1474 1393 οὐκ
1493 1349 1558 1392 οἶδ’
1579 1354 1670 1397 ὅπως
1689 1356 1827 1392 πολλῶν
1849 1353 2079 1404 ἀποσεμνύνει
2106 1354 2243 1405 διενεγ-

1205 1415 1344 1451 κεῖν·οὑ
1363 1413 1544 1451 συνέπεσεν
1565 1416 1586 1459 ἡ
1602 1412 1743 1460 τελευτὴ
1766 1412 1856 1451 κατὰ
1871 1411 1934 1459 τὴν
1953 1411 2137 1459 ἑνδεκάτην
2155 1413 2243 1449 ἷνδι-

1206 1473 1349 1518 κτιῶνα,
1367 1472 1534 1523 Μάγνου
1529 1471 1632 1510 μόνου
1644 1471 1870 1514 ὗπατευοντος
1885 1472 1979 1523 (518
1991 1485 2031 1521 Ρ.
2048 1473 2089 1509 C.
2103 1472 2130 1521 ).
2145 1469 2192 1509 Ἤ
2206 1468 2243 1508 δὲ

1204 1527 1350 1581 περιοχὴ
1367 1546 1435 1567 των
1462 1530 1596 1582 χρόνων
1621 1530 1742 1582 χιλίων
1764 1529 2015 1581 (δισχιλίωνὲ)
2043 1528 2138 1566 κα1’
2123 1527 2240 1574 ενενή-

1205 1602 1307 1625 κοντα
1334 1587 1595 1626 κα1“εκατόν·ε’ν
1625 1592 1674 1632 οἱς
1692 1589 1751 1627 καὶ
1771 1591 1792 1635 ἡ
1811 1586 1992 1640 συγγραφὴ
2025 1586 2038 1640 [
2055 1586 2240 1639 τελευτᾷ].

1259 1645 1470 1696 Ανεγνώσθη
1493 1647 1528 1684 δέ
1549 1662 1607 1696 μοι
1627 1646 1687 1684 καὶ
1708 1647 1808 1698 ἑτέρα
1834 1662 1893 1684 του
1915 1648 2018 1684 αὐτου
2042 1645 2179 1697 βίὸλος,
2205 1646 2242 1682 ἔν

1205 1708 1226 1755 ᾖ
1242 1720 1284 1742 πε
1271 1721 1338 1756 εριε
1345 1705 1440 1757 ίχετο
1457 1705 1500 1743 τά
1511 1721 1548 1743 τε
1563 1705 1737 1745 ’1ουστίνω
1752 1703 1970 1757 πραχθέντα,
1983 1702 2076 1748 όπως
2092 1719 2130 1742 τε
2143 1703 2244 1742 Ἀνα-

1206 1763 1348 1800 στασίου
1369 1763 1657 1810 τελευτήσαντος,
1679 1764 1779 1806 αὐτὸς
1797 1762 1981 1814 ἀνερρήθη·
1999 1766 2073 1799 εἶτα
2093 1761 2154 1799 καὶ
2178 1761 2242 1808 τὴν

1206 1820 1474 1871 Ἰουστινιανοῦ,
1494 1825 1553 1859 τοῦ
1582 1822 1670 1871 μετὰ
1695 1822 1902 1867 Ἰουστῖνον,
1931 1819 2023 1858 ἔστιν
2051 1819 2242 1872 ἀνάρρησιν

1204 1880 1379 1926 κατιδεῖν,
1411 1879 1470 1918 καὶ
1497 1879 1557 1923 τὰς
1589 1880 1696 1924 ἄλλας
1721 1879 1859 1932 πράξεις
1890 1877 2012 1930 μέχρις
2031 1879 2116 1915 ἐτῶν
2141 1894 2242 1916 τινων

1208 1937 1219 1987 (
1236 1939 1261 1973 f.
1283 1939 1387 1989 τριῶν
1405 1940 1521 1977 Bekk.
1541 1940 1623 1988 )τῆς
1641 1939 1744 1975 αὐτοῦ
1764 1936 1956 1989 βασιλείας.
1983 1936 2054 1976 Καὶ
2068 1935 2106 1974 τὸ
2122 1936 2243 1974 λοιπὸν

1205 1997 1222 2032 ὃ
1245 1995 1463 2048 συγγραφεὺς
1483 1996 1653 2047 ἐπεσχέθη
1664 2026 1674 2045 ,
1701 1995 1838 2047 θανάτῳ
1856 1999 1916 2034 τοῦ
1935 1994 2058 2038 παιδὸς
2077 1993 2242 2033 Ἰωάννου

1205 2052 1266 2100 τὴν
1289 2052 1405 2105 ψυχὴν
1422 2053 1561 2105 καιρίαν
1592 2053 1751 2106 βληθεὶς,
1771 2053 1831 2091 καὶ
1849 2056 1909 2100 τῆς
1928 2051 2013 2104 πρὸς
2033 2051 2072 2090 τὸ
2097 2051 2243 2104 γράφειν

1205 2114 1315 2164 ὁρμῆς
1335 2110 1503 2155 ἐκκοπείς.

1257 2171 1371 2218 Quod
1398 2179 1591 2220 postremo
1623 2171 1711 2208 loco
1743 2171 1898 2207 Photius
1929 2170 2242 2207 commemoravit

1206 2242 1300 2277 opus
1315 2230 1361 2265 de
1370 2230 1483 2265 rebus
1493 2231 1513 2264 .Ι
1517 2231 1643 2275 11511111,
1655 2231 1804 2277 penitus
1816 2230 1968 2266 interiit.
1981 2231 2035 2265 Ex
2048 2228 2243 2267 Chronicis

1203 2300 1307 2332 vero,
1324 2300 1405 2335 quae
1418 2300 1535 2335 usque
1550 2288 1598 2323 ad
1613 2295 1774 2323 mortem
1782 2288 1965 2324 Anastasii
1979 2286 2237 2335 pertinebant,

1203 2354 1341 2394 praeter
1359 2347 1552 2382 breviores
1566 2347 1672 2382 locos
1693 2354 1767 2382 tres
1782 2347 1841 2382 vel
1862 2352 2056 2393 quattuor,
2079 2345 2240 2392 amplius

1204 2403 1455 2452 fragmentum
1475 2412 1663 2440 servatum
1680 2412 1734 2440 est
1762 2417 1807 2440 ex
1825 2405 1933 2440 initio
1961 2404 2048 2439 libri
2068 2402 2182 2447 sexti,
2200 2402 2242 2436 in

1205 2475 1281 2510 quo
1291 2463 1338 2498 de
1346 2464 1671 2512 Constantinopoli
1683 2463 1957 2499 aConstantino
1968 2461 2120 2497 condita
2130 2472 2243 2509 agens

1203 2521 1243 2555 in
1263 2522 1431 2567 priorem
1450 2522 1555 2556 urbis
1580 2522 1775 2557 historiam
1791 2518 1975 2564 excurrit,
1998 2519 2148 2566 fataque
2165 2517 2244 2564 ejus

1203 2579 1291 2614 inde
1305 2579 1352 2614 ab
1369 2580 1513 2627 origine
1523 2592 1642 2627 usque
1655 2580 1704 2615 ad
1715 2579 2000 2615 Constantinum
2018 2578 2110 2623 imp.
2121 2575 2161 2612 ἐκ
2173 2575 2242 2611 τῶν

1204 2635 1358 2686 ἀρχαίων
1378 2639 1530 2682 ποιητῶν
1542 2637 1601 2675 καὶ
1629 2635 1855 2688 συγγραφέων
1874 2643 2053 2672 recenset.
2073 2637 2163 2681 Quae
2183 2634 2241 2669 di-

1203 2696 1340 2743 gressio
1356 2695 1434 2741 jam
1447 2696 1595 2744 pridem
1610 2708 1629 2732 e
1649 2697 1839 2731 chronicis
1858 2694 2105 2742 Hesychianis
2116 2691 2243 2728 avulsa

1203 2755 1480 2802 separatimque
1507 2754 1608 2790 edita
1625 2766 1702 2790 esse
1728 2754 1893 2789 videtur.
1913 2772 1965 2780 —
1986 2752 2131 2787 Primus
2153 2759 2238 2784 eam

1204 2812 1322 2847 edidit
1339 2813 1385 2849 G.
1404 2814 1533 2847 Dousa
1567 2811 1833 2861 (Heidelberg.
1861 2810 1979 2857 1596,
2002 2809 2070 2857 8),
2100 2805 2239 2843 deinde

1203 2872 1387 2907 Meursius
1416 2869 1561 2921 (Lugd.
1587 2869 1684 2906 1613
1698 2896 1708 2914 ,
1731 2869 1778 2918 8)
1801 2881 1821 2904 e
1841 2868 1971 2904 codice
1990 2867 2162 2902 Palatino
2180 2860 2242 2914 (²⁴),

1246 3031 1287 3071 (*)
1303 3030 1398 3063 Plura
1412 3038 1485 3070 quae
1499 3029 1540 3061 ad
1557 3028 1803 3069 bibliographica
1821 3027 1981 3067 pertinent
1998 3024 2071 3056 vide
2083 3023 2167 3064 apud
2181 3025 2243 3055 Fa-

1204 3077 1339 3110 bricium
1365 3079 1400 3109 Β.
1425 3079 1481 3109 Gr.
1504 3076 1526 3108 l.
1547 3076 1568 3107 1.
1587 3095 1628 3102 --
1649 3075 1799 3107 codicem
1824 3073 1955 3105 palatin.
1978 3071 2084 3102 denuo
2106 3069 2245 3101 excussit

1204 3125 1365 3156 Bastiusin
1378 3127 1432 3164 Ep
1444 3123 1514 3154 crit.
1529 3122 1566 3153 ad
1579 3121 1830 3154 Boissonadium.
1842 3121 1994 3151 Ceterum
2007 3116 2131 3149 Harles.
2143 3116 2175 3146 in
2187 3118 2242 3152 Ea

1203 3169 1707 3202 1111011Βί111.31111013111100;(1η
1725 3166 1802 3200 Cod.
1817 3164 2243 3197 Vindob.caesar.cxxv1.

1203 3219 1250 3249 est
1265 3217 1412 3257 Hesychii
1426 3215 1562 3248 illustris
1571 3215 1694 3246 initium
1706 3216 1804 3244 sextae
1818 3212 1915 3253 partis
1925 3210 2127 3243 Annaliums.
2145 3209 2242 3239 Chro-

1203 3264 1265 3295 nici
1287 3263 1407 3304 operis,
1427 3271 1502 3294 cum
1521 3261 1724 3301 inscriptione
1738 3259 1853 3300 πάτρια
1875 3255 2243 3292 Κωνσταντινουπόλεως,

1203 3311 1294 3342 πόθεν
1315 3311 1426 3348 ἐκλήθη
1450 3309 1503 3340 καὶ
1526 3308 1600 3339 πόθε
1602 3319 1618 3338 ν
1643 3307 1834 3347 ὁκομάζεται.
1863 3307 1908 3336 De
1934 3311 1999 3344 quo
2024 3302 2168 3342 copiosus
2197 3301 2244 3331 est

1204 3357 1324 3388 Kollar.
1352 3356 1383 3387 in
1409 3355 1572 3396 supplem.
1599 3354 1638 3385 ad
1663 3351 1822 3385 Lambecii
1849 3360 1954 3382 comm
1995 3352 2068 3388 729,
2094 3348 2244 3386 variaque

1204 3404 1312 3444 culpat
1331 3403 1360 3435 iu
1377 3402 1505 3436 Nesselii
1523 3410 1593 3441 cap.
1608 3402 1635 3433 V
1654 3399 1756 3433 catal.
1776 3398 1847 3430 cod.
1866 3399 2027 3430 xxxvii.
2045 3398 2077 3428 et
2093 3392 2240 3428 Forlosix
