2372 3704
710 223 872 263 INDEX
900 224 1204 264 TITULORUM
1236 225 1631 281 ALPHABETICUS.

104 310 195 349 Βασ
206 311 246 348 ιλ
257 311 320 352 εἷς
337 310 367 347 οἱ
383 309 423 347 ἐκ
446 309 600 347 παλαιοῦ
628 310 804 360 γεγονότες
831 312 866 349 ἐν
883 309 1021 363 ἑκάστῳ
1040 311 1141 361 ἔθνει,

157 370 309 406 Charon
324 370 556 414 Naucratita,
575 369 646 415 IV,
665 370 751 406 360.
972 410 983 418 .

104 427 194 479 Περὶ
220 427 412 479 βασιλέω
427 441 461 473 ν,
481 428 717 476 Timagenes,
735 427 811 474 ΙΙΙ,
842 428 930 478 319.

106 485 195 537 Περὶ
215 484 370 538 ἀρχαίων
386 484 571 537 βασιλέων,
587 488 788 536 Dionysius
815 488 1038 524 Heracleota
1049 515 1060 534 ,
1081 487 1141 534 ΙΙ,

155 549 245 593 494-

102 603 132 640 B
143 617 164 639 α
174 617 195 640 σ
205 601 268 639 ιλὲ
278 616 330 639 ων
346 601 582 653 μεταλλαγαί,
592 605 855 651 Anaximenes,
870 605 1009 652 Scriptt
1029 607 1141 643 Alex.

103 718 191 770 Περὶ
218 718 466 770 βασιλείας,
484 721 707 770 Euphantus
730 722 930 770 Olynthius
945 749 956 769 ,
983 721 1056 769 III,
1079 735 1139 771 19.

154 779 343 824 Sosibius,
361 778 414 824 II,
436 779 528 825 630,
545 784 609 822 24.

103 835 361 888 Βασσαρικά
376 863 387 882 ,
409 838 611 886 Dionysius
627 839 786 884 Samius,
805 838 856 883 II,
883 851 944 884 11,
971 852 984 874 1
997 852 1030 875 1.

100 894 190 946 Περὶ
204 896 329 941 Βησα
343 894 409 933 ίου
430 893 491 947 (Ρ),
508 899 586 934 Leo
606 898 822 946 Byzantius,
839 897 895 943 ΙΙ,
919 898 1007 936 328.

100 953 348 999 Βιὸλιακῆς
372 953 553 1005 ἐμπειρίας
579 953 698 1005 βιὸλία
714 953 763 1005 γ’,
787 956 973 1004 Telephus
999 954 1140 1005 Perga·

153 1025 299 1058 menus,
321 1013 396 1059 III,
419 1013 508 1056 634.

103 1068 194 1121 Περὶ
213 1069 397 1121 βιὸλίων
429 1071 654 1121 συναγωγῆς,
689 1072 874 1108 Artemon
901 1071 1143 1108 Cassandren-

153 1130 214 1175 sis,
233 1128 303 1175 IV,
328 1129 418 1175 342,
438 1142 477 1178 9.
622 1139 629 1143 ’

102 1185 191 1237 Περὶ
208 1185 387 1237 βιὸλίων
402 1185 572 1238 χρήσεως,
599 1187 720 1236 Idem,
739 1188 812 1234 IV,
833 1187 924 1234 342,
950 1199 1010 1226 10.

101 1244 387 1291 Βιὸλιοθήκη,
408 1247 679 1294 Apollodorus,
699 1245 731 1296 Ι,
749 1249 836 1289 104.

100 1303 206 1351 Βίοι,
221 1305 436 1351 Clearchus,
454 1305 510 1351 ΙΙ,
533 1305 622 1343 303.
646 1307 890 1354 Hermippus,
905 1304 979 1350 ΙΙΙ,
1003 1304 1068 1351 36,
1104 1317 1139 1342 1.

152 1363 324 1410 Satyrus,
342 1363 425 1409 III,
466 1364 538 1399 160
569 1362 630 1414 (et
653 1364 778 1411 Satyri
808 1365 932 1412 operis
950 1364 1143 1412 epitomen

153 1422 373 1457 Heraclides
391 1423 570 1466 Lembus,
593 1421 667 1467 ΙΙΙ,
699 1422 772 1469 169
787 1420 816 1470 ).
834 1423 1009 1458 Seleucus
1026 1450 1036 1470 ,
1053 1421 1112 1458 III
1130 1449 1140 1470 ,

154 1477 244 1514 500.
263 1479 480 1515 Timotheus
500 1480 736 1515 Atheniensis
749 1507 760 1524 ‚
777 1480 848 1525 IV,
873 1479 961 1517 523.
981 1478 1056 1516 Βίοι
1075 1479 1142 1516 οἰν-

152 1535 258 1586 δρῶν,
279 1536 538 1583 Aristoxenus,
555 1538 611 1582 ΙΙ,
635 1551 724 1584 272.
746 1535 823 1575 Βίοι
840 1536 1053 1588 φιλοσόφων,
1073 1539 1141 1573 Di-

152 1595 355 1641 caearchus,
373 1596 427 1642 ΙΙ,
458 1596 549 1641 243,
568 1600 632 1638 24.
654 1593 730 1632 Βίοι
755 1594 950 1647 φιλοσόφων
965 1593 1024 1632 καὶ
1046 1609 1143 1646 σοφι-

152 1654 258 1701 στῶν,
297 1655 510 1702 Eunapius,
538 1654 599 1699 II,
632 1654 669 1690 8.
704 1652 781 1690 Βίοι
812 1652 956 1696 ἐνδόξων
988 1653 1138 1703 ἀνδρῶν,

153 1713 286 1757 Iason,
314 1713 465 1759 Scriptt.
489 1714 600 1748 Alex.
615 1725 654 1760 p.
678 1711 764 1759 159.
786 1713 937 1748 Charon
950 1712 1142 1760 Carthagi-

152 1771 304 1815 niensis,
324 1770 392 1816 IV,
415 1770 502 1808 360.
525 1771 707 1816 Theseus,
725 1770 797 1819 IV,
821 1769 911 1806 518.
929 1767 1070 1812 ἐνδόξων
1085 1784 1143 1819 γυ-

100 1826 103 1827 ’
153 1829 300 1872 ναικῶν,
343 1829 492 1864 Charon
526 1829 671 1873 Carth„
706 1827 777 1874 IV,
818 1827 908 1867 360.
956 1826 1036 1878 (Cf.
1074 1827 1142 1867 in·-

152 1885 208 1922 fra
228 1900 263 1921 v.
286 1884 445 1934 ἔνδοξος.)
469 1884 543 1923 Βίοι
563 1884 775 1936 ἐλλογίμων,
790 1888 998 1934 Nicagoras
1021 1886 1143 1922 Athe-

151 1944 309 1989 niensis,
337 1943 419 1988 ΙΙΙ,
442 1943 531 1981 662.
552 1964 606 1971 —
620 1942 696 1981 Βίοι
717 1942 937 1994 παράλληλοι
952 1970 962 1988 ,
990 1942 1136 1992 Amyn-5

153 2002 298 2047 tianus,
330 2002 478 2050 Scripet.
522 2004 634 2038 Alex.
667 2015 706 2051 p.
738 2002 824 2038 162.
859 2020 912 2029 —
938 2000 1027 2052 Περὶ
1065 2000 1141 2052 βίου

154 2058 166 2107 (
181 2057 271 2110 Περὶ
311 2057 454 2110 βιὸλίων
470 2059 507 2109 P)
539 2057 715 2110 ἀρχαίων,
744 2060 1015 2108 Damophilus,
1058 2060 1140 2106 ΙΙΙ,

604 2217 637 2259 Γ

102 2327 415 2379 Γενεαλογίαι,
451 2331 659 2375 Acusilaus,
687 2330 716 2373 I,
749 2343 833 2369 100.
859 2333 1069 2376 Hecataeus,
1104 2331 1138 2376 Ι,

160 2387 224 2426 25.
242 2388 467 2437 Simonides,
495 2389 550 2433 II,
572 2394 635 2432 42.
656 2391 866 2434 Damastes,
883 2389 937 2438 ΙΙ,
963 2390 1026 2432 64.
1062 2391 1142 2426 Sui-

159 2447 240 2492 das,
259 2446 314 2492 II,
334 2445 436 2495 465,
469 2460 506 2492 7.
523 2448 785 2496 EpimenideS,
801 2448 873 2496 IV,
897 2453 986 2492 404.
1008 2448 1063 2486 Cf.
1086 2449 1140 2484 tit.

159 2505 305 2542 Siciliae.

103 2560 192 2612 Περὶ
212 2562 364 2610 γενῶν,
386 2564 526 2607 Draco,
546 2562 615 2608 IV,
637 2567 726 2604 402.
747 2563 802 2600 Cf.
824 2565 881 2598 tit.
899 2564 1044 2602 Atticae.

103 2617 361 2671 Γεργίθιος,
380 2618 595 2665 Clearchus,
615 2620 669 2665 ΙΙ,
694 2621 779 2664 310,
808 2621 870 2657 25.

102 2676 351 2728 Γεωργικά,
371 2679 569 2726 Pythocles
586 2680 742 2724 Samius,
765 2679 836 2728 IV,
860 2679 944 2723 483,
972 2681 1007 2716 3.

105 2734 370 2785 Γιγαντιοίς,
390 2737 608 2784 Dionysius,
630 2736 703 2781 IV,
728 2736 819 2783 510,
845 2750 902 2773 10.

105 2791 193 2845 Περὶ
214 2792 454 2844 γιγάντων,
477 2793 695 2840 Aristocles,
715 2795 784 2840 IV,
805 2795 894 2841 331,
917 2797 954 2833 6.

105 2851 195 2903 Περὶ
243 2854 580 2903 γραμματικῆς,
633 2854 868 2902 Asclepiades
907 2854 1140 2903 Myrleanus,

157 2910 229 2957 III,
246 2923 338 2959 299.

105 2967 195 3020 Περὶ
217 2969 561 3019 γραμματικῶν,
582 2969 688 3005 Idem
702 2969 795 3005 ibid.

107 3025 196 3077 Περὶ
226 3029 458 3079 γραφικῆς,
499 3029 745 3076 Theophanes
784 3030 1030 3077 Mytilenaeas,
1065 3031 1145 3077 III,

161 3085 254 3134 316,
277 3099 313 3132 7.

108 3142 196 3195 Περὶ
214 3145 434 3195 γραφικῆς
449 3142 508 3181 καὶ
525 3142 729 3197 ζῳγράφων,
749 3146 859 3190 Juba,
880 3146 956 3197 III,
976 3147 1064 3195 481,
1082 3160 1141 3193 70.

160 3204 390 3252 Pamphilus,
411 3203 482 3251 IV,
505 3203 595 3246 466.

111 3259 198 3312 Περὶ
217 3260 401 3312 γρίφων,
425 3260 641 3308 Clearchus,
671 3262 723 3309 II,
742 3263 832 3312 321,
855 3262 918 3299 61.

2163 238 2237 277 ool

1704 319 1739 360 Δ

1207 425 1297 477 Περὶ
1313 426 1383 464 δέν
1395 427 1501 478 δρων
1515 457 1525 475 ,
1547 428 1767 480 Ctesiphon,
1784 431 1853 478 IV,
1875 433 1964 479 375.

1204 484 1534 532 Δευκαλιωνία,
1550 489 1781 534 Hellanicus,
1806 490 1839 535 I,
1863 492 1926 536 48,
1952 493 2011 531 15.

1206 541 1295 593 Περὶ
1317 543 1610 596 δημαγωγῶν,
1631 546 1869 594 Idomeneus,
1889 550 1939 595 ΙΙ,
1955 555 2044 599 491,
2066 573 2099 595 ι..

1203 599 1292 650 Περὶ
1303 603 1363 647 τῆς
1379 601 1654 653 Δημοκρίτου
1669 601 1805 651 λέξεως,
1818 608 2064 655 Hegesianax,
2083 611 2156 656 ΙΙΙ,
2174 611 2240 650 68.

1203 657 1260 696 Τὰ
1277 658 1343 710 πρὸ
1367 662 1428 706 τῆς
1445 659 1669 710 ἀναγνώσεως
1688 664 1756 699 τῶν
1773 664 2056 716 Δημοκρίτου
2083 668 2239 718 βι6λίων,

1257 720 1486 768 Thrasyllus,
1509 721 1580 766 III,
1597 719 1688 766 504,
1707 726 1745 765 4.

1202 777 1498 824 Δημοσθένης.
1513 781 1558 818 V.
1577 777 1779 829 Σύγκρισις.

1204 833 1294 886 Περὶ
1312 835 1461 885 δήμων
1475 863 1483 871 .
1500 839 1546 874 V.
1574 838 1630 875 tit.
1654 839 1785 874 Atticae
1804 846 1840 875 et
1860 840 2106 878 Alexandriae.

1205 892 1444 944 Διαδοχαί.
1468 894 1556 930 Vid.
1579 893 1793 947 Φιλοσόφων
1814 895 1987 947 διαδοχαί.

1203 948 1292 1000 Περὶ
1311 949 1578 999 διαθέσεως,
1598 953 1748 1002 Adaeus,
1768 953 1842 999 ΙΙΙ,
1867 955 1953 991 132.

1202 1007 1400 1059 Διᾶκοσμος
1415 1009 1589 1061 Τρωϊκός,
1612 1010 1884 1059 Apollodorus,
1903 1013 1931 1057 Ι,
1958 1012 2049 1064 459,
2074 1015 2160 1062 176.

1202 1067 1525 1114 Διδασκαλίαι,
1547 1069 1779 1116 Aristoteles,
1808 1071 1862 1117 ΙΙ,
1895 1072 1982 1119 184,
2015 1074 2104 1121 267.
2126 1076 2243 1124 Cary-

1257 1127 1348 1162 stius
1367 1127 1628 1175 Pergamenus,
1641 1127 1709 1173 IV,
1725 1128 1815 1177 359,
1840 1143 1899 1176 17.

1202 1182 1486 1233 Δικαιώματα
1506 1183 1653 1230 πόλεων,
1671 1187 1901 1233 Aristotcles,
1917 1187 1971 1234 II,
1996 1185 2063 1225 181
2075 1217 2082 1226 .

1202 1241 1296 1293 Πρὸς
1311 1241 1548 1293 Διόδωρον,
1568 1245 1743 1290 Phanias,
1758 1242 1819 1290 11⁴,
1843 1246 1936 1290 300,
1958 1251 2022 1289 24.

1201 1298 1413 1338 Διονύσου
1433 1300 1492 1337 καὶ
1520 1300 1662 1347 Ἀθηνᾶς
1694 1301 1880 1353 στρατεία,
1906 1306 2112 1354 Dionysius
2127 1308 2243 1355 Myti-

1260 1360 1418 1404 lenaeus,
1437 1359 1496 1404 II,
1524 1360 1546 1395 6
1563 1361 1598 1398 b.

1202 1414 1290 1466 Περὶ
1304 1418 1371 1452 τῶν
1384 1418 1480 1454 Διον
1490 1416 1508 1453 ύ
1517 1431 1563 1454 σο
1572 1431 1590 1453 υ
1602 1418 1744 1468 ἑορτῶν,
1756 1420 2002 1468 Pherecydes,
2014 1421 2046 1466 Ι,
2062 1435 2103 1470 p.
2116 1435 2243 1460 xxx1v.

1204 1473 1292 1524 Περὶ
1340 1477 1647 1512 Διονυσιακῶν
1687 1475 1853 1527 ἀγώνων,
1892 1480 2146 1527 Dicaearchus,
2182 1482 2242 1527 II,

1258 1537 1334 1580 249
1346 1561 1356 1581 ,
1379 1532 1442 1575 45.

1203 1589 1313 1627 Νῖκαι
1332 1591 1626 1628 Διονυσιακῶν
1651 1591 1801 1629 ἀστικῶν
1824 1591 1883 1630 καὶ
1898 1593 2075 1641 Ληναίων,
2096 1597 2242 1636 Aristo-

1269 1649 1359 1686 teles
1373 1678 1383 1694 ,
1402 1648 1461 1695 II,
1490 1649 1580 1685 182.

1205 1707 1293 1757 Περὶ
1313 1709 1371 1743 τοῦ
1389 1709 1492 1745 Διον
1505 1709 1687 1744 υσιακοῧ
1704 1708 1942 1759 συστήματος,
1959 1713 2139 1748 Artemon
2158 1714 2244 1750 Cas-

1256 1766 1466 1802 sandrensis
1480 1792 1490 1810 ,
1506 1767 1571 1810 IV,
1594 1765 1668 1809 342
1684 1793 1694 1811 ,
1726 1780 1739 1802 1
1752 1781 1786 1805 1.

1205 1822 1295 1875 Περὶ
1329 1825 1390 1869 τῆς
1422 1825 1482 1860 τοῦ
1514 1821 1617 1865 Διὸς
1657 1824 1877 1875 ἐπιφανείας,
1911 1828 2161 1875 Phylarchus,
2199 1829 2218 1866 I
2231 1856 2241 1874 ,

1255 1895 1295 1931 p.
1311 1894 1444 1922 Lxxm.
1458 1879 1671 1924 ’Λπόλλωνος
1683 1882 1890 1934 ἐπιφάνειαι,
1901 1886 2010 1929 Ister,
2024 1886 2055 1930 I,
2072 1891 2163 1932 422,
2177 1887 2239 1924 33,

1205 1939 1294 1987 Περὶ
1308 1942 1379 1976 τοῦ
1395 1937 1493 1981 Διὸς
1508 1937 1647 1989 κῳδίου,
1669 1942 1839 1987 Polemo»,
1863 1942 1938 1990 III,
1964 1944 2051 1990 143,
2071 1945 2134 1990 87.

1203 1996 1300 2040 Διὸς
1319 1995 1554 2048 πολυπτυχία,
1578 1999 1805 2048 Hellanicus,
1822 1999 1855 2044 I,
1878 2001 1947 2048 69,
1972 2006 2058 2047 174.

1701 2116 1737 2158 E

1203 2222 1292 2274 Περὶ
1312 2222 1358 2260 ἑὸ
1368 2224 1386 2261 δ
1394 2238 1411 2261 ο
1419 2239 1445 2273 μ
1455 2223 1476 2261 οἱ
1486 2224 1528 2262 δο
1536 2240 1550 2267 ς
1558 2254 1567 2271 ,
1575 2269 1579 2273 .
1588 2227 1694 2261 Philo
1711 2227 1895 2274 Beryfius,
1918 2226 1995 2272 ΙΙΙ,
2015 2226 2062 2262 35
2084 2236 2159 2266 not.

1204 2281 1293 2333 Περὶ
1315 2283 1330 2319 ἐ
1348 2284 1455 2319 θνῶν
1477 2285 1554 2319 sive
1588 2284 1692 2320 ἐθνῶν
1712 2283 1912 2332 ὀνομασίαι,
1949 2286 2175 2335 Hellanicus,
2199 2288 2238 2331 Ι,

1258 2341 1318 2387 57,
1336 2354 1400 2389 92.
1419 2343 1577 2390 Hippias
1592 2344 1722 2388 Eleus,
1745 2343 1796 2388 ΙΙ,
1813 2343 1862 2379 60
1880 2345 1913 2380 b.
1992 2370 1996 2375 -

1203 2396 1354 2436 Ἐθνῶν
1375 2397 1568 2449 κατάλογος
1584 2398 1643 2436 καὶ
1662 2398 1810 2451 πόλεων,
1833 2403 2024 2438 Damastes
2036 2404 2217 2452 Sigeensis
2229 2430 2239 2447 ‚

1254 2457 1311 2502 ΙΙ,
1335 2457 1400 2500 64.

1205 2514 1291 2566 Περὶ
1309 2515 1496 2552 ἐθωθίῶν
1517 2515 1587 2566 [9],
1610 2517 1718 2552 Philo
1737 2518 1911 2564 Byblius,
1933 2518 2012 2562 III,
2037 2517 2126 2558 560.

1205 2571 1297 2623 Πρὸς
1323 2572 1546 2619 Εἷδόθεον,
1567 2576 1758 2621 Socrates,
1778 2575 1847 2622 IV,
1869 2575 1967 2623 498,
1991 2576 2028 2614 8.

1203 2629 1559 2680 Ἐκδημητικός,
1580 2635 1651 2668 Ion
1671 2624 1796 2678 Chius,
1811 2633 1870 2677 ΙΙ,
1889 2634 1950 2677 45.

1203 2687 1418 2738 Ἐκλογαὶ
1446 2689 1619 2741 ἱστοριῶν,
1639 2691 1932 2740 Agatharchidas
1957 2692 2134 2740 Cnidius,
2156 2692 2215 2731 ΙΠ
2229 2720 2239 2737 ,

1261 2760 1346 2796 190.

1204 2803 1218 2818 ''
1231 2806 1379 2857 Ιῧκφρα
1392 2820 1470 2847 σις.
1491 2809 1534 2844 V.
1557 2808 1614 2845 tit.
1633 2808 1764 2844 Siciliae
1782 2815 1818 2843 et
1836 2808 2015 2846 Thraciae.

1205 2863 1474 2910 Ἑλλαδικός,
1497 2866 1672 2910 Polemo,
1689 2865 1741 2910 II,
1763 2877 1848 2909 112,
1875 2878 1962 2913 121,
1985 2867 2159 2911 20;123,
2180 2866 2241 2903 28.

1206 2918 1216 2931 ‘
1231 2919 1390 2966 Ελένης
1416 2920 1601 2970 ἐγκώμιον,
1623 2924 1779 2971 Gorgias
1794 2925 2012 2969 Leontinus,
2031 2924 2082 2970 II,
2098 2922 2146 2973 59
2165 2938 2204 2962 α.

1207 2976 1728 3030 Ἔντόπιοςὶστορία,Ζεῐιο,
1749 2979 1822 3025 ΙΙΙ,
1846 2985 1932 3027 174.

1209 3034 1296 3087 Περὶ
1314 3035 1683 3085 Ἐμπεδοκλέους,
1703 3039 1890 3084 Xanthus,
1910 3039 1942 3084 I,
1966 3044 2030 3084 44,
2056 3041 2115 3077 3ο.

1208 3093 1295 3144 Περὶ
1317 3092 1501 3137 ’ἐνδόξων
1534 3096 1679 3146 ἀνδρῶν,
1705 3098 1891 3133 Neanthes
1911 3098 2134 3145 Cyzicenus,
2153 3097 2210 3135 ΙΙΙ
2227 3126 2236 3141 ,

1261 3157 1296 3197 4,
1312 3152 1347 3189 8.
1366 3154 1561 3201 Megacles,
1573 3155 1641 3200 IV,
1654 3155 1743 3197 443.
1765 3156 2044 3203 Amphicrates,
2066 3155 2133 3200 IV,
2152 3154 2236 3192 300.

1263 3208 1336 3258 (Cf.
1359 3223 1472 3259 supra
1485 3225 1522 3249 v.
1547 3210 1628 3262 βίοι.
1647 3212 1657 3260 )

1210 3264 1296 3316 Περὶ
1330 3265 1508 3310 ἐνδόξων
1539 3269 1678 3320 ἰατρῶν,
1712 3270 1936 3318 Hermippus
1964 3270 2151 3316 Berytius,
2184 3268 2236 3313 II,

1264 3325 1327 3369 52,
1353 3325 1414 3371 73.

1212 3382 1299 3434 Περὶ
1315 3385 1381 3420 τῶν
1397 3382 1595 3436 ἐνύδρων,
1616 3386 1825 3430 Clearchus,
1849 3385 1899 3429 Il,
1922 3385 2009 3428 325,
2034 3383 2093 3428 73.

2023 3454 2066 3478 44.
