2372 3704
825 243 1114 283 ARMENIDAE
1147 243 1470 282 FRAGMENTA.

78 339 166 389 (τῶν
180 334 498 388 Πεισιστρατιδῶν)
511 334 739 379 καταστῆναι,
750 330 796 375 ὥς
807 328 1122 383 φησινἚρατοσθέ-

77 412 158 444 νης,
176 395 234 434 ἐπὶ
250 394 310 443 ἔτη
331 394 374 442 ν’,
391 397 451 432 τοῦ
475 391 638 444 ἀκριὸοῧς
652 389 911 442 διαμαρτάνων,
931 388 970 427 Ἀ
983 402 1122 439 ριστο-

78 454 240 508 φάνους
260 451 323 504 μὲν
349 451 610 503 τεσσαράκοντα
631 448 691 486 καὶ
714 447 750 485 ἓν
770 446 962 500 φήσαντος,
980 445 1124 499 Ἡροδό-

82 528 143 552 του
163 511 200 551 δὲ
215 510 248 556 ἓξ
270 511 331 550 καὶ
350 509 551 564 τριάκοντα.

131 573 191 608 Ibi
221 584 293 621 pro
326 566 586 621 Ἀριστοφάνους
614 567 804 614 Bentlejus
836 567 972 616 reponi
1004 566 1125 602 voluit

79 626 352 680 Ἀριστοτέλους.
375 627 490 676 Quod
505 628 534 664 si
555 634 609 663 est
620 654 630 673 ,
645 639 718 675 pro
735 623 996 676 τεσσαράκοντα
1010 622 1069 660 καὶ
1087 621 1123 660 ἓν

80 689 297 737 scripserim
315 685 532 732 πεντήκοντα
552 684 612 723 καὶ
640 683 688 731 ἓν,
707 686 760 721 ita
790 685 934 720 scilicet
958 691 1002 719 ut
1026 683 1118 719 Pisi·

79 754 195 784 strato
209 747 423 783 tribuantur
433 745 523 781 anni
533 744 596 790 33,
610 752 648 780 et
659 743 745 780 filiis
752 743 841 779 anni
856 755 870 778 1
879 742 917 788 8,
928 743 985 778 uti
996 748 1051 778 est
1059 753 1121 790 ap.

80 807 237 842 Aristot.
258 806 341 842 Pol.
357 807 404 850 V,
419 817 459 853 9,
479 803 544 849 23,
557 816 634 852 quo
648 804 687 838 in
698 814 857 838 numero
875 801 1126 850 comprehen—

81 864 226 901 duntur
252 865 343 900 anni
368 875 465 912 quos
490 863 531 898 in
553 863 667 899 exilio
698 862 774 910 egit
795 861 1023 896 Pisistratus.
1053 859 1126 895 Sed

80 923 322 973 probabilius
343 930 399 959 est
423 922 667 958 Aristotelem
684 921 732 956 ab
750 920 824 956 hoc
852 920 939 955 loco
962 919 1127 954 alienum

81 993 180 1028 esse,
201 982 258 1017 uti
276 987 380 1017 recte
402 980 587 1016 censuisse
612 978 791 1015 videntur
817 976 1051 1024 Bernhardy.
1078 975 1128 1011 ad

82 1041 273 1076 Eratosth.
290 1053 332 1088 p.
357 1039 447 1085 246,
463 1046 501 1075 et
511 1037 789 1074 Schneidewin.
805 1036 854 1072 ad
866 1035 1057 1072 Heraclid.
1072 1036 1129 1071 De

81 1098 181 1135 Reb.
200 1098 295 1147 pub.
316 1111 353 1147 p.
376 1110 440 1143 27.
464 1097 732 1145 Aristophanes
743 1102 881 1140 noster,
898 1094 1016 1130 modo
1027 1100 1129 1129 recte

83 1168 122 1193 se
140 1169 283 1193 nomen
312 1157 451 1192 habeat
463 1182 473 1200 ‚
504 1155 676 1202 sequitur
701 1153 863 1190 eundem
881 1160 1104 1201 computum
1117 1179 1126 1196 ‚

84 1227 198 1263 quem
213 1214 339 1252 reddit
355 1216 539 1250 Isocrates
555 1215 611 1249 De
633 1213 729 1261 bigis
755 1225 815 1257 10,
837 1225 877 1260 p.
901 1210 970 1247 351
987 1238 997 1255 ‚
1019 1213 1063 1247 D.
1085 1213 1127 1247 V.

85 1273 251 1311 Clinton.
267 1272 310 1310 F.
329 1273 424 1309 Hell.
444 1274 497 1320 ΙΙ,
515 1285 552 1320 p.
569 1271 658 1307 218.

384 1469 822 1543 ARMENmAs.

484 1614 733 1652 ΘΗΒΑΙΚΑ.
856 1570 866 1580 ·

593 1722 626 1747 1.

145 1799 273 1835 Schol.
290 1799 418 1847 Apoll.
431 1799 547 1842 Rh.I,
571 1796 642 1833 551
667 1810 674 1834 ε
694 1795 897 1847 Ἀρμενίδας
912 1796 945 1832 ἐν
965 1799 1034 1838 τοῖς
1051 1794 1132 1839 Θη-

93 1855 227 1899 ὅαῖκοῖς
251 1855 486 1908 (Μεγαρικοῖς
512 1856 601 1892 cod.
629 1855 771 1905 Paris.)
793 1852 1042 1904 Ἀμφικτύονος
1061 1852 1132 1890 υἱὸν

93 1913 229 1954 Ἰτωνὸν
250 1916 285 1953 ἐν
305 1914 492 1966 Θεσσαλίᾳ
518 1916 724 1966 γεννηθῆναι
746 1913 924 1965 (γενέσθαι
941 1913 1028 1951 cod.
1049 1914 1133 1949 Par.

93 1988 146 2013 sc.
164 1972 283 2025 φησὶ),
307 1974 367 2025 ἀφ’
381 1968 420 2010 οἷ
439 1971 541 2012 Ἴτων
562 1971 661 2014 πόλις
676 1971 737 2009 καὶ
755 1971 886 2014 Ἰτωνὶς
903 1970 1041 2017 Ἀθηνᾶ.
1073 1971 1131 2009 Cf.

95 2034 245 2069 Miiller.
265 2035 363 2069 Min.
380 2034 421 2081 p.
443 2032 533 2080 391,
552 2031 588 2068 5.
610 2033 666 2067 De
687 2032 798 2067 Itono
832 2038 1012 2078 tanquam
1032 2037 1140 2078 patre

94 2093 216 2128 Boeoti
238 2105 274 2128 v.
302 2093 445 2139 Unger.
468 2091 588 2127 Theb.
611 2090 747 2127 Parad.
769 2102 808 2137 p.
831 2088 919 2132 455.

601 2173 634 2195 2.

148 2237 255 2273 Idem
275 2238 314 2282 1,
342 2241 412 2283 741
438 2249 446 2271 ε
468 2233 552 2273 ςὈτι
571 2234 606 2272 δὲ
630 2233 868 2281 ἠκολούθησαν
896 2235 938 2285 τῇ
960 2232 1142 2285 Ἀμφίονος

98 2294 188 2347 λύρᾳ
206 2295 237 2345 οἱ
251 2293 339 2332 λίθοι
359 2292 563 2344 αὐτόματοι,
576 2294 705 2345 ἱστορεῖ
722 2292 780 2330 καὶ
795 2290 1027 2342 Ἀντιμενίδας
1048 2291 1139 2341 (scr.

99 2352 323 2405 Ἀρμενίδας)
343 2353 377 2391 ἐν
397 2350 542 2404 πρώτῳ,
560 2350 622 2397 τὴν
637 2351 673 2389 δὲ
693 2350 801 2403 λύραν
821 2351 959 2397 δοθῆναι
984 2349 1142 2402 Ἀμφίονι

78 2421 79 2425 ’
98 2410 164 2449 ὑπὸ
180 2412 330 2450 Μουσῶν
345 2425 442 2463 φησι.
460 2411 554 2447 Ead.
578 2411 753 2447 Eudocia
766 2424 805 2459 p.
826 2409 915 2448 280.

604 2481 640 2517 3.

152 2557 309 2594 Photius
332 2559 418 2594 Lex.
439 2569 447 2594 ζ
472 2555 656 2608 Μακάρων
670 2559 785 2602 νῆσοι·
807 2559 828 2602 ἡ
864 2556 1053 2607 ἀκρόπολις
1073 2559 1141 2595 τῶν

489 2695 757 2733 ΤΗΕΒΑῙΟΑ.

611 2781 642 2811 1.

148 2851 334 2883 Armenidas
355 2851 387 2883 in
405 2850 570 2883 'thebaicis
592 2851 833 2892 Amphictyonis
858 2852 958 2883 filium
977 2854 1104 2884 ltonum
1119 2853 1150 2884 in

105 2902 265 2934 Thessalia
274 2903 386 2934 natum
397 2911 464 2933 esse
475 2901 564 2940 dicit,
575 2910 593 2932 a
606 2910 671 2942 quo
683 2903 753 2934 lton
767 2902 842 2934 urbs
852 2904 884 2934 et
899 2903 996 2934 utonis
1010 2903 1152 2934 Minerva

105 2956 298 2995 nuncupatae
310 2955 382 2986 sint.

610 3010 644 3042 2.

144 3062 196 3105 vAd
210 3071 306 3095 sonos
327 3063 406 3103 lyrae
430 3063 619 3104 Amphionis
642 3072 718 3099 saxa
744 3072 803 3096 sua
819 3065 932 3104 sponte
953 3065 1152 3105 consurgisse

106 3115 292 3147 Armenidas
316 3124 445 3156 quoque
461 3116 492 3147 in
520 3116 601 3147 libro
626 3117 730 3157 primo
758 3118 885 3155 narrat,
911 3117 1014 3156 lyram
1036 3126 1112 3148 vero
1134 3126 1151 3147 a

106 3169 206 3200 Musis
223 3168 390 3208 Amphioni
406 3168 513 3200 datam
527 3178 606 3201 esse.

613 3225 646 3256 3.

148 3278 337 3309 Beatorum
355 3278 489 3310 insula).
513 3278 562 3309 Sic
577 3278 653 3310 olim
671 3278 852 3310 Thebarum
867 3278 898 3309 in
916 3278 1037 3310 Boeotia
1062 3287 1136 3308 acro

107 3328 186 3368 polis
202 3330 314 3360 vocata
323 3352 331 3368 ‚
345 3330 424 3360 teste
437 3329 618 3362 Armenida.

611 3386 644 3418 4.

153 3439 340 3471 Armenidas
355 3438 482 3471 scribit:
500 3452 513 3466 α
528 3432 632 3480 Atque
642 3446 734 3480 rogos
749 3440 867 3471 faciunt
886 3440 1006 3480 septem
1026 3439 1057 3470 in
1071 3438 1153 3470 colii-

2143 251 2162 282 3
2170 252 2188 282 3
2195 253 2216 283 9

1185 329 1220 367 ἐν
1233 329 1382 381 Βοιωτίᾳ
1399 327 1531 375 Θηόῶν
1553 327 1591 366 τὸ
1612 328 1773 374 παλαιὸν,
1803 331 1848 371 ὡς
1870 329 2055 380 Ἅρμένδας
2077 329 2135 379 (Ἀ
2145 345 2223 382 ρμε-

1186 387 1278 430 νίδας
1315 399 1387 427 em'.
1415 389 1572 425 Fiorillo
1605 389 1644 422 in
1677 388 1819 423 Herod.
1854 390 1966 424 Attic.
1994 402 2034 437 p.
2074 402 2087 424 1
2102 402 2163 435 17,
2191 398 2225 425 et

1185 446 1405 496 Gaisford.).
1423 446 1564 483 Eadem
1574 445 1709 482 Suidas
1717 446 1784 481 ubi
1793 448 1958 482 auctoris
1970 459 2108 483 nomen
2124 448 2226 498 Παρ-

1186 503 1605 555 μενίδης.-Αι-πιειιίᾶεε
1613 516 1752 540 nomen
1760 503 2034 540 fortasselatere
2042 516 2105 554 ap.
2118 506 2223 543 Suid.

1185 579 1222 604 v.
1246 563 1410 613 Καδμεία
1426 563 1503 610 νίκη
1521 565 1732 613 suspicatur
1755 562 1985 611 Bernhardy.
1999 563 2092 599 Vide
2119 565 2228 611 Lysi-

1185 625 1310 660 machi
1326 624 1371 662 fr.
1388 636 1424 670 7.
1441 625 1497 659 De
1510 630 1641 658 nostro
1660 622 1747 657 loco
1760 621 1808 657 cf.
1826 621 1978 658 Miiller.
1992 622 2018 656 l.
2037 622 2063 656 1.
2078 634 2119 670 p.
2138 634 2227 668 217.

1692 720 1729 758 [0.

1241 806 1366 843 Schol.
1383 805 1562 843 Pind.Ol.
1581 803 1704 848 vl,23
1719 815 1727 840 :
1742 799 1878 840 Ἑπτὰ
1899 799 2049 838 ἔπειτα
2069 802 2230 853 πυρᾶν]

1190 861 1437 915 Ἀριστόδημος
1455 862 1540 914 φησὶ
1554 860 1617 903 τὰς
1635 860 1723 898 ἑπτὰ
1737 858 1848 911 πυρὰς
1869 854 1957 896 εἶναι
1976 860 2044 896 τῶν
2062 873 2234 911 στρατιω-

1188 923 1256 960 τῶν
1274 923 1341 959 τῶν
1371 917 1646 969 ἀπολομένων...
1683 917 1716 957 Ἀ
1724 916 1853 970 ρμενιδ’
1886 918 1981 967 (scr.
2011 915 2233 969 Ἀρμενίδας)

1189 980 1329 1034 γράφει·
1344 998 1357 1013 ι
1375 978 1448 1018 Καὶ
1473 974 1586 1029 πυρὰς
1602 980 1778 1019 ποιοῦντες
1797 975 1886 1014 ἑπτὰ
1902 975 1958 1013 ἐπὶ
1974 981 2045 1019 τοῖς
2070 974 2233 1028 ἕρμασιν,

1191 1042 1338 1079 ἐνταῦθα
1352 1036 1438 1076 ὅπου
1453 1034 1770 1076 καλοῦνταιἛπι-ὂι
1783 1034 1912 1088 πυραὶ,
1933 1034 1955 1080 ἢ
1973 1034 2042 1072 ἀπὸ
2060 1036 2128 1072 τῶν
2146 1033 2235 1072 ἑπτὰ

1192 1099 1249 1137 ἐπὶ
1266 1096 1405 1145 Θήὸαις
1427 1095 1450 1143 ἢ
1469 1095 1540 1133 ἀπὸ
1557 1097 1626 1133 τῶν
1640 1094 1730 1132 ἑπτὰ
1753 1094 1886 1132 παίδων
1906 1092 2037 1140 Νιόόης
2058 1094 2130 1131 ἐκεῖ
2148 1108 2235 1130 καυ-

1195 1157 1335 1202 θέντων,
1360 1157 1476 1206 (adde
1495 1153 1537 1203 ἢ)
1560 1153 1629 1191 ἀπὸ
1659 1156 1727 1191 τῶν
1746 1154 1802 1199 ιδ’,
1821 1154 2055 1203 χωρισθεισῶν
2075 1154 2142 1189 τῶν
2173 1167 2239 1189 συ-

1194 1218 1329 1266 ζυγιῶν.
1355 1233 1370 1248 »
1392 1215 1447 1251 Cf.
1474 1214 1628 1250 Boeckh.
1661 1213 1709 1248 ad
1743 1215 1781 1249 h.
1816 1215 1838 1250 l.
1863 1221 1899 1248 et
1924 1212 2028 1248 Praef.
2049 1212 2097 1248 ad
2117 1212 2236 1247 schol.

1194 1288 1234 1323 p.
1267 1275 1417 1310 XXIII.
1454 1273 1643 1319 Loquitur
1684 1272 1722 1306 h.
1754 1273 1778 1307 l.
1809 1271 2029 1307 Armenidas
2069 1270 2114 1306 de
2146 1269 2239 1305 festo

1196 1333 1363 1381 quodam
1379 1330 1558 1366 Thebano
1576 1329 1706 1378 (cujus
1723 1328 1946 1378 significatio
1969 1329 2242 1376 chronologica

1196 1391 1340 1438 fuerit).

1703 1473 1737 1510 5.

1252 1545 1382 1593 steph.
1407 1545 1495 1590 Byz.
1520 1555 1528 1579 :
1552 1539 1751 1594 Ἁλίαρτος,
1768 1539 1864 1583 πόλις
1883 1540 2098 1582 Βοιωτίας...
2121 1541 2243 1592 Ἀρμε-

1204 1602 1298 1645 νίδας
1331 1601 1364 1639 δὲ
1383 1603 1432 1653 τῷ
1454 1617 1471 1652 ρ
1508 1599 1683 1651 Ἀρίαρτόν
1717 1614 1835 1650 φησιν.
1877 1598 1934 1638 Cf.
1973 1602 2120 1636 Miiller.
2158 1603 2183 1638 l.
2219 1603 2243 1638 l.

1198 1676 1235 1711 p.
1258 1661 1347 1705 481.

1702 1724 1738 1760 6.

1253 1815 1450 1850 Athenaeus
1470 1816 1501 1857 Ι,
1526 1826 1565 1861 p.
1591 1812 1632 1848 31
1650 1839 1659 1856 ,
1682 1815 1713 1848 Α
1732 1824 1739 1848 ;
1760 1810 1979 1862 Ἰἰπίχαρμος
2004 1810 2038 1848 δὲ
2058 1807 2246 1848 ἆπότινων

1202 1872 1373 1911 Βιὸλίνων
1393 1871 1495 1924 φησὶν
1516 1869 1617 1907 αὐτὸν
1634 1869 1710 1920 (τὸν
1725 1864 1813 1907 οἶνον
1828 1869 2009 1921 Βίὸλινον)
2028 1869 2244 1920 ὠνομάσθαι.

1201 1930 1403 1983 Ἀρμενίδας
1424 1929 1460 1967 δὲ
1479 1932 1539 1975 τῆς
1558 1927 1702 1981 Θρᾴκης
1716 1928 1820 1981 φησὶν
1846 1922 1933 1966 εἶναι
1952 1928 2071 1980 χώραν
2100 1927 2161 1973 τὴν
2182 1930 2247 1967 Βι-

1203 1988 1316 2036 ὅλίαν,
1339 1989 1381 2035 ἣν
1399 1983 1492 2030 αὖθις
1512 1986 1672 2039 Τισάρην
1700 1986 1758 2024 καὶ
1779 1986 1944 2036 Οἰσύμην
1963 1988 2248 2038 προσαγορευθῆω

1202 2063 1271 2084 ναι.
1293 2049 1404 2085 Unde
1423 2049 1501 2083 haec
1519 2047 1636 2096 petita
1657 2048 1730 2082 sint
1747 2047 1945 2082 incertum.

1256 2107 1499 2142 Casaubonus
1511 2106 1583 2153 leg.
1601 2105 1816 2152 suspicatur
1826 2093 1867 2149 ἣν
1879 2103 2102 2154 Ἀντισάρην.
2118 2104 2246 2152 steph.

1203 2166 1242 2200 Β.
1268 2178 1275 2199 :
1300 2163 1504 2214 Ἀντίσαρα,
1521 2162 1666 2200 ἐπίνειον
1686 2163 1869 2207 Δατηνῶν.
1894 2161 2124 2213 Ἡρωδιανός·
2143 2179 2156 2194 r«
2173 2161 2247 2200 Ἀν-

1204 2221 1354 2274 τισσάρη
1366 2251 1375 2268 ,
1390 2220 1449 2258 καὶ
1466 2219 1553 2266 αὕτη
1575 2220 1673 2262 πόλις
1684 2235 1692 2243 ·
1708 2218 1793 2263 τινὲς
1810 2219 1845 2257 δὲ
1872 2220 2009 2271 Τισάρη
2026 2219 2210 2272 γράφουσι.

1713 2327 1749 2359 7.

1259 2383 1464 2431 Hesychius
1483 2396 1490 2417 z
1510 2380 1519 2393 ’
1534 2380 1707 2427 liv06ioe,
1721 2379 1901 2432 Ἄρτεμις,
1923 2381 1997 2418 ἐπεὶ
2014 2380 2249 2430 κυνηγητική,

1207 2443 1252 2483 ὡς
1287 2439 1544 2491 Ἀνδρομενίδης
1576 2443 1584 2492 (
1602 2439 1802 2491 Ἀρμενίδης
1841 2441 1940 2487 conj.
1985 2432 2105 2477 Vales.
2126 2442 2150 2489 ).
2191 2439 2246 2477 Cf.

1206 2503 1328 2548 Etym.
1353 2502 1404 2537 M.
1429 2513 1435 2535 t
1455 2498 1616 2545 Ἐνοδία,
1636 2502 1658 2544 ἡ
1684 2497 1819 2544 Ἑκάτη
1834 2528 1844 2547 .,
1864 2499 1937 2535 ἐπεὶ
1960 2498 2117 2549 κυνηγός.
2142 2497 2251 2550 Ἥρα-

1211 2557 1360 2604 κλείδης.

1210 2668 1279 2707 hus,
1295 2668 1348 2700 ubi
1361 2669 1429 2700 sitae
1440 2670 1515 2700 sunt
1525 2671 1653 2709 Septem
1665 2668 1742 2709 rogi,
1755 2677 1835 2708 quos
1846 2668 1888 2699 ita
1903 2670 2030 2707 vocant,
2043 2669 2124 2699 auta
2133 2670 2254 2707 septem

1210 2722 1321 2753 contra
1334 2721 1459 2753 Thebas
1475 2721 1628 2759 ducibus,
1652 2722 1709 2751 aut
1729 2728 1748 2751 a
1761 2720 1870 2751 Niobae
1893 2720 1964 2752 filiis
1982 2722 2102 2760 septem
2119 2720 2161 2751 ibi
2178 2728 2254 2751 eon·

1211 2774 1358 2806 crematis
1381 2774 1430 2806 vel
1447 2783 1465 2805 a
1489 2773 1745 2814 quattuordecim
1770 2773 1912 2812 ejusdem
1936 2773 2042 2804 liberis
2066 2773 2099 2804 in
2114 2773 2255 2813 syzygias

1210 2825 1365 2857 distinctis
1390 2825 1400 2865 (
1415 2825 1458 2856 iia
1470 2827 1505 2856 ut
1521 2825 1585 2857 bini
1612 2825 1645 2855 in
1659 2824 1787 2864 singulis
1803 2825 1884 2864 rogis
1900 2826 2182 2856 concremarentur
2196 2825 2219 2863 ).
2237 2837 2252 2851 υ

1714 2895 1748 2926 5.

1254 2968 1430 3006 Haliartii&
1455 2966 1530 2997 urbs
1554 2966 1695 2997 Boeotiae.
1718 2965 1905 2996 Armenides
1922 2974 1997 2997 vero
2017 2974 2072 3005 per
2095 2974 2114 2996 r
2133 2966 2255 2996 literam

1214 3020 1377 3051 uarias-tus
1389 3019 1508 3050 scribit.

1716 3073 1749 3104 6.

1256 3146 1463 3186 Epicharmus
1477 3144 1636 3176 Biblinum
1652 3145 1761 3175 vinum
1777 3152 1796 3175 a
1808 3144 1999 3184 quibusdam
2014 3143 2145 3175 Biblinis
2163 3143 2256 3174 deno-

1215 3200 1369 3230 minatum
1385 3198 1439 3229 ait.
1457 3197 1643 3229 Armenidas
1659 3205 1735 3229 vero
1748 3197 1826 3229 dicit
1842 3197 1985 3229 Thraciae
1997 3197 2155 3236 regionem
2171 3203 2236 3226 esse
2246 3218 2254 3233 ‚

1215 3259 1286 3291 quoe
1304 3252 1411 3290 postea
1424 3249 1531 3281 Tisare
1544 3250 1576 3280 et
1590 3250 1726 3289 OEsyme
1743 3250 1854 3281 vocata
1867 3250 1919 3280 sit.

1718 3321 1751 3351 7.

1257 3386 1391 3425 Ἐνοδία,
1405 3388 1440 3417 in
1459 3387 1525 3417 viis
1543 3394 1703 3422 versans,
1721 3386 1821 3417 Diana
1837 3385 1964 3422 (licitur,
1979 3383 2090 3423 utpote
2100 3379 2240 3412 venatrix

1217 3439 1294 3470 teste
1309 3437 1475 3469 Armenida
1487 3438 1535 3477 (Ρ).
