2372 3704
1015 210 1348 251 FRAGMENTA.

117 298 246 342 oritus,
257 295 582 345 Philostephanus,
596 296 813 335 Archelaus.
826 297 931 333 Idem
939 297 1071 334 fecerit
1080 299 1105 334 A
1112 299 1157 334 ri-

2175 230 2244 265 331

1221 299 1368 345 στοκλῆς
1387 298 1447 336 καὶ
1467 298 1586 338 τούσδε
1604 302 1637 338 ἐν
1652 303 1700 353 τῷ
1720 303 1810 355 Περὶ
1830 309 1996 354 μουσικῆς
2011 307 2152 361 γράφων
2172 303 2259 348 ὧδε·

114 356 262 391 stocles.
278 376 331 382 —-
347 354 461 403 Apud
472 355 592 394 schol.
606 355 794 393 Theocrit.
809 357 894 400 XV,
913 355 961 397 64
982 356 1160 392 laudatur
1220 373 1235 389 a
1254 356 1438 409 Μαγῳδός·
1455 352 1552 401 οὗτος
1571 357 1607 396 δέ
1627 360 1719 396 ἐστιν
1735 362 1753 397 ὁ
1766 360 1867 405 αὐτὸς
1886 365 1934 414 τῷ
1946 365 2120 419 λυσιῳδῷ.
2138 385 2154 402 »

115 411 354 464 Ἀριστοτέλης
370 413 404 450 ἐν
421 413 471 464 τῷ
485 412 574 464 Περὶ
590 411 778 464 Ἑρμιόνης
802 413 967 463 (Cereris
981 415 1157 450 Hermio-

38 478 57 498 ·
108 470 260 519 nensis)
289 470 396 521 ἱεροῦ.
418 471 496 508 Ubi
513 473 722 508 Wartonus
750 484 823 520 pro
843 473 1042 508 Aristotele
1061 473 1158 509 forte

112 529 421 577 Aristophanem,
444 530 629 566 Prellerus
650 528 725 579 (ad
746 531 889 566 Polem.
910 543 951 579 p.
975 530 1046 580 59)
1068 535 1158 567 Ari-

112 587 246 623 stidem
270 589 406 636 reponi
421 587 503 623 vult
523 587 591 636 (V.
612 588 824 624 Aristotelis
848 588 894 624 fr.
919 589 978 637 2).
1009 590 1048 626 Si
1064 589 1159 638 quid

113 646 336 683 mutandum
345 673 356 692 ,
373 646 547 696 suspicor
560 647 745 695 scriptum
761 646 870 684 fuisse
883 649 1100 685 Aristocles.

426 731 546 770 ΠΕΡΙ
575 732 846 772 ΓΙΓΑΝΤΩΝ.

613 820 652 858 6.

165 888 322 924 Photius
331 890 422 927 Lex.
438 901 447 925 :
468 889 506 926 M
517 886 528 926 ί
535 891 628 936 νθα,
645 887 684 927 τὸ
695 890 779 941 παρ’
794 889 893 933 ἐνίοις
907 890 1095 942 ἡδύοσμον·
1112 893 1160 937 εἷς

113 943 131 982 ὃ
156 944 388 993 μεταὸάλλειν
410 945 495 998 φασὶ
514 943 576 992 τὴν
596 944 701 1002 ᾍδου
723 946 931 995 παλλακὴν,
955 949 1013 1002 ἀφ’
1039 945 1080 997 ἧς
1099 950 1159 988 καὶ

113 1001 152 1040 τὸ
179 1002 260 1054 περὶ
289 1002 352 1049 τὴν
384 997 490 1043 ’Ἦλιν
523 1003 616 1056 ὅρος·
648 1005 838 1052 Ζηνόδοτος
874 1004 910 1044 δὲ
922 1040 926 1044 .
940 1006 1003 1053 τὴν
1034 1006 1158 1060 ’Ίυγγα

114 1062 173 1098 ὑπ’
190 1060 287 1099 ἐνίων
307 1061 443 1100 Μίνθαν
464 1061 648 1114 λέγεσθαι,
669 1063 841 1117 θυγατέρα
863 1064 926 1115 μὲν
947 1059 1052 1104 οὖσαν
1070 1069 1158 1105 Πει-

112 1122 210 1168 θοῦς,
228 1118 346 1159 Ναΐδα
366 1120 401 1158 δὲ
421 1120 576 1175 νύμφην·
597 1121 820 1173 Ἀριστοκλῆς
838 1122 872 1161 δὲ
891 1125 927 1162 ἐν
937 1126 986 1176 τῷ
1004 1125 1093 1178 Περὶ
1108 1141 1158 1178 γι-

112 1177 248 1229 γάντων
268 1180 524 1227 διαπλασθῆναι
543 1179 602 1218 τὸν
623 1180 678 1219 ἐπ’
694 1182 782 1234 αὐτῇ
804 1185 909 1232 μῦθον
932 1183 988 1221 διὰ
1004 1183 1044 1223 τὸ
1062 1200 1159 1237 καρ-

112 1237 223 1280 πῶδες
245 1237 377 1290 εὑρεθὲν
395 1241 444 1290 τῷ
463 1242 767 1292 καταφρονηθῆναι
786 1239 824 1278 τὸ
841 1240 960 1293 φυτόν.

165 1298 359 1334 Postrema
387 1311 496 1335 sensu
522 1306 665 1338 carent.
688 1300 908 1348 scripserim
928 1298 986 1336 διὰ
1010 1298 1049 1338 τὸ
1077 1315 1159 1354 ναρ-

114 1353 222 1396 κῶδες
242 1369 271 1395 ε.
290 1370 325 1392 τ.
358 1358 668 1407 καταφρυγηθῆναι
695 1358 757 1393 vel
778 1356 1033 1408 κατατριὸἧναι
1056 1357 1095 1396 τὸ
1117 1374 1155 1412 φ.

113 1413 296 1449 Fabulam
306 1415 509 1450 Aristocles
520 1415 624 1451 haud
636 1415 752 1452 dubie
767 1427 849 1451 eam
858 1418 1027 1465 respicit,
1045 1431 1159 1466 quam

112 1470 237 1507 innuit
250 1472 370 1510 schol.
392 1472 441 1508 ad
455 1473 615 1511 Nicand.
642 1474 749 1510 Alex.
779 1473 853 1521 374
879 1486 889 1513 :
913 1474 1028 1522 Μίνθη
1052 1474 1158 1531 ᾍδου

111 1527 276 1574 παλλακὴ
296 1527 386 1566 οὕτω
413 1529 633 1580 καλουμένη,
649 1530 692 1578 ἢν
711 1531 996 1584 διεσπάραξεν
1018 1536 1041 1580 ἡ
1062 1536 1156 1586 Περ-

111 1585 257 1638 σεφόνη,
283 1585 335 1639 ἐφ’
357 1581 382 1638 ᾗ
399 1584 460 1633 τὴν
490 1587 675 1639 ὁμώνυμον
697 1588 786 1627 πόαν
811 1588 981 1628 ἀνέδωκεν
997 1594 1016 1629 ὁ
1032 1590 1157 1648 ”ᾼ’δης.

110 1645 166 1682 Cf.
190 1646 355 1695 Oppian.
386 1648 471 1686 Hal.
497 1648 575 1694 111,
606 1648 704 1694 486;
730 1649 864 1685 Pollux
886 1651 959 1687 On.
981 1652 1051 1697 VI,
1083 1652 1154 1699 683

115 1704 227 1740 Ovid.
248 1706 340 1742 Met.
364 1706 423 1752 X,
457 1718 544 1756 729·
572 1708 629 1743 De
659 1714 789 1744 monte
815 1720 852 1747 v,
874 1709 1010 1746 Strabo
1042 1712 1154 1757 VIII,

110 1775 151 1811 Ρ·
174 1762 265 1807 344.

412 1844 537 1884 ΠΕΡΙ
565 1845 847 1885 ΜΟΥΣΙΚΗΣ.

617 1946 653 1979 7.

165 2001 363 2037 Athenaeus
375 2002 478 2047 XIV,
498 2014 536 2050 p.
558 2001 655 2048 620,
671 2005 705 2039 D
726 2015 734 2038 ι
758 2001 829 2040 Καὶ
843 2003 874 2039 οἱ
893 2002 1100 2054 καλούμενοι
1119 2003 1155 2042 δὲ

113 2055 296 2109 Ἱλαρῳδοὶ
315 2056 396 2108 (οὒς
415 2062 474 2096 νῦν
492 2058 581 2102 τινὲς
600 2058 782 2111 Σιμῳδοὺς
805 2061 982 2109 καλοῦσιν,
996 2063 1042 2105 ὡς
1061 2061 1155 2114 Ἀρι-

112 2116 261 2161 στοκλῆς
277 2130 380 2167 φησιν
401 2117 435 2154 ἐν
450 2115 579 2168 πρώτῳ
595 2116 683 2169 Περὶ
695 2119 824 2170 χορῶν,
845 2121 893 2170 τῷ
909 2118 967 2158 τὸν
981 2119 1155 2172 Μάγνητα

1564 463 1684 517 ΠΕΡΙ
1712 464 1901 506 ΧοΡΩΝ.

1726 557 1765 596 8.

1536 651 1567 686 E
1593 651 1743 688 Lumo
1771 653 1941 691 PRIMO.

1271 743 1328 778 De
1340 742 1522 779 hilarodis
1535 750 1573 779 et
1587 743 1756 782 simodis,
1772 745 1866 782 Vide
1878 745 2011 795 fragm.
2028 749 2262 787 antecedens.

1220 800 1328 837 Adde
1343 801 1480 838 Athen.
1499 802 1604 848 XIV,
1624 814 1665 850 p.
1690 802 1779 850 621,
1804 803 1861 842 B:
1890 803 2103 855 Σεμνότερος
2130 805 2166 843 δὲ
2192 808 2263 845 τῶν

1219 856 1384 895 τοιούτων
1397 858 1471 896 ἐστὶ
1490 861 1645 906 ποιητῶν
1657 860 1851 912 ὁὶλαρῳδὸς
1858 861 2079 911 καλούμενος.
2089 862 2182 902 Οὐδὲ
2194 864 2262 917 γὰρ

1221 915 1428 967 σχινίζεται·
1447 919 1576 970 χρῆται
1597 917 1626 955 δ’
1656 918 1773 964 ἐσθῆτι
1792 919 1898 971 λευκῇ
1920 920 2078 972 ἀνδρείᾳ,
2096 920 2156 959 καὶ
2177 936 2262 960 στε-

1221 977 1387 1025 φανοῦται
1409 979 1559 1028 χρυσοῦν
1586 974 1772 1029 στέφανον·
1791 976 1851 1014 καὶ
1869 976 1907 1015 τὸ
1927 976 1989 1028 μὲν
2009 979 2158 1017 παλαιὸν
2178 981 2264 1018 ὓπο-

1222 1031 1372 1082 δήμασιν
1390 1034 1535 1086 ἐχρῆτο,
1558 1033 1603 1078 ὥς
1622 1049 1726 1088 φησιν
1745 1037 1762 1072 ὁ
1783 1034 2021 1087 Ἀριστοκλῆς,
2044 1040 2103 1075 νῦν
2122 1036 2158 1075 δὲ
2176 1053 2264 1091 κρηι-

1223 1097 1314 1129 πῖσι.
1350 1092 1497 1131 Ψάλλει
1529 1092 1557 1130 δ’
1581 1094 1677 1145 αὐτῷ
1697 1092 1805 1145 ἄρρην
1835 1091 1857 1140 ἢ
1887 1093 2025 1142 θήλεια,
2054 1096 2101 1139 ὡς
2126 1095 2187 1133 καὶ
2214 1099 2264 1148 τῷ

1220 1150 1379 1202 αὐλῳδῷ.
1402 1149 1545 1188 Δίδοται
1566 1150 1602 1189 δὲ
1629 1153 1647 1188 ὃ
1675 1151 1839 1204 στέφανος
1865 1153 1916 1204 τῷ
1944 1153 2106 1206 ἱλαρῳδῷ
2133 1154 2192 1192 καὶ
2213 1157 2262 1208 τῷ

1221 1208 1384 1260 αὐλῳδῷ,
1398 1209 1436 1246 οὗ
1449 1211 1499 1261 τῷ
1512 1208 1628 1261 ψάλτῃ
1639 1239 1649 1258 ,
1667 1208 1745 1247 οὐδὲ
1759 1211 1808 1262 τῷ
1825 1211 1958 1262 αὐλητῇ
1964 1240 1973 1250 .
1992 1210 2038 1250 ‘0
2052 1211 2088 1250 δὲ
2104 1213 2264 1265 μαγῳδὸς

1221 1265 1433 1316 καλούμενος
1446 1267 1612 1317 τύμπανα
1627 1267 1719 1320 ἔχει,
1735 1267 1795 1305 καὶ
1809 1267 1976 1318 κύμὸαλα
1986 1298 1996 1315 ,
2010 1269 2070 1307 καὶ
2087 1270 2202 1309 πάντα
2217 1270 2260 1309 τὰ

1221 1323 1301 1375 περὶ
1333 1324 1437 1363 αὐτὸν
1465 1324 1642 1375 ἐνδύματα
1670 1331 1869 1376 γυναικεῖα·
1890 1327 2081 1379 σχινίζεταί
2113 1344 2169 1376 τε,
2203 1330 2263 1367 καὶ

1223 1381 1340 1419 πάντα
1366 1387 1458 1420 ποιεῖ
1478 1382 1522 1421 τὰ
1544 1383 1608 1428 ἔξω
1626 1383 1783 1434 κόσμου,
1809 1384 2075 1437 ὑποκρινόμενος
2095 1385 2180 1425 ποτὲ
2200 1387 2263 1437 μὲν

1219 1441 1367 1491 γυναῖκα
1385 1442 1445 1480 καὶ
1475 1442 1617 1494 μοιχοὺς
1644 1444 1704 1481 καὶ
1730 1443 1969 1495 μαστροποὺς,
1989 1444 2072 1483 ποτὲ
2098 1445 2132 1483 δὲ
2153 1445 2262 1497 ἄνδρα

1221 1498 1390 1549 μεθύοντα
1408 1500 1469 1539 καὶ
1487 1501 1545 1539 ἐπὶ
1563 1504 1682 1553 κῶμον
1701 1502 1982 1554 παραγενόμενον
1997 1502 2083 1556 πρὸς
2097 1504 2160 1551 τὴν
2180 1506 2266 1557 ἐρω-

1220 1557 1338 1608 μένην.

1723 1651 1747 1687 9
1754 1666 1762 1673 .

1517 1734 1547 1769 Ε
1573 1734 1724 1772 LIBRO
1753 1734 1960 1774 OCTAVO.

1269 1835 1469 1873 Athenaeus
1487 1837 1592 1883 XIV,
1619 1850 1659 1886 p.
1693 1838 1789 1884 630,
1811 1840 1840 1874 B
1862 1850 1871 1876 :
1901 1839 2074 1877 Καλεῖται
2093 1839 2123 1876 δ’
2152 1841 2174 1886 ἡ
2200 1839 2264 1890 μὲν

1219 1892 1389 1944 σατυρικὴ
1410 1892 1571 1946 ὄρχησις,
1591 1893 1637 1937 ὥς
1650 1910 1753 1947 φησιν
1772 1895 1992 1947 Ἀριστοκλῆς
2011 1899 2045 1935 ἐν
2065 1897 2176 1950 ὀγδόῳ
2194 1900 2264 1936 τῶν

1218 1949 1308 2002 Περὶ
1323 1953 1451 2002 χορῶν,
1471 1951 1632 2000 σίκιννις,
1649 1953 1710 1991 καὶ
1723 1954 1754 1990 οἱ
1772 1953 1915 2005 σάτυροι
1932 1955 2151 1995 σικιννισταί.

1711 2053 1769 2080 ῙΟ.

1268 2124 1375 2160 Idem
1395 2126 1496 2172 XIV,
1514 2139 1556 2176 p.
1582 2126 1682 2172 620,
1698 2128 1726 2163 B
1746 2141 1755 2164 :
1776 2123 1863 2165 e'Oti
1882 2125 1911 2163 δ’
1934 2126 2122 2165 ἐκαλοῦντο
2138 2129 2169 2165 οἱ
2194 2129 2260 2180 ῥα*

112 2173 224 2222 Σῖμον
247 2173 436 2226 διαπρέψαι
455 2175 588 2224 μᾶλλον
614 2178 681 2213 τῶν
700 2176 757 2214 διὰ
775 2180 834 2214 τοῦ
855 2178 1036 2229 ἱλαρῳδεῖν
1053 2194 1154 2226 ποιη-
1215 2180 1324 2233 ψῳδοὶ
1341 2181 1401 2220 καὶ
1422 2171 1649 2235 Ὁμηριστάὶ,
1663 2182 1883 2237 Ἀριστοκλῆς
1900 2183 2037 2237 εἴρηκεν
2053 2186 2088 2223 ἐν
2102 2187 2151 2236 τῷ
2170 2185 2260 2238 Περὶ

109 2233 200 2282 τῶν)
217 2234 370 2284 συνεχῶς
386 2234 470 2282 ἡμῖν
489 2233 739 2286 ἐπιφαίνονται.
760 2235 959 2286 Καταλέγει
979 2235 1014 2274 δὲ
1031 2238 1050 2274 ὁ
1067 2236 1153 2290 Ἀρι-
1177 2280 1182 2286 ι
1216 2241 1343 2291 χορῶν.

110 2309 2245 2334 Ἣ

426 2371 496 2412 DE
515 2371 840 2412 GIGANTIBUS.

606 2479 641 2512 6.

149 2541 290 2582 Mentha,
301 2541 400 2575 herba
410 2551 482 2584 quoe
493 2552 512 2576 a
525 2543 687 2577 nonnullis
698 2543 854 2586 ἡδύοσμον
866 2546 1011 2579 vocatur.
1021 2547 1057 2578 ln
1070 2546 1154 2579 hanc

108 2595 339 2626 commutatam
361 2595 474 2628 dicunt
497 2597 680 2637 Mentham‚
703 2598 849 2630 Plutonis
864 2598 1029 2639 pellicem,
1055 2608 1074 2630 a
1090 2609 1154 2640 qua

109 2655 198 2679 mons
214 2656 311 2687 prope
334 2647 406 2680 Elin
421 2649 500 2681 situs
519 2658 637 2681 nomen
658 2649 784 2682 habeat.
800 2651 981 2683 zenodotus
1004 2654 1151 2693 Iyngem‚

107 2698 222 2730 suadae
238 2698 337 2730 filiam
363 2699 529 2740 Naidaque
553 2701 746 2741 nympham,
771 2711 789 2734 a
804 2703 968 2735 nonnullis
989 2705 1153 2736 Mentliam

106 2749 259 2790 appellari
285 2750 394 2783 tradit.
420 2750 593 2784 Aristocles
609 2753 717 2784 autem
733 2752 766 2784 in
790 2753 871 2785 libro
895 2756 944 2786 De
967 2755 1155 2795 Gigantibus

109 2800 218 2833 fictam
237 2801 278 2834 de
293 2802 424 2834 Mentha
439 2803 582 2835 rabulam
598 2803 673 2835 inde
689 2812 756 2836 esse
771 2804 836 2844 ait,
857 2805 945 2845 quod
961 2805 1069 2846 planta
1081 2815 1154 2839 con-

109 2852 222 2886 fricata
237 2854 276 2895 (Ρ)
288 2854 420 2887 odorem
435 2855 657 2896 torporificum
670 2856 816 2890 emittere
828 2859 953 2898 reperta
964 2858 1017 2891 sit.

486 2943 553 2983 DE
569 2944 773 2984 MUSICA.

617 3035 651 3066 7.

148 3094 252 3127 Etiam
268 3096 430 3128 Hilarodi
442 3097 497 3137 qui
512 3099 668 3130 vocantur
683 3099 782 3140 (quos
797 3109 883 3132 nunc
908 3099 1061 3132 Simodos
1075 3106 1151 3131 non-

106 3146 185 3177 nulli
203 3147 382 3187 appellant,
398 3148 436 3179 ut
451 3148 496 3180 ait
511 3149 679 3182 Aristocles
694 3151 796 3191 primo
810 3152 892 3183 libro
904 3153 951 3183 De
971 3150 1075 3182 choris
1087 3174 1096 3190 ,
1114 3159 1152 3182 eo

106 3197 192 3237 quod
207 3198 313 3230 Simus
336 3200 465 3239 Magnes
482 3200 565 3232 inter
578 3209 707 3241 omnes,
733 3202 786 3243 qui
812 3202 872 3234 hoc
884 3211 983 3243 genus
1002 3202 1150 3233 hilarIum

106 3248 284 3280 carminum
296 3249 496 3291 tractarunt,
508 3252 647 3284 maxime
656 3253 848 3285 excelluerat
866 3253 878 3294 )
899 3253 1080 3293 frequenter
1093 3261 1151 3284 no-

107 3299 155 3331 bis
167 3309 200 3332 se
217 3300 366 3333 offerunt.
386 3303 541 3335 Recenset
553 3305 660 3336 autem
682 3305 777 3337 etiam
794 3305 852 3337 hos
876 3304 1047 3338 Aristocles
1065 3304 1098 3335 in
1111 3304 1150 3335 li-

108 3350 166 3383 bro
181 3353 227 3384 De
239 3353 359 3384 musica
372 3353 416 3385 ita
437 3355 596 3388 scribens:
615 3369 629 3383 «
653 3355 894 3396 Maqodus‚11ic
914 3364 990 3388 vero
1004 3355 1087 3388 idem
1101 3357 1146 3388 est

109 3403 206 3444 atque
219 3405 398 3445 Lysiodus.
413 3419 427 3433 »

1718 2366 1755 2399 8.

1257 2430 1394 2463 Gravior
1420 2431 1646 2474 honestiorque
1672 2434 1775 2474 poetis
1799 2433 1983 2474 hujusmodi
2010 2435 2057 2467 est
2087 2433 2261 2467 hilarodus,

1213 2483 1280 2515 Nec
1309 2484 1395 2516 enim
1415 2485 1553 2517 molliter
1580 2486 1637 2518 aut
1660 2486 1808 2518 indecore
1827 2487 1912 2527 agit;
1929 2487 2030 2519 utitur
2054 2489 2164 2519 autem
2180 2487 2263 2519 virili

1212 2535 1301 2567 veste
1314 2536 1467 2576 candida,
1481 2538 1514 2569 et
1523 2545 1654 2570 auream
1671 2539 1774 2578 gestat
1785 2547 1937 2570 coronam
1961 2549 1969 2570 ι
1987 2540 2020 2571 et
2041 2538 2118 2571 olim
2131 2539 2262 2579 quidem

1213 2587 1437 2621 calceamentis
1447 2590 1610 2631 utebatur,
1620 2591 1658 2622 ut
1670 2591 1715 2622 ait
1725 2591 1898 2623 Aristocles
1906 2616 1915 2631 ‚
1932 2600 2018 2623 nunc
2028 2600 2103 2624 vero
2116 2591 2261 2632 crepidis.

1211 2640 1329 2679 Lyram
1342 2640 1371 2672 ei
1384 2641 1489 2681 pulsat
1501 2649 1570 2673 mas
1582 2643 1639 2674 aut
1652 2642 1786 2683 femina3
1802 2643 2073 2683 quemadmodum
2087 2645 2119 2675 et
2136 2643 2263 2676 auloedo

1211 2691 1278 2723 sive
1297 2701 1367 2724 mas
1381 2693 1448 2725 sive
1464 2694 1582 2725 semina
1600 2693 1688 2725 tibiis
1706 2695 1854 2727 succinit.
1879 2697 2007 2727 Corona
2019 2697 2127 2727 autem
2146 2695 2261 2727 tribui-

1211 2744 1266 2774 tur
1293 2743 1458 2784 hilarodo‚
1485 2745 1759 2785 quemadmodum
1781 2747 1813 2777 et
1828 2746 1966 2786 amodo,
1984 2755 2050 2778 non
2074 2747 2175 2787 lyram
2193 2747 2262 2787 pul-

1211 2795 1313 2835 santi,
1326 2805 1387 2828 nec
1402 2797 1538 2829 tibicini.
1558 2797 1621 2836 Qui
1634 2806 1709 2829 vero
1723 2798 1878 2838 magodus
1893 2800 2046 2839 vocatur,
2071 2799 2097 2831 is
2111 2802 2262 2840 tympana

1212 2847 1309 2880 habet
1321 2850 1353 2881 et
1363 2849 1511 2890 cymbala
1526 2850 1559 2882 et
1570 2849 1678 2881 omnia
1692 2850 1813 2882 circum
1828 2851 1933 2892 ipsum
1948 2851 2135 2883 indumenta
2148 2851 2261 2883 mulie—

1211 2899 1280 2931 bria
1298 2910 1307 2932 ε
1321 2901 1354 2933 et
1366 2902 1505 2934 molliter
1522 2902 1576 2935 ille
1587 2902 1671 2942 agit,
1687 2903 1719 2934 et
1735 2903 1843 2935 omnia
1865 2904 1941 2936 tacit
1955 2913 2029 2945 quae
2054 2913 2167 2945 parum
2189 2912 2260 2935 mo-

1211 2951 1299 2983 desta
1316 2954 1410 2992 sunt,
1432 2953 1530 2985 modo
1553 2954 1695 2986 mulieris
1726 2956 1832 2995 partes
1856 2963 1969 2996 agens,
1994 2957 2051 2988 aut
2066 2955 2183 2987 moechi
2202 2955 2260 2987 aut

1211 3002 1351 3044 lenonis,
1368 3003 1465 3036 modo
1488 3004 1548 3037 viri
1563 3005 1643 3038 ebrii
1664 3005 1722 3038 aut
1744 3008 1956 3039 comessatum
1977 3007 2082 3039 euntis
2108 3006 2149 3039 ad
2170 3014 2258 3039 ama-

1211 3053 1302 3086 siam.

1721 3110 1756 3143 9.

1251 3172 1394 3212 satyrica
1409 3173 1553 3213 saltatio,
1571 3174 1608 3205 ut
1617 3174 1788 3207 Aristocles
1799 3175 1882 3208 libro
1894 3176 2011 3208 octavo
2024 3176 2071 3207 De
2080 3174 2185 3207 choris
2197 3174 2255 3214 ait,

1209 3223 1346 3256 Sicinuis
1361 3225 1508 3264 vocatur,
1526 3225 1624 3265 satyri
1640 3234 1716 3258 vero
1729 3226 1919 3259 Sicinnistae.

1704 3292 1761 3325 10.

1252 3355 1437 3395 RllapSOdOS
1453 3356 1548 3388 etiam
1563 3359 1778 3390 Homeristas
1795 3358 1925 3390 vocatos
1942 3365 2025 3395 esse,
2039 3355 2206 3389 Aristocles
2220 3355 2252 3386 in

1212 3415 1306 3446 opere
1319 3409 1366 3439 De
1377 3407 1480 3440 choris
1491 3407 1576 3440 dicit.
