2372 3704
43 195 52 227 )
918 212 972 251 IN
1004 212 1272 251 vomMiNE
1301 213 1332 250 1.

2120 213 2193 256 637

47 301 95 355 sit
115 301 233 337 AEtnae
251 299 425 349 nymphae
446 307 484 336 et
501 301 662 336 Himerae
682 298 802 338 fluvii.
823 300 945 337 Gelon
963 308 1093 335 noster
1154 300 1260 347 cipit.
1297 301 1330 335 A
1362 299 1494 335 codice
1519 301 1736 337 Ravennate
1756 302 1870 338 verba
1890 303 1908 338 6
1938 301 1973 340 δὲ
1994 301 2199 348 Ἑλλάνικος

46 358 214 395 diversus
233 366 287 395 est
305 371 327 394 a
345 359 437 395 Gela
465 358 531 394 illo
563 359 699 404 Tenio‚
730 356 837 404 cujus
871 358 1091 394 Herodotus

45 418 116 462 vl,
141 416 162 453 3
183 417 370 454 meminit.

97 475 198 513 Ibid.
220 476 268 511 fr.
297 475 383 514 108.
405 497 455 502 -
475 475 531 513 Cf.
553 475 746 511 Andronis
764 475 852 513 Hal.
874 474 922 510 fr.
943 474 980 512 8.
998 475 1090 511 Cum

43 533 89 572 fr.
117 547 191 570 110
211 534 260 570 cf.
282 535 448 570 Hecataei
467 534 514 573 fr.
538 535 626 571 123.

97 592 142 630 Ρ.
167 592 229 639 60,
252 592 298 630 fr.
325 606 339 628 1
352 592 410 630 18.
426 614 477 619 —
494 594 568 635 Pro
587 593 621 629 ἐν
637 590 794 644 Ἠπείρῳ
812 593 884 641 leg.
901 593 936 629 ἐν
957 590 1092 643 ἠπείρῳ

43 654 82 686 In
94 654 304 687 continente
329 650 340 700 (
359 664 414 689 50.
430 653 470 687 in
486 651 672 700 Troade).

95 711 138 746 P.
155 711 219 756 60,
236 711 284 748 fr.
308 725 323 747 1
335 716 395 754 14.
413 733 466 738 --
482 711 722 747 Antecedunt
738 710 841 758 apud
860 711 1029 746 Tzetzem
1044 710 1091 764 ad

41 770 130 818 Lyc.
150 769 249 814 1324
262 770 388 806 haecce
405 783 413 806 :
431 766 550 807 Ἄλλοι
565 767 602 806 δέ
618 783 734 820 φασιν,
747 767 800 805 ὅτι
820 766 909 817 μετὰ
919 767 982 814 τὴν
1000 767 1093 805 ἀναί-

47 841 139 880 ρεσιν
161 828 329 877 Αἰγίσθου
353 826 412 866 καὶ
437 826 752 877 Κλυταιμνήστρας
772 825 868 878 παρὰ
889 828 958 870 τοῖς
992 826 1090 871 Ἀζᾶ-

43 900 96 922 σιν
119 884 286 937 Ἀρκάσιν
311 885 466 924 ἐνιαυτὸν
497 885 672 956 Ὀρέστης
701 884 942 937 ἐνδιατρίψας,
963 887 1009 928 ὡς
1034 885 1092 923 καὶ

43 942 239 994 Εὐριπίδης
271 944 394 997 φησὶν,
425 943 588 996 χρησμὸν
627 943 732 982 ἔλαὸε
771 944 974 982 στέλλεσθαι
1007 943 1093 994 πρὸς

42 1001 217 1039 ἀποικίαν·
247 1001 282 1045 ὃς
311 1001 495 1046 συνάξας’
480 1018 519 1039 εκ
543 1001 714 1054 διαφόρων
743 1002 850 1039 ἐθνῶν
884 1000 1010 1051 λαοὺς,
1036 1000 1093 1045 οὒς

42 1060 206 1109 ἐκάλεσεν
225 1061 380 1108 Αἰολεῖς,
394 1060 451 1098 διὰ
468 1060 508 1098 τὸ
524 1061 563 1098 ἐκ
581 1060 752 1113 διαφόρων
772 1059 887 1097 τόπων
910 1063 1009 1106 εἶναι,
1028 1054 1093 1106 ἠλ-

41 1120 96 1155 θεν
117 1119 163 1161 εἷς
180 1117 327 1157 Λέσὸον.
346 1118 459 1162 Αὐτὸς
473 1117 515 1169 μὲ
502 1134 536 1156 ν
554 1134 644 1170 ταχυ
660 1116 843 1156 ἀποθανων
860 1118 959 1156 πόλιν
977 1117 1093 1156 κτίσαι

41 1177 103 1214 οὐκ
130 1176 298 1224 ἠδυνήθη·
333 1177 501 1227 ἀπόγονος
533 1176 569 1215 δὲ
599 1176 722 1214 τούτου
754 1176 965 1226 καλούμενος
1001 1179 1093 1229 Γρᾶς

45 1232 136 1283 μετὰ
153 1234 276 1273 ἑκατὸν
299 1234 359 1282 ἔτη
379 1234 562 1288 κυριεύσας
581 1237 641 1280 τῆς
660 1234 819 1281 Λέσὸου,
844 1235 945 1272 πόλιν
963 1234 1090 1273 ἔκτισε.

96 1294 138 1331 Ρ.
161 1294 224 1340 61,
251 1294 298 1332 fr.
325 1299 412 1337 124.
436 1314 487 1322 -
504 1294 559 1332 Cf.
579 1294 744 1342 Hesych.
766 1306 775 1331 :
808 1292 984 1340 Ἀξιῶται,
1003 1291 1094 1335 ἔθνος

44 1350 225 1400 Τρωάδος.

64 1448 70 1453 ,
93 1411 133 1446 Ρ.
162 1411 226 1456 62,
261 1411 307 1451 fr,
342 1411 430 1447 128.
450 1433 502 1438 —
530 1412 619 1446 Post
652 1423 691 1448 v.
715 1409 941 1461 Ἀκαρνανίας
964 1411 1061 1447 adde
1082 1422 1091 1448 ξ

45 1466 114 1504 ἀπὸ
133 1467 281 1506 Φοιτίου
296 1498 307 1519 ,
327 1472 387 1506 τοῦ
406 1467 665 1513 Ἀλκμαίωνος,
685 1470 744 1504 τοῦ
770 1467 998 1519 Ἀμφιαράου.

94 1528 138 1564 Ρ.
155 1527 218 1574 63,
233 1528 278 1566 fr.
303 1528 389 1564 130.
407 1549 459 1555 —-
473 1528 529 1564 Cf.
547 1529 674 1575 Etym.
695 1529 748 1563 M.
764 1540 800 1565 ν.
818 1526 959 1564 Βάτεια.
980 1528 1094 1576 Apud

42 1586 96 1623 St.
125 1586 166 1623 B.
186 1598 223 1623 v·
246 1583 390 1636 Ἀρίσὸη
421 1586 510 1624 cod.
528 1586 693 1634 Rhedig.
725 1599 798 1635 pro
818 1582 956 1623 Ἄτειαν
980 1587 1095 1622 habet

41 1639 215 1683 Ἄντειαν.

97 1703 156 1742 11).
188 1703 236 1742 fr.
263 1703 350 1742 132.
371 1725 424 1732 —
446 1703 487 1741 ἐν
508 1705 557 1755 τῇ
585 1699 678 1754 Ἴδῃ
704 1702 800 1740 ὅθεν
828 1718 904 1740 και
937 1705 955 1740 6
986 1703 1091 1754 Σκ]

42 1763 132 1798 Post
155 1774 193 1800 v.
221 1759 298 1813 Ἴδῃ
319 1762 461 1798 excidit
480 1760 594 1814 φησίν.
614 1764 689 1798 Ρ1·0
705 1759 779 1799 ὅθεν
801 1776 879 1807 και,
901 1762 1093 1811 ingeniose

42 1821 252 1857 Prellerus:
275 1821 293 1857 6
313 1818 416 1863 θεὸς
403 1835 453 1867 υε,
463 1819 534 1858 καὶ.
554 1821 663 1856 Idem
677 1821 821 1869 ubique
839 1821 1005 1857 formas
995 1823 1092 1858 loni-

42 1891 103 1915 cas
120 1878 283 1917 refinxit.
306 1901 358 1907 —
373 1881 473 1918 Ibid.
500 1880 546 1915 fr.
572 1879 658 1917 135.
683 1879 738 1915 Cf.
767 1880 997 1916 Bachmann.
1018 1883 1090 1917 An.

41 1938 80 1983 1,
104 1950 143 1986 p.
172 1938 246 1985 467
263 1965 275 1988 ,
297 1951 342 1974 21
357 1967 368 1988 ,
385 1939 454 1974 ubi
471 1938 520 1974 de
547 1938 678 1974 eadem
705 1951 746 1975 re
775 1939 990 1975 Hellanicus
1008 1940 1093 1975 lau—

42 1995 171 2034 datur.

99 2055 142 2092 P.
177 2054 241 2099 64,
261 2054 308 2092 fr.
333 2054 422 2103 139.
444 2075 497 2081 -
513 2055 559 2090 111
578 2054 775 2091 antecedd.
797 2055 997 2091 scholiasta
1014 2056 1093 2092 haec

42 2113 159 2149 habet
179 2124 188 2150 :
207 2111 478 2161 Λακεδαιμόνιοι
498 2113 609 2163 λοιμῷ
627 2113 637 2162 (
652 2112 744 2162 λιμῷ
765 2115 805 2149 in
822 2114 937 2152 codd.
958 2116 1003 2152 L.
1023 2112 1091 2164 V.)

45 2168 274 2221 κρατηθέντες
303 2169 532 2219 ἐμαντεύοντο
549 2170 628 2223 περὶ
647 2171 871 2220 ἀπαλλαγῆς.
891 2169 936 2209 ‘O
965 2170 1000 2208 δὲ
1021 2170 1094 2214 θεὸς

44 2227 160 2270 αὐτοῖς
193 2226 342 2279 ἔχρησεν
367 2227 610 2271 ἐξιλάσκεσθαι
629 2227 707 2271 τοὺς
739 2227 906 2279 Τεύκρων
928 2228 1094 2279 δαίμονας

48 2287 59 2336 (
76 2287 192 2323 codd.
217 2289 310 2324 BLV
329 2301 338 2323 :
358 2285 436 2329 τοὺς
450 2288 483 2324 ἐν
507 2286 619 2338 Τροίᾳ
640 2285 803 2337 Κρονίους
823 2285 1008 2336 δαίμονας,
1027 2289 1092 2326 Χι-

45 2343 174 2396 μαιρέοι
187 2359 224 2381 τε
235 2343 294 2381 καὶ
308 2344 422 2382 Λύκον
441 2343 611 2397 [Ἱμερτω
627 2345 685 2382 καὶ
702 2347 748 2386 Λ.
765 2346 854 2383 cod.
870 2344 934 2396 V.)
947 2346 972 2396 ]·
986 2345 1093 2389 οὕτως

44 2402 81 2440 δὲ
102 2404 267 2455 πρότερον
287 2405 318 2440 οἱ
338 2402 454 2446 Ἰλιεῖς
477 2405 682 2442 ἐκαλοῦντο.
707 2403 883 2447 Μενέλαος
915 2398 973 2441 οῧν
1003 2406 1091 2456 ἀφι-

43 2461 188 2511 κόμενος
208 2463 255 2505 εἷς
275 2458 400 2509 Ἴλιον,
420 2461 459 2499 τὸ
479 2461 697 2514 προσταχθὲν
721 2461 906 2514 ἔπρασσεν·
935 2466 1093 2500 κάκεῖθεν

45 2521 91 2563 εἷς
108 2520 262 2572 Δελφους
278 2520 486 2571 παρεγένετο
505 2520 585 2573 περὶ
604 2519 737 2558 παίδων
754 2520 919 2571 γενέσεως
934 2521 1093 2572 χρησμὸν

43 2578 252 2631 ληψόμενος.
280 2579 471 2617 Συνείπετο
491 2577 526 2616 δὲ
552 2579 646 2631 αὖτῳ
678 2579 738 2616 καὶ
755 2578 983 2652 ζΑλέξανδρος
1014 2580 1094 2632 περι

44 2637 206 2685 γυναικὸς
211 2637 493 2706 ημαντευόμενος.
519 2636 720 2686 Γενομένων
736 2640 795 2675 οὖν
816 2637 1018 2691 ἀμφοτέρων
1038 2638 1094 2677 ε’πι

44 2694 84 2733 τὸ
101 2697 283 2746 μαντεῖον,
301 2695 439 2747 λέγεται
458 2698 590 2748 χρῆσαι
609 2695 672 2742 τὴν
691 2696 825 2734 Πυθίαν
841 2696 936 2734 τάδε·

128 2777 223 2809 Τίπτε
236 2777 300 2809 δύω
312 2778 477 2818 βασιλῆες,
492 2779 509 2809 6
522 2778 578 2817 μὲν
588 2778 717 2818 Τρώων,
735 2779 751 2809 6
762 2777 788 2809 δ’
802 2778 938 2819 Ἀχαιῶν
947 2802 957 2818 ,

130 2824 236 2856 οὐκέθ’
249 2825 487 2865 ὁμοφρονέοντες
502 2826 576 2865 ἐμὸν
594 2825 690 2865 δόμον
702 2825 880 2863 εἰσανέὸητε
892 2836 902 2865 ;

129 2871 198 2909 ἦτοι
213 2872 230 2902 6
242 2871 296 2911 μὲν
311 2872 429 2902 πώλοιο
446 2871 537 2911 γόνον
552 2872 707 2911 διζήμενος
727 2872 826 2911 εὑρεῖν
836 2895 845 2909 ,

128 2918 224 2958 αὐτὰρ
241 2919 258 2949 6
270 2918 374 2949 πῶλον
389 2919 481 2949 ἑλεῖν.
495 2918 532 2950 Τί
549 2930 585 2949 νυ
601 2919 734 2959 μήσεαι,
750 2918 776 2948 ὧ
788 2918 901 2958 μεγάλε
914 2921 991 2960 Ζεῦ;

47 2980 139 3026 Τοὺς
159 2980 193 3020 δὲ
212 2982 261 3033 μὴ
282 2982 473 3029 νοήσαντας
492 2982 531 3021 τὸ
551 2982 664 3032 λόγιον
680 2985 943 3034 χωρισθῆναι...
964 2983 1094 3023 Ἑλλά-

47 3056 138 3084 νικος
157 3040 191 3079 δὲ
208 3043 285 3079 κτλ.

100 3103 142 3138 Ρ.
167 3100 231 3147 65,
247 3102 295 3139 fr.
317 3106 405 3145 144.
424 3123 477 3129 -
494 3104 611 3138 Versu
627 3109 732 3138 sexto
746 3115 819 3150 pro
836 3101 1006 3153 παρθένου
1027 3102 1095 3139 εἷσ-

48 3158 181 3197 ελοὶασα
201 3161 446 3197 scribendum
466 3175 474 3197 :
497 3159 679 3210 παρθένος,
698 3161 805 3198 εἷσελ.

101 3220 142 3254 Ρ.
162 3219 225 3264 66,
251 3219 295 3256 fr.
320 3219 406 3262 148.
423 3241 472 3247 -—
488 3220 573 3257 Vid.
598 3220 768 3269 Prolegg.
787 3233 826 3269 p.
842 3233 933 3258 xxx,

102 3278 142 3314 P.
176 3278 240 3322 67,
276 3278 325 3313 fr.
362 3278 445 3315 158.
466 3300 515 3305 -
534 3279 628 3314 Dele
648 3291 731 3326 quae
762 3280 938 3327 leguntur
964 3279 1054 3314 inde
1074 3291 1096 3314 a

50 3335 174 3370 verbis
204 3335 263 3377 Εἷς
294 3333 334 3371 τὸ
367 3332 466 3374 αὐτό.
497 3331 666 3383 (Ἄλλως.
695 3334 736 3373 Ὁ
757 3334 792 3372 δὲ
821 3334 1027 3378 Ἑλλάνικος
1058 3337 1096 3371 in

52 3391 143 3429 edit.
172 3392 394 3444 Diibner.),
428 3407 448 3430 a
484 3394 620 3442 quibus
650 3407 791 3430 novum
823 3395 1006 3430 scholium
1038 3395 1094 3429 in-

1206 355 1395 406 γεγονέναι,
1409 359 1517 393 sicuti
1532 371 1615 406 quae
1627 359 1805 408 deinceps
1816 369 2038 408 sequuntur,
2050 364 2197 403 absunt.

1154 414 1244 461 Quae
1265 415 1493 451 antecedunt
1511 429 1574 465 ap.
1607 417 1724 454 schol.
1759 419 1890 465 Arist.,
1913 420 2000 456 vide
2020 422 2060 456 in
2082 423 2200 470 Apol-

1154 474 1280 509 lodor.
1305 473 1350 511 fr.
1371 474 1439 521 69,
1459 481 1551 512 tom.
1571 476 1609 518 Ι,
1629 487 1669 522 p.
1694 479 1781 518 440.
1804 477 1936 512 Suidas
1959 491 1995 515 v.
2015 479 2199 528 Σαρδανά-

1154 530 1307 577 παλλος,
1329 533 1396 579 qui
1413 531 1460 567 de
1480 532 1629 568 duobus
1646 533 1929 582 Sardanapallis
1950 536 2080 572 laudat
2100 539 2200 576 Καλ-

1153 588 1291 634 λισθένη
1325 590 1359 626 ἐν
1392 589 1423 640 β’
1450 590 1654 641 Περσικῶν,
1688 592 1919 628 Callisthenis
1950 600 1986 628 et
2018 596 2202 632 Hellanici

1153 650 1395 696 mentionem,
1409 662 1523 711 quam
1540 649 1643 697 apud
1654 657 1828 685 auctores
1845 663 1931 686 suos
1946 662 2058 699 repe1
2060 653 2099 698 it,
2114 667 2203 701 per-

1153 720 1283 756 peram
1302 694 1496 744 miscuisse
1515 707 1680 743 videtur.
1699 708 1948 743 Laudabatur
1966 709 2068 744 haud
2089 711 2204 747 dubie

1154 766 1203 802 de
1231 767 1506 814 Sardanapallo
1527 766 1771 802 Callisthenes
1790 766 1887 802 libro
1907 769 1944 802 ΙΙ
1966 767 2014 802 (10
2038 769 2203 804 Alexan-

1155 824 1241 871 dro,
1256 832 1292 861 et
1304 826 1521 861 Hellanicus
1529 824 1564 860 ἐν
1577 824 1774 875 Περσικοῖς.
1788 826 1829 861 V.
1840 825 1978 873 Script.
1995 826 2083 861 Rer.
2094 828 2201 865 Alex.

1154 895 1189 930 p.
1216 896 1235 928 7
1255 890 1291 918 et
1312 895 1377 920 21.

1209 941 1247 976 P.
1261 941 1327 986 67,
1341 941 1386 978 fr.
1401 940 1486 978 160.
1499 961 1552 967 —
1564 940 1639 978 Pro
1656 939 1902 991 (ΙεξεΧώχη
1915 939 2035 986 ν)οι0.
2050 943 2172 979 scribe
2191 955 2202 980 t

1158 998 1168 1047 (
1190 1001 1271 1046 lege
1289 997 1498 1050 Κηιρηνίην)
1520 997 1634 1049 ἔσχον.
1658 1000 1817 1048 [Suppl.
1848 998 1932 1037 Ἀπὸ
1952 999 2071 1038 τούτου
2092 999 2127 1037 δὲ
2146 1003 2206 1038 vel

1155 1054 1227 1108 Ἀφ’
1238 1050 1276 1093 οὗ
1290 1056 1304 1106 ]
1319 1057 1434 1094 οὐκέτι
1448 1065 1520 1095 etc.
1537 1057 1622 1095 vid.
1634 1064 1715 1095 not.
1731 1058 1780 1093 ad
1790 1059 1936 1094 Nicolai
1952 1061 2065 1098 Dam.
2078 1059 2122 1095 fr.
2146 1073 2158 1095 1
2169 1060 2203 1096 3.

1155 1117 1287 1151 Latine
1324 1117 1431 1151 100115
1469 1116 1778 1164 interpretandus
1804 1117 1906 1152 hunc
1941 1118 1978 1152 in
2013 1118 2171 1153 modum
2193 1129 2204 1155 :

1157 1191 1171 1205 κ
1189 1175 1340 1222 Cepheo
1350 1174 1429 1221 jam
1450 1174 1651 1219 defuncto,
1667 1187 1688 1210 e
1706 1175 1898 1222 Babylone
1910 1177 2073 1223 profecti
2086 1177 2206 1213 Chat-

1154 1233 1231 1267 daei
1258 1233 1451 1281 Cephenes
1469 1245 1488 1268 e
1515 1232 1670 1269 sedibus
1689 1234 1763 1269 suis
1790 1235 2036 1282 expulerunt,
2058 1236 2206 1283 ipsique

1155 1290 1384 1338 Cepheniam
1411 1298 1668 1339 occuparunt3
1692 1304 1774 1338 quae
1806 1292 1912 1339 regio
1938 1291 1984 1326 ab
2011 1293 2085 1327 hoc
2115 1292 2206 1328 inde

1156 1355 1329 1396 tempore
1348 1362 1428 1384 non
1452 1350 1614 1397 amplius
1639 1350 1827 1397 Cephenia
1848 1349 1858 1398 (
1875 1351 1943 1385 sed
1961 1350 2200 1399 Chaldaica)

1159 1407 1349 1454 appellata
1373 1414 1427 1442 est
1442 1419 1599 1455 ,neque
1618 1408 1811 1455 Cephenes
1829 1409 1985 1453 incolae,
2008 1409 2074 1444 sed
2091 1409 2204 1445 Chal-

1157 1464 1227 1500 daei
1243 1466 1399 1500 vocitati
1417 1472 1556 1501 sunt.»

1208 1524 1298 1571 Pag.
1321 1523 1386 1568 68,
1397 1523 1443 1559 f1.
1465 1522 1550 1560 165.
1567 1544 1619 1551 —
1636 1525 1681 1559 In
1697 1524 1821 1560 latinis
1839 1525 1986 1561 scribe:
2003 1526 2206 1560 «Meminit

1155 1581 1292 1616 Ctesias
1321 1582 1433 1616 etiam
1464 1582 1538 1616 vi1i
1566 1581 1664 1630 (non
1695 1590 1840 1618 constat
1866 1582 2080 1630 cujusnam)
2098 1609 2109 1628 ‚
2141 1583 2205 1630 qui

1154 1640 1273 1686 patris
1291 1639 1454 1674 cadaver
1471 1647 1604 1675 contra
1620 1640 1742 1688 legem
1756 1641 1993 1678 cremaverit.
2015 1656 2030 1673 »

1209 1698 1296 1745 Pag.
1316 1697 1379 1745 69,
1398 1698 1444 1735 fr.
1471 1698 1556 1743 173,
1577 1699 1642 1735 lin.
1663 1711 1699 1735 2.
1719 1720 1768 1726 —
1782 1699 1882 1747 Lege
1902 1711 1910 1734 :
1933 1696 2136 1741 Ἑλλάνικός
2147 1713 2205 1746 τε,

1155 1757 1212 1792 uti
1227 1764 1282 1792 est
1297 1758 1336 1792 in
1355 1769 1461 1802 mss.‚
1490 1769 1720 1805 quamquam
1739 1771 1775 1793 τε
1790 1758 1942 1793 mallem
1961 1758 2098 1794 abesse.

1209 1873 1544 1910 PHERECYDES.
1567 1874 1657 1922 Pag.
1682 1885 1742 1920 70.
1760 1895 1812 1901 -
1830 1873 1919 1923 [Fr.
1944 1887 1959 1909 1
1983 1887 2022 1909 a.
2041 1873 2056 1924 ]
2077 1874 2204 1913 Schol.

1154 1932 1309 1970 Aristid.
1342 1945 1380 1981 p.
1404 1931 1504 1976 313,
1536 1945 1585 1967 20
1614 1932 1675 1969 ed.
1709 1933 1855 1969 Dindf.:
1883 1932 2088 1984 Εὗεργετεῒν
2120 1948 2204 1984 φησι

1155 1987 1211 2025 τὸν
1233 1988 1397 2026 Διόνυσον
1421 1988 1501 2026 καὶ*
1517 1989 1635 2026 δοῦναι
1656 1989 1857 2040 ἀνθρώποις.
1879 1991 1991 2035 Δηλοῖ
2001 1990 2036 2027 δὲ
2052 1993 2069 2028 6
2085 1992 2204 2041 Φερε-

1155 2047 1276 2115 κύδης,
1308 2062 1367 2084 και
1402 2049 1478 2095 μετ’
1498 2049 1626 2085 ἐκεῖνον
1654 2046 1845 2098 Ἀντίοχος,
1875 2048 2030 2096 λέγοντες
2058 2048 2117 2086 καὶ
2147 2049 2204 2087 διὰ

1155 2120 1255 2142 τουτο
1274 2106 1464 2151 κεκλῆσθαι
1484 2104 1666 2152 Διόνυσον,
1683 2107 1728 2148 ὡς
1742 2106 1781 2142 ἐκ
1801 2105 1914 2148 Διὸς’
1900 2121 1933 2149 ες
1946 2106 2052 2149 νύσας
2070 2106 2204 2159 ῥέοντα·

1150 2162 1260 2206 »νύσας
1283 2163 1374 2215 γὰρ,
1397 2179 1521 2216 φησιν,
1551 2164 1696 2201 ἐκάλουν
1723 2162 1766 2200 τὰ
1793 2163 1928 2215 δένδρα·
1962 2158 2023 2201 εἰτ’
2048 2164 2202 2208 ἐπεξίασι

1155 2221 1390 2273 φυσικώτερον
1408 2237 1456 2273 τῳ
1473 2221 1565 2273 λόγῳ
1579 2221 1733 2272 λέγοντες
1752 2224 1836 2260 Ἰσιν
1857 2223 2123 2273 μετωνομάσθαι
2140 2222 2203 2269 τὴν

1155 2294 1232 2330 γην,
1253 2279 1322 2317 ἀπὸ
1339 2282 1398 2326 τ’ἧς
1415 2296 1494 2332 περι
1514 2279 1577 2326 τὴν
1598 2280 1688 2318 θεσιν
1708 2279 1772 2326 τὴν
1790 2279 1882 2318 κατὰ
1900 2280 2003 2331 μέσον
2027 2281 2203 2353 ἰσότητος,

1155 2338 1284 2384 ταύτης
1309 2337 1344 2375 δὲ
1374 2338 1468 2376 ἀδελ
1460 2338 1522 2390 φὸν
1546 2337 1686 2390 ’Όσιριν
1716 2338 1793 2376 καθ’
1814 2336 1996 2385 Έλληνας
2014 2355 2072 2377 και
2096 2339 2203 2390 (δὲῗ)

1155 2395 1320 2434 Διόνυσον
1337 2396 1394 2434 τὸν
1414 2398 1453 2434 ἐκ
1470 2396 1549 2440 Διὸς
1565 2398 1611 2440 εἷς
1626 2400 1691 2448 γ’ῆν
1713 2397 1872 2450 ῥεόμενον
1900 2398 2050 2450 Βρόντου
2067 2399 2177 2436 παῖδα
2190 2427 2202 2445 ,

1156 2454 1212 2491 τὸν
1237 2458 1326 2507 ὦρον
1356 2455 1413 2493 τὸν
1432 2455 1546 2506 ἄρειον
1573 2456 1787 2507 ηδύκαρπον.
1812 2458 1936 2495 Ταῦτα
1969 2456 2003 2494 δὲ
2019 2459 2038 2478 ⁴‘
2063 2457 2201 2507 λέγουσι

1156 2513 1311 2563 Ὠγύγου
1326 2529 1385 2551 και
1397 2514 1537 2563 Θήὸης,
1552 2517 1612 2561 τ’ῆς
1627 2514 1747 2552 τούτου
1762 2514 1936 2565 γυναικὸς,
1952 2517 2020 2553 τῶν
2036 2515 2204 2554 Ἀττικῶν

1157 2572 1386 2624 αὐτοχθόνων,
1403 2572 1603 2611 ἐλθόντων’
1589 2588 1647 2611 επι
1664 2589 1727 2619 την
1744 2572 1936 2623 Αἴγυπτον,
1957 2573 2000 2611 τά
2016 2589 2053 2612 τε
2068 2575 2204 2624 μυστή-

1157 2646 1213 2683 ρια
1233 2634 1370 2682 πρῶτον
1392 2647 1506 2675 αυτοις
1521 2632 1852 2670 κατασκευασασθαι
1869 2632 1912 2670 τὰ
1925 2648 2004 2684 περι
2019 2632 2082 2680 τὴν
2100 2636 2203 2681 Ἰσιν,

1156 2705 1216 2727 και
1236 2689 1330 2733 θεοὺς
1351 2689 1456 2733 οὕτως
1470 2690 1642 2739 ὀνομάσαι
1661 2690 1800 2733 τούτους
1821 2690 1911 2740 μετὰ
1940 2691 1978 2728 τὸ
1999 2692 2118 2729 κτίσαι
2145 2691 2204 2730 τὸν

1156 2745 1312 2798 Ὤγυγον
1334 2747 1394 2791 τὰς
1415 2749 1489 2786 ἐκεῖ
1516 2748 1641 2795 Θήὸας
1672 2747 1734 2794 τὴν
1766 2749 1882 2786 πόλιν.
1918 2753 2006 2786 Haec
2027 2752 2205 2787 Antiochi

1159 2810 1170 2857 (
1188 2808 1235 2844 de
1254 2821 1331 2856 quo
1352 2809 1399 2844 cf.
1423 2809 1468 2844 sr.
1498 2821 1564 2845 101
1584 2809 1595 2857 )
1611 2810 1740 2857 potius
1753 2821 1868 2856 quam
1882 2810 2111 2857 Pherecydis
2129 2823 2206 2846 esse

1158 2881 1309 2905 0011500.

1211 2928 1298 2975 Pag.
1319 2939 1389 2974 70,
1420 2926 1518 2962 adde
1540 2926 1716 2974 f1agm2
1744 2939 1769 2960 a
1801 2937 1846 2963 ex
1870 2926 2201 2965 Crame1.Anecd.

1158 2986 1273 3022 Paris.
1285 2986 1350 3030 IV,
1361 2998 1396 3033 p.
1417 2984 1504 3029 183,
1519 2997 1564 3019 21
1587 2998 1595 3019 1
1615 2982 1708 3034 Θριά
1721 2982 1877 3035 Θρικη(Ρ
1880 2982 1903 3034 )·
1912 2981 2127 3035 Ἀρχιλογψς
2144 2984 2204 3022 καὶ

1157 3058 1208 3079 οτι
1234 3041 1302 3078 ἀπὸ
1332 3044 1450 3092 Θριῶν
1469 3057 1537 3078 των
1565 3041 1645 3084 Διὸς
1674 3040 1871 3093 θυγατέρων
1892 3041 2204 3088 διωνομοίσθησαν,

1157 3103 1203 3143 ὡς
1223 3101 1453 3151 Φερεκύδης
1445 3105 1591 3151 ιστορεῖ,
1612 3098 1687 3138 ἐπει
1715 3099 1808 3150 τρίαι
1829 3100 1934 3147 εἰσὶν,
1960 3093 2027 3137 οἷον
2067 3115 2203 3152 τρισσαι

1158 3158 1249 3197 κατὰ
1269 3158 1326 3196 τὸν
1344 3158 1502 3210 ἀριθμόν.
1519 3160 1573 3197 Cf.
1593 3161 1812 3196 Philochori
1830 3160 1876 3198 fr.
1897 3161 1982 3208 196,
1995 3173 2033 3207 p.
2059 3161 2147 3203 416.

1202 3221 1314 3313 VPag.
1320 3232 1383 3266 70,
1404 3219 1537 3267 fragm.
1555 3231 1575 3254 2
1589 3220 1623 3254 b.
1639 3219 1826 3255 —Schol.
1845 3220 1888 3254 Il.
1908 3233 1947 3263 ω,
1964 3218 2087 3286 343ε,

1581 3270 1726 3289 Ντικσυ

2103 3219 2135 3254 Ἰ
2139 3215 2205 3252 αύ-

1159 3338 1227 3373 λων
1248 3350 1342 3372 αυτω
1369 3335 1448 3384 (50.
1468 3334 1585 3386 (Ερμῇ
1603 3334 1611 3385 )
1635 3333 1691 3372 δέ
1657 3349 1800 3380 εοωκεν,
1821 3332 1866 3376 ὥς
1883 3348 1966 3386 φησι
1983 3332 2198 3383 Φερεκύδης

1215 3396 1255 3430 Ρ.
1275 3407 1341 3440 72,
1360 3394 1403 3431 fr.
1420 3407 1457 3442 9.
1474 3415 1522 3442 .-
1538 3407 1640 3444 φησι
1657 3391 1727 3430 καὶ
1744 3391 1919 3439 Ἄρατος
1935 3391 1949 3441 Ἰ
1966 3392 2015 3426 5ἰο
2028 3390 2112 3426 cod.
2131 3391 2198 3425 Pa-
