2326 3724
979 195 1307 238 FRAGMENTA.

82 297 177 346 ροῦσι
195 279 366 339 καὶ-πεζοὶ
378 324 387 340 ,
401 291 459 330 καὶ
476 289 531 329 διὰ
548 288 691 342 Θρᾴκης
706 287 823 340 ὥσπερ
841 289 874 326 ἐν
893 286 1117 336 ἀνδραπόδων

80 352 241 402 ἑπόμενοι
266 351 399 402 μερίδι·
418 348 509 387 ἀλλὰ
527 347 586 386 καὶ
606 344 778 398 ἐλεύθεροί
795 360 830 384 τε
848 343 908 383 καὶ
939 343 1057 396 γένους
1080 344 1118 380 οὗ

80 410 249 463 χείρονος,
269 410 288 429 ³*
314 412 336 455 ἡ
360 407 515 460 μεδίμνῳ
548 404 690 458 χρυσίου
725 403 877 446 ἐλθόντες
918 401 1119 455 ἀπομετρή-

82 483 200 508 σονται
218 464 271 520 (οἳ
288 466 443 518 μεδίμνῳ
462 465 603 517 χρυσίον
621 465 691 502 ἐλθ.
710 461 995 513 ἀπεμετρήσαντο
1016 461 1118 508 conj.

83 527 235 564 Hoesch.
251 526 313 575 );»
328 526 451 563 Ταῦτα
468 525 513 565 ὡς
529 521 701 568 ἐπήκουσε
718 521 758 558 τὸ
769 519 1000 572 στρατόπεδον
1015 518 1120 566 ἅπαν,

83 584 202 636 ἄνδρες
218 598 255 620 τε
272 582 332 621 καὶ
348 582 507 633 γυναῖκες
522 583 608 629 ὁμοῦ
626 580 750 622 πάντες
766 579 873 631 ᾔεσαν
887 577 944 615 ἐπὶ
957 577 1013 615 τὸν
1029 580 1121 617 Θευ-

82 640 217 693 δέριχον
251 640 309 677 τὸν
338 641 451 677 αὐτῶν
483 637 652 687 ἡγεμόνα,
677 638 811 687 κραυγῇ
837 650 873 672 τε
899 634 958 673 καὶ
987 634 1122 687 θορύὸῳ

83 698 254 744 ἀξιοῦντες
270 697 482 748 συμὸαίνειν·
500 698 529 734 εἷ
550 695 584 733 δὲ
605 695 674 745 μὴ,
693 693 889 747 ἀπολείψειν
911 693 1013 730 αὐτὸν
1034 693 1122 744 ἔφα-

82 772 147 795 σαν
173 758 316 803 πάντες,
346 757 379 799 ἐς
403 756 442 793 τὸ
475 753 646 807 συμφέρον
677 751 911 805 χωρήσαντες.
947 751 1122 790 Ἐνταῦθα

84 815 289 854 ἀποστέλλει
307 814 391 867 πρὸς
406 812 617 864 Θευδέριχον
633 811 795 863 πρέσὸεις
805 840 814 856 ,
827 810 886 848 καὶ
900 809 1124 861 συνέρχονται

85 873 190 926 ἄμφω
209 873 305 926 παρὰ
322 871 478 922 ποταμόν
499 887 574 909 τινα
602 872 652 922 ἐφ’
672 868 837 920 ἑκατέρας
862 868 979 920 ὄχθης.
1005 867 1124 907 Μέσον

84 930 121 970 δὲ
138 932 368 982 ποιησάμενοι
386 930 443 968 τὸν
461 928 618 979 ποταμὸν
638 928 830 979 διελέγοντο
842 957 851 974 ,
869 926 927 965 καὶ
947 930 1125 965 ποιοῦνται

85 989 272 1036 συνθήκας,
295 988 344 1039 μὴ
373 988 537 1038 πολεμεῖν
565 987 745 1033 ἀλλήλοις,
777 985 869 1037 [καὶ]
903 984 968 1023 ὅσα
996 985 1126 1034 ἥγηντο

86 1047 317 1100 συμφέροντα.
347 1046 417 1086 Καὶ
437 1051 546 1084 ταῦτα
573 1044 761 1096 ὀμόσαντες
791 1043 987 1094 πέμπουσιν
1019 1043 1126 1095 ἄμφω

86 1104 247 1157 πρέσὸεις
261 1105 318 1144 ἐπὶ
337 1104 375 1143 τὸ
395 1104 595 1149 Βυζάντιον.

441 1192 502 1230 16.
537 1191 620 1241 (an.
648 1189 762 1240 479.)

139 1277 230 1315 Exc.
245 1279 302 1314 De
315 1277 390 1326 leg.
409 1284 510 1325 gent.
528 1289 569 1325 p.
587 1275 653 1323 96.
670 1288 718 1323 97
737 1287 746 1310 ε
763 1271 847 1312 “Ou
863 1271 1032 1319 συνθήκας
1044 1270 1128 1323 πρὸς

94 1334 264 1380 ἀλλήλους
291 1334 518 1383 ποιησάμενοι
549 1332 760 1384 Θευδέριχος
787 1330 846 1369 καὶ
869 1333 886 1368 ὁ
905 1328 1072 1382 Τριαρίου
1098 1331 1128 1368 οἱ

90 1391 212 1430 Γότθοι
232 1390 280 1441 μὴ
306 1393 469 1440 πολεμεῖν
495 1389 679 1439 ἀλλήλοις,
699 1388 896 1437 πέμπουσιν
921 1388 1026 1440 ἄμφω
1044 1387 1128 1440 πρέ-

91 1449 184 1492 σὸεις
203 1448 260 1487 ἐπὶ
274 1449 314 1487 τὸ
333 1447 530 1494 Βυζάντιον,
547 1450 564 1485 ὁ
583 1446 645 1497 μὲν
665 1450 724 1484 τοῦ
744 1446 960 1498 Βαλαμήρου
988 1449 1038 1498 τῷ
1060 1450 1129 1498 βα-

90 1508 180 1546 σιλεῖ
201 1508 370 1559 ἐγκαλῶν,
387 1506 439 1545 ὅτι
459 1504 707 1558 προδεδομένος
724 1507 783 1543 ὑπ’
800 1505 928 1543 ἐκείνου
946 1504 1129 1556 τυγχάνει,

90 1566 150 1605 καὶ
179 1567 225 1610 ὡς
252 1568 320 1603 τῶν
348 1564 573 1604 συντεθέντων
599 1563 695 1602 οὐδὲν
720 1562 827 1614 εὑρὼν
848 1563 971 1609 ἀληθὲς
995 1564 1129 1603 Θευδε-

91 1624 179 1678 ρίχῳ
200 1623 358 1675 συμὸαίη
373 1653 384 1673 ‚
405 1625 510 1662 αἰτῶν
527 1622 563 1661 δὲ
582 1622 700 1675 χώραν
724 1624 834 1677 αὐτῷ,
853 1624 886 1660 ἐν
907 1617 931 1673 ἧ
951 1621 1064 1672 μένοι,
1083 1623 1134 1660 δο-

90 1686 212 1730 θῆναι,
235 1682 296 1721 καὶ
322 1683 431 1732 σῖτον,
462 1681 554 1726 ὅστις
577 1683 671 1734 αὐτῷ
700 1681 759 1719 καὶ
788 1681 893 1734 μέχρι
918 1687 1054 1734 καρποῦ
1075 1682 1133 1720 τὸν

91 1740 236 1793 στρατὸν
257 1739 432 1794 ἐξαρκέσει
452 1740 597 1791 διάγειν,
623 1739 683 1778 καὶ
712 1739 790 1784 τοὺς
814 1740 1040 1792 προαγωγέας
1065 1742 1133 1778 τῶν

90 1798 287 1850 λημμάτων
307 1802 368 1845 τ’ῆς
395 1801 527 1851 ἀρχῆς,
549 1797 605 1842 οὒς
621 1797 844 1848 δομεστίκους
867 1799 1013 1836 καλοῦσι
1038 1797 1134 1837 Ῥω-

93 1858 209 1908 μαῖοι,
242 1856 433 1908 ἐκπέμπειν
473 1859 519 1901 ὡς
549 1856 700 1909 τάχιστα
713 1886 724 1906 ,
763 1856 863 1907 λόγον
898 1857 1052 1901 διδόντας
1086 1852 1135 1895 ὧν

93 1983 291 2015 militandum
303 1984 364 2015 sub
379 1985 411 2015 te
427 1983 559 2024 profecti
572 1986 666 2015 sunt?
684 1984 909 2023 Unusquisque
925 1992 1036 2015 eorum
1051 1983 1132 2015 duos

95 2036 150 2066 aut
163 2036 227 2066 tres
240 2043 341 2075 equos
360 2035 515 2074 habebat,
538 2044 625 2066 nunc
642 2035 733 2076 equis
748 2035 890 2066 destituti
909 2035 1029 2075 pedites
1049 2035 1134 2066 ince-

94 2084 193 2123 dunt,
219 2088 252 2117 et
277 2087 307 2117 te
322 2094 377 2126 per
392 2086 560 2118 Thraciam
577 2086 808 2126 mancipiorum
824 2086 922 2117 instar
942 2088 1132 2126 sequuntur,

93 2138 243 2177 quamvis
254 2137 344 2169 liberi
364 2138 427 2169 siut
443 2147 547 2178 neque
562 2138 719 2170 deteriore
739 2146 865 2177 genere,
882 2147 979 2178 quam
995 2139 1030 2168 tu
1043 2148 1052 2177 ;
1064 2138 1082 2154 *
1104 2139 1137 2169 et

94 2189 256 2228 venerint,
272 2188 308 2220 ut
335 2197 450 2220 aurum
466 2189 572 2220 modio
587 2188 813 2220 admetiantur.
835 2201 849 2215 υ
868 2191 945 2220 Haec
970 2188 1025 2220 ubi
1047 2190 1136 2220 totus

95 2240 256 2272 exercitus
280 2240 421 2279 audivit,
451 2243 518 2272 tam
541 2240 624 2280 viri,
648 2249 745 2280 quam
769 2240 934 2276 mulieres,
963 2240 1136 2272 Theoderi-

99 2292 197 2323 chum
208 2315 217 2329 ,
234 2292 349 2324 ducem
364 2300 458 2323 suum
472 2314 480 2330 ,
498 2291 664 2331 adierunt,
681 2293 714 2323 et
733 2300 807 2322 cum
819 2292 960 2323 tumultu
974 2292 1007 2323 et
1024 2291 1137 2323 vocife-

97 2344 217 2376 ratione
232 2345 422 2383 oraverunt,
438 2345 475 2375 ut
499 2343 570 2384 paci
589 2343 748 2383 studeret;
777 2344 825 2375 sin
849 2344 978 2384 minus,
1001 2352 1035 2376 se
1052 2343 1138 2384 quod

96 2395 156 2426 sibi
168 2396 245 2427 utile
262 2396 343 2427 soret
356 2395 559 2435 amplexuros
569 2396 600 2426 et
617 2404 690 2426 eum
704 2395 897 2427 deserturos.
916 2395 965 2426 Ob
980 2404 1050 2427 eam
1062 2403 1138 2426 cau-

97 2454 164 2477 sam
182 2446 282 2478 mittit
297 2446 338 2478 ad
353 2446 612 2479 Theuderichum
626 2447 758 2486 legatos,
770 2448 802 2478 et
817 2446 912 2477 ambo
922 2448 1141 2479 convenerunt

100 2498 141 2530 ad
156 2498 289 2530 nuvium
301 2499 462 2539 quendam
472 2523 481 2539 ‚
497 2499 537 2530 ab
549 2500 685 2539 utraque
702 2499 780 2539 ripa.
794 2499 914 2530 Deinde
927 2499 1032 2530 medio
1042 2499 1139 2530 inter-

96 2550 184 2588 jecto
203 2550 352 2589 llumine,
370 2550 518 2581 collocuti
533 2551 701 2589 statuunt,
725 2559 789 2581 non
813 2550 950 2591 amplius
965 2549 1087 2582 bellum
1105 2559 1140 2582 se

99 2602 243 2641 gesturos
254 2626 263 2642 ,
280 2602 312 2633 et
325 2601 479 2642 quicquid
492 2602 570 2633 utile
580 2602 637 2633 sihi
654 2601 831 2634 videbatur.
849 2604 926 2635 Haec
936 2602 991 2634 ubi
1006 2605 1142 2644 uterque

97 2653 235 2694 juravit,
247 2654 381 2686 mittunt
395 2654 514 2695 legatos
528 2653 728 2694 Byzantium.

141 2760 398 2800 Theuderichus,
412 2761 543 2802 Triarii,
558 2763 590 2794 et
602 2761 840 2795 Theuderichus
850 2786 858 2801 ‚
873 2763 1028 2795 Balameri
1040 2763 1121 2795 filius
1132 2787 1141 2802 ,

103 2813 220 2853 Gothi,
243 2813 362 2845 soedere
382 2816 557 2853 caverunt,
573 2824 614 2846 ne
632 2815 713 2846 inter
731 2823 764 2846 se
789 2815 909 2846 bellum
934 2817 1097 2855 gererent,
1111 2817 1143 2846 et

101 2862 220 2904 legatos
241 2865 430 2904 Byzantium
450 2865 593 2897 mittunt.
639 2866 795 2898 Balameri
812 2866 893 2898 silius
919 2866 1142 2905 imperatorem

102 2915 289 2955 accusabat,
312 2916 397 2956 quod
414 2925 448 2948 se
472 2917 679 2957 prodidisset,
697 2919 730 2949 et
749 2917 824 2958 quia
848 2917 927 2949 nihil
945 2918 1016 2949 fidei
1044 2918 1144 2950 inesse

103 2966 151 2997 his
163 2990 172 3006 ‚
195 2975 268 3006 quae
292 2967 498 3007 promiserat,
514 2968 699 3008 reperisset,
716 2968 749 3000 id
767 2978 872 3000 causae
888 2969 1002 3008 fuisse,
1015 2971 1052 3000 nt
1070 2978 1144 3000 cum

103 3017 321 3050 Theudericho
339 3021 533 3052 conveniret.
558 3023 669 3053 Petere
690 3023 799 3053 autem
826 3022 986 3061 regionem
1012 3022 1089 3061 sibi,
1112 3023 1144 3054 in

105 3078 168 3110 qua
194 3074 423 3112 commoretur,
450 3072 536 3112 dari,
554 3075 586 3105 et
608 3074 806 3105 frumentum
829 3073 1040 3114 suppeditari,
1059 3074 1144 3114 quod

105 3123 218 3155 alendo
234 3125 389 3156 exercitui
411 3135 510 3165 usque
524 3126 564 3157 ad
578 3135 713 3158 messem
729 3127 806 3159 satis
822 3128 915 3159 esset.
930 3128 974 3159 Ut
987 3128 1083 3158 etiam
1100 3136 1147 3159 re-

107 3175 232 3207 dituum
246 3177 368 3217 imperii
379 3180 560 3218 coactores,
575 3188 655 3219 quos
665 3179 858 3211 domesticos
871 3180 1004 3211 Romani
1016 3181 1144 3218 vocant,

106 3235 201 3266 quam
217 3228 354 3268 primum
366 3229 491 3269 mittat,
509 3233 565 3270 qui
582 3231 739 3262 rationem
765 3231 933 3262 redderent
943 3240 1056 3263 eorum
1073 3240 1146 3271 quae

108 3278 293 3317 receperint.
337 3280 375 3311 Ni
391 3289 428 3311 ea
447 3282 582 3313 Romani
608 3282 758 3322 fecerint,
775 3282 808 3313 in
827 3291 884 3313 sua
901 3283 1056 3322 potestate
1082 3291 1146 3313 non

109 3335 175 3359 esse
183 3329 249 3360 tam
268 3338 414 3370 magnam
428 3332 556 3363 turbam
577 3333 757 3372 continere,
775 3333 852 3373 quin
877 3334 1001 3372 rapinas
1013 3334 1045 3364 et
1061 3342 1144 3373 prae-

109 3377 165 3410 das
179 3381 284 3419 agant,
296 3389 333 3412 ex
346 3382 462 3421 quibus
474 3392 563 3415 suam
579 3384 718 3429 inopiam
733 3384 854 3424 possint
872 3384 1053 3415 sublevare.
1067 3385 1144 3416 Haec

2142 199 2213 232 123

2106 236 2117 250 t

1180 282 1318 320 ἔλαὸον·
1335 279 1358 328 ἢ
1375 279 1425 331 μὴ
1439 283 1549 318 ταῦτα
1565 279 1780 329 ποιουμένων
1806 280 1890 331 πρὸς
1911 279 2012 318 αὐτὸν
2037 282 2104 317 τῶν
2124 279 2218 319 Ῥω·

1182 340 1305 391 μαίων,
1324 342 1362 378 οὖ
1385 340 1593 385 δυνήσεσθαι
1613 339 1715 382 αὐτὸς
1733 338 1840 376 πολὺν
1858 338 1960 390 ὄχλον
1980 339 2139 390 κατέχειν
2159 342 2218 377 τοῦ

1183 397 1231 449 μὴ
1250 398 1324 437 ὅθεν
1352 398 1508 437 δύναιντο
1527 399 1572 435 δι’
1599 398 1760 450 ἁρπαγῆς
1788 399 1920 440 ἑαυτοῖς
1950 398 2220 449 ἐπανορθοῦσθαι

1181 457 1242 503 τὴν
1273 457 1416 496 ἔνδειαν.
1437 459 1561 496 Ταῦτα
1583 455 1645 506 μὲν
1675 458 1693 493 ὁ
1713 454 1827 506 ἕτερος
1855 454 2064 506 Θευδέριχος
2090 455 2221 505 ἔλεγεν

1183 518 1200 554 ὁ
1221 515 1338 567 μέντοι
1356 515 1524 567 Τριαρίου
1540 514 1584 552 τά
1603 530 1640 553 τε
1658 513 1716 552 ἐπὶ
1736 513 1882 556 Λέοντος
1907 512 2107 550 συντεθέντα
2128 512 2223 558 ἠξίου

1184 575 1278 627 αὐτῷ
1300 573 1439 617 πάντως
1457 572 1627 624 γενέσθαι,
1650 572 1792 611 καὶτῶν
1814 570 1992 623 προτέρων
2007 571 2141 622 χρόνων
2163 570 2225 614 τὰς

1184 632 1360 676 συντάξεις
1378 631 1586 683 λαμὸάνειν,
1615 629 1693 675 τούς
1719 646 1758 668 τε
1784 629 1955 677 κηδεστὰς
1975 631 2068 682 αὐτῷ
2098 631 2225 673 ζῶντας

1185 692 1412 737 ἀποδοθῆναι·
1445 692 1476 728 εἷ
1509 690 1545 728 δὲ
1573 690 1632 728 καὶ
1671 689 1738 741 ἄρα
1771 688 1976 734 τεθνήκασι,
2005 687 2062 725 τὸν
2095 687 2246 726 Ἰλλοῦνν

1184 749 1262 801 περὶ
1276 749 1405 787 τούτων
1421 747 1595 796 ἐπομόσαι
1608 747 1667 786 καὶ
1685 747 1830 794 ἄλλους,
1843 740 1891 790 οἷς
1907 746 2006 788 αὐτὸς
2025 744 2082 783 ἐπὶ
2097 745 2226 783 τούτων

1183 810 1251 845 τῶν
1271 806 1440 859 Ἷσαύρων
1459 806 1627 845 πιστεύει.
1645 805 1765 853 Ζήνων
1784 804 1819 843 δὲ
1839 804 2048 854 πυθόμενος,
2064 802 2148 855 πρὸς
2166 802 2228 852 μὲν

1186 864 1244 903 τὸν
1265 864 1484 917 Βαλαμήρου
1518 863 1750 915 ἀπεκρίνατο,
1771 863 1823 901 ὅτι
1848 861 1949 906 αὐτὸς
1978 862 2030 908 εἴη
2062 861 2230 913 προδότης

1186 922 1245 962 καὶ
1267 923 1383 961 πάντα
1405 923 1542 962 ἐναντία
1570 917 1617 967 οἷς
1636 922 1809 975 ὑπέσχετο
1829 921 1976 974 δράσας,
1997 920 2089 964 ὅστις
2109 921 2229 957 διαπο-

1166 986 1169 988 ’
1186 983 1302 1032 λεμεῒν
1326 982 1564 1034 ὑποσχόμενος
1592 981 1693 1032 μόνος
1719 976 1794 1020 εἶτα
1813 980 1873 1018 καὶ
1894 981 2055 1032 βοήθειαν
2075 993 2229 1030 προσκα-

1186 1040 1334 1086 λέσηται
1355 1040 1480 1090 ἄλλην,
1503 1039 1610 1078 πάλιν
1629 1039 1664 1078 δὲ
1684 1039 1746 1086 τὴν
1774 1038 1921 1088 δύναμιν
1950 1041 2015 1076 τῶν
2042 1036 2230 1087 Ῥωμαίων

1188 1098 1342 1142 καλέσας
1357 1097 1471 1150 κρύφα
1488 1098 1574 1149 πρὸς
1589 1097 1802 1149 Θευδέριχον
1823 1096 1970 1147 πράττει
1989 1096 2068 1148 περὶ
2100 1095 2230 1148 φιλίας·

1188 1151 1226 1195 οῧ
1250 1155 1293 1204 δὴ
1314 1157 1375 1195 καὶ
1393 1156 1594 1207 αἰσθόμενον
1617 1156 1674 1194 τὸν
1706 1155 1899 1208 στρατηγὸν
1918 1158 1978 1202 τῆς
2005 1153 2147 1208 Θρᾴκης
2173 1153 2233 1191 καὶ

1188 1214 1265 1258 τοὺς
1297 1215 1443 1266 ἄλλους,
1472 1215 1593 1253 ὁπόσοι
1622 1214 1666 1252 τὰ
1698 1214 1889 1264 Ῥωμαίων
1930 1217 2113 1266 φρονοῦσι,
2145 1211 2233 1262 μήτε

1191 1272 1443 1320 ἀπηντηκέναι,
1483 1273 1572 1323 μήτε
1607 1272 1822 1324 συμὸάλλειν
1859 1274 1954 1326 αὐτῷ
1983 1271 2044 1315 τὰς
2075 1271 2235 1320 δυνάμεις

1190 1334 1383 1383 θαρσῆσαι,
1411 1330 1645 1384 φοὸουμένους
1675 1331 1829 1384 ἐνέδραν.
1863 1334 1937 1371 Νῦν
1969 1346 2006 1369 τε
2035 1332 2063 1368 εἷ
2092 1329 2234 1375 θελήσαι

1190 1390 1273 1441 πρὸς
1303 1390 1406 1428 αὐτὸν
1436 1392 1654 1441 πολεμῆσαι,
1689 1389 1967 1441 ἐπαγγέλλεσθαι
1999 1391 2092 1442 αὐτῷ
2124 1392 2234 1427 ταῦτα

1191 1450 1314 1488 δώσειν
1351 1452 1510 1496 νικῶντι,
1543 1449 1686 1501 χρυσίου
1730 1448 1849 1500 λίτρας
1887 1448 2025 1500 χιλίας,
2066 1448 2236 1500 μυριάδας

1191 1510 1222 1546 δ’
1245 1507 1431 1560 ἀργυρίου,
1466 1507 1634 1560 πρόσοδόν
1667 1524 1703 1545 τε
1732 1507 1816 1559 πρὸς
1844 1507 1975 1550 τούτοις
2010 1506 2236 1556 νομισμάτων

1192 1566 1336 1618 μυρίων·
1356 1567 1415 1604 καὶ
1433 1567 1545 1617 γάμον
1565 1569 1660 1619 αὐτῷ
1678 1565 1799 1604 δώσειν
1823 1568 1883 1611 τῆς
1904 1565 2094 1617 Ὀλυὸρίου
2114 1564 2237 1607 παιδὸς

1192 1624 1214 1671 ἢ
1244 1624 1351 1671 ἄλλης
1381 1627 1449 1663 τῶν
1478 1625 1621 1670 ἐνδόξων
1653 1626 1825 1676 γυναικῶν
1854 1625 1889 1661 ἐν
1914 1626 1956 1675 τῇ
1977 1625 2089 1662 πόλει.
2115 1625 2237 1662 Ταῦτα

1192 1698 1230 1721 τε
1258 1682 1334 1734 ἅμα
1359 1683 1469 1734 λέγων
1491 1686 1559 1721 τῶν
1579 1699 1616 1721 τε
1641 1683 1907 1721 ἀποσταλέντων
1932 1682 2015 1734 παρ’
2035 1683 2139 1720 αὐτοῦ
2162 1681 2239 1723 τοὺς

1193 1741 1354 1784 πλείονας
1369 1741 1478 1786 ἀξίαις
1489 1742 1631 1792 ἐτίμησε
1643 1772 1652 1788 ,
1663 1741 1723 1779 καὶ
1734 1740 1896 1793 πρέσὸεις
1910 1739 2092 1778 ἀπέστειλε
2103 1742 2238 1791 πρῶτον

1194 1799 1256 1850 μὲν
1277 1800 1478 1847 Φιλόξενον,
1501 1794 1577 1838 εἶτα
1610 1799 1814 1847 Ἰουλιανὸν,
1841 1799 1872 1837 εἴ
1900 1815 1974 1842 πως
1994 1798 2062 1850 ἄρα
2083 1798 2240 1836 δύναιντο

1195 1861 1408 1908 μεταπεῖσαι
1432 1858 1644 1911 ξυρραγῆναι
1672 1857 1803 1908 ἐκείνῳ.
1834 1857 1899 1900 (Ως
1919 1856 1953 1895 δὲ
1985 1856 2080 1895 οὐδὲν
2107 1855 2239 1902 ἔπειθε,

1198 1984 1332 2024 quidem
1344 1985 1423 2016 alter
1440 1985 1622 2025 proposuit:
1637 1985 1717 2016 alter
1730 1984 1980 2022 Theuderichus,
1994 1983 2119 2022 Triarii,
2130 1984 2240 2023 postu-

1199 2037 1281 2066 labat
1308 2042 1338 2066 ιιι
1371 2037 1478 2067 omnia
1505 2036 1564 2068 sibi
1591 2045 1610 2067 a
1636 2038 1739 2068 Leone
1764 2036 1918 2075 promissa
1941 2037 2181 2075 praestarentur,
2210 2035 2242 2065 et

1196 2088 1432 2128 praeteritorum
1444 2096 1603 2119 annorum
1617 2087 1774 2127 stipendia
1788 2087 2001 2126 solverentur,
2020 2087 2052 2117 et
2068 2085 2179 2117 affines
2192 2085 2241 2116 sui

1196 2139 1382 2179 superstites
1399 2139 1459 2170 sibi
1481 2139 1701 2178 redderentur;
1719 2139 1759 2170 de
1776 2139 1824 2170 his
1843 2140 1952 2170 autem
1964 2162 1972 2178 ‚
1990 2138 2046 2179 qui
2060 2138 2179 2169 mortui
2196 2146 2242 2169 es·

1198 2193 1288 2230 sent,
1303 2192 1397 2223 illum
1411 2194 1443 2224 et
1462 2200 1500 2223 ex
1522 2192 1638 2223 Isauris
1654 2192 1751 2231 alios,
1769 2200 1909 2232 quorum
1927 2200 2014 2222 cnrae
2030 2192 2062 2222 et
2088 2190 2240 2221 custodiae

1197 2244 1358 2276 commissi
1385 2244 1510 2276 fuerant
1522 2268 1530 2284 ,
1557 2245 1666 2284 jurare
1687 2244 1793 2284 jussit.
1821 2246 1899 2276 Haec
1916 2243 1971 2275 ubi
1988 2246 2072 2275 Zeno
2100 2242 2240 2282 audivit,

1197 2296 1417 2327 Theudericho
1432 2296 1583 2328 Vaiamiri
1602 2305 1788 2336 responsum
1802 2295 1909 2335 dedit,
1924 2304 1998 2326 eum
2011 2303 2079 2326 esse
2099 2294 2241 2334 prodito-

1198 2356 1285 2384 rem,
1313 2347 1370 2387 qui
1389 2347 1497 2378 omnia
1515 2348 1645 2385 contra,
1671 2356 1768 2387 quam
1785 2346 1998 2387 promisisset,
2026 2345 2168 2384 secisset3
2187 2346 2241 2385 qui

1199 2407 1299 2439 quum
1311 2408 1345 2430 se
1372 2398 1478 2430 solum
1503 2399 1623 2430 bellum
1649 2401 1810 2438 gesturum
1825 2398 1921 2430 fidem
1942 2397 2097 2436 dedisset,
2115 2397 2244 2428 aliunde

1199 2450 1317 2482 auxilia
1333 2450 1391 2482 sibi
1408 2451 1591 2482 accersisset
1612 2462 1620 2482 :
1639 2452 1671 2482 et
1684 2459 1786 2490 quum
1803 2452 2020 2482 Romanorum
2033 2449 2150 2489 copias,
2169 2458 2242 2488 quae

1199 2502 1359 2542 suppetias
1381 2502 1519 2540 ferrent,
1543 2501 1727 2540 accivisset,
1755 2502 1858 2541 clam,
1886 2504 1918 2532 et
1938 2501 1999 2532 illis
2022 2500 2145 2539 insciis,
2168 2509 2243 2531 cum

1200 2553 1420 2585 Theudericho
1430 2553 1603 2585 amicitiam
1617 2553 1837 2585 contraxisset.
1850 2555 1930 2590 Quae
1942 2560 2045 2591 quum
2059 2551 2127 2582 dux
2147 2552 2245 2583 Thra-

1201 2603 1258 2636 ciae
1274 2605 1387 2644 etalii,
1404 2605 1600 2645 quicumque
1612 2613 1629 2635 a
1643 2606 1859 2636 Romanorum
1876 2604 2020 2644 partibus
2032 2603 2174 2641 starent,
2194 2602 2243 2633 vi-

1201 2656 1320 2688 dissent
1332 2681 1341 2696 ,
1359 2657 1477 2688 veritos
1490 2656 1632 2695 insidias,
1652 2656 1691 2687 ad
1707 2656 1796 2687 illum
1813 2655 1963 2687 accedere
1977 2656 2033 2686 aut
2049 2663 2122 2686 suas
2139 2654 2245 2694 copias

1201 2707 1270 2747 eJus
1288 2709 1386 2748 copiis
1398 2708 1591 2748 conjungere
1607 2717 1702 2739 ausos
1717 2716 1781 2738 non
1797 2716 1874 2739 esse.
1891 2709 1983 2739 Nunc
2002 2707 2099 2738 etiam
2121 2705 2146 2737 si
2165 2706 2241 2737 velit

1202 2769 1277 2791 cum
1293 2760 1515 2792 Theudericho
1532 2760 1651 2791 bellum
1666 2760 1781 2798 facere,
1793 2767 1826 2790 se
1837 2758 1977 2798 polliceri
1993 2758 2080 2796 haec,
2099 2757 2123 2788 si
2138 2756 2244 2787 victo-

1202 2811 1283 2843 riam
1299 2811 1485 2852 reportarit‚
1500 2811 1543 2842 illi
1555 2810 1705 2842 daturuni
1725 2823 1732 2842 :
1747 2810 1817 2841 auri
1833 2810 1921 2841 mille
1932 2834 1941 2849 ‚
1966 2809 2088 2850 argenti
2104 2808 2244 2848 qnadra-

1202 2863 1288 2903 ginta
1301 2863 1399 2894 millia
1410 2863 1577 2901 librarum,
1591 2863 1624 2894 et
1638 2862 1774 2894 reditum
1786 2861 1897 2893 decem
1918 2861 2054 2892 millium
2073 2868 2244 2891 aureorum

1203 2917 1235 2946 et
1251 2917 1388 2955 nuptum
1416 2914 1460 2945 illi
1476 2914 1707 2945 collocaturum
1737 2912 1860 2952 Olybrii
1881 2911 1979 2943 filiam
1991 2936 2000 2952 ,
2017 2913 2074 2943 aut
2089 2911 2183 2942 aliam
2206 2919 2245 2942 ex

1203 2966 1430 2998 illustrioribus
1458 2965 1647 2997 mulieribus
1669 2964 1817 2996 civitatis.
1862 2966 1944 3001 Quae
1965 2972 2064 3003 quum
2097 2962 2245 3001 dixisset,

1203 3019 1371 3058 plerosque
1383 3026 1494 3049 eorum
1512 3040 1520 3055 ,
1531 3017 1587 3057 qui
1604 3016 1691 3048 missi
1707 3017 1816 3055 erant,
1833 3013 2040 3055 dignitatibus
2054 3015 2198 3052 ornavit,
2215 3015 2248 3044 et

1204 3071 1270 3111 ipse
1294 3072 1413 3110 legatos
1431 3069 1518 3101 misit
1543 3070 1682 3110 primum
1715 3069 1844 3109 quidem
1875 3068 2085 3100 Philoxenum
2096 3089 2106 3104 ‚
2134 3065 2247 3097 deinde

1203 3124 1299 3156 etiam
1316 3123 1501 3163 Julianum,
1513 3123 1615 3163 siqua
1635 3122 1757 3153 ratione
1774 3121 1900 3161 possent
1920 3129 1993 3152 eum
2010 3118 2187 3156 adducere,
2212 3119 2247 3147 ut

1204 3174 1307 3206 soedus
1320 3183 1394 3205 cum
1411 3173 1631 3206 Theudericho
1652 3173 1800 3205 solveret.
1829 3174 1938 3209 Quum
1955 3170 2032 3201 nihil
2046 3178 2120 3200 enm
2134 3176 2246 3199 move-

1205 3228 1271 3267 ret,
1286 3227 1424 3259 evocatis
1439 3226 1598 3258 militibus
1620 3226 1741 3257 bellum
1754 3225 1914 3264 suscepit,
1928 3231 2008 3263 quos
2021 3222 2166 3253 hortatus
2179 3222 2245 3257 est,

1205 3280 1241 3311 ut
1253 3279 1340 3310 bono
1353 3279 1461 3310 animo
1477 3280 1581 3310 essent
1601 3288 1607 3309 :
1623 3287 1656 3310 se
1669 3278 1753 3309 enim
1768 3275 1981 3308 communiter
1995 3282 2068 3304 cum
2092 3272 2152 3302 illis
2171 3271 2246 3302 belli

1205 3330 1346 3371 pericula
1359 3354 1368 3370 ,
1396 3329 1450 3361 ubi
1466 3338 1547 3369 opus
1573 3329 1686 3369 suerit,
1699 3328 1875 3359 aditurum.
1920 3328 1996 3358 Haec
2012 3331 2112 3363 quum
2133 3321 2246 3352 milites

1208 3382 1400 3422 audiissent,
1415 3382 1639 3422 imperatorem
1658 3374 1736 3412 huic
1753 3380 1837 3411 bello
1857 3379 2005 3410 interesse
2020 3374 2185 3412 statuisse,
2202 3373 2245 3404 ita
