2372 3704
1047 199 1380 240 FRAGMENTA.

118 285 220 336 ξατο,
235 283 312 328 τούς
325 300 361 323 τε
377 283 514 337 ἰατροὺς
534 283 700 334 μάλιστα,
716 283 750 323 οἳ
768 283 817 335 μὴ
834 283 1036 331 ὑπήκουσαν
1059 287 1163 337 αὐτῷ·

117 345 187 397 ἰδίᾳ
203 359 240 382 τε
261 344 382 396 δώροις
395 343 455 382 καὶ
476 342 643 394 μεγάλαις
663 342 873 395 ὑποσχέσεσι
888 341 965 387 τοὺς
980 346 1048 382 τῶν
1066 359 1168 396 στρα-

115 405 247 441 τιωτῶν
264 401 439 454 ἡγεμόνας
455 401 677 454 ἐθεράπευεν,
698 403 743 445 ὡς
758 400 800 439 ἂν
815 404 918 452 μόνον
939 402 1042 440 αὐτὸν
1064 404 1164 440 αὐτο-

115 460 269 513 κράτορα
291 459 531 504 ἀποδείξωσιν.
551 461 604 499 Οὔ
626 460 694 509 μὴν
713 459 825 497 ἔπειθε
845 460 884 498 τὸ
905 460 1165 512 στρατιωτικόν.

114 517 346 569 Μεμνημένοι
374 517 442 571 γὰρ
462 521 522 556 τοῦ
553 517 713 570 Σεόήρου
726 548 737 569 ,
757 517 837 564 ἴσην
866 518 982 562 αὐτοῖς
1001 518 1106 569 τιμήν
1128 534 1166 556 τε

113 577 172 616 καὶ
184 576 318 616 εὔνοιαν
332 576 556 629 παρείχοντο.
576 575 622 615 Ὅ
637 576 672 614 δὲ
683 576 893 624 Ἀντωνῖνος,
909 576 985 615 ἐπεὶ
1000 575 1048 627 μὴ
1064 592 1167 629 προσ-

113 635 239 688 εχώρει
272 637 368 688 αὐτῷ
394 634 439 673 τὰ
467 637 535 673 τῶν
567 634 829 688 στρατοπέδων,
850 635 1083 686 σπεισάμενος
1119 637 1165 673 εἷ-

115 695 221 747 ρήνην
244 696 292 738 εἷς
313 693 389 738 τοὺς
412 693 629 747 βαρὸάρους,
651 693 709 732 ἐπὶ
736 693 798 740 τὴν
817 693 961 744 Ῥώμην
984 694 1163 745 ἠπείγετο.

114 752 187 792 Καὶ
216 750 336 799 ἐπειδὴ
355 752 530 790 κατέλαὸε
550 751 613 799 τὴν
644 751 780 804 μητέρα
808 751 868 790 καὶ
884 752 941 791 τὸν
963 752 1109 806 ἀδελφὸν
1131 754 1166 791 ἐν

112 811 182 855 τοῖς
202 810 372 863 μεθορίοις
391 813 452 858 τῆς
471 810 633 861 Ῥώμης,
655 810 730 861 ἅμα
757 811 871 855 αὐτοῖς
898 810 955 850 ἐπὶ
984 810 1046 858 τὴν
1065 811 1165 849 πόλιν

113 870 272 922 ἀφίκετο.
289 868 356 913 εΩς
372 869 408 907 δὲ
425 868 549 912 αὐτοὺς
563 871 581 907 ὁ
598 869 706 919 δῆμος
723 869 952 922 δαφνηφορῶν
967 868 1165 918 ὑπεδέξατο,

110 926 135 975 ἥ
154 943 192 966 τε
209 926 402 979 σύγκλητος
419 926 676 979 αὐτοκράτορας
694 926 973 979 προσηγόρευσεν
989 942 998 951 ·
1019 926 1079 965 καὶ
1099 943 1164 974 κη-

112 986 296 1030 δεύσαντες
313 986 372 1024 τὸν
389 985 526 1037 πατέρα
544 987 691 1031 ἀνῆλθον
718 986 764 1029 εἷς
788 984 833 1023 τὰ
855 985 1034 1038 βασίλεια·
1055 985 1163 1024 διελό-

113 1059 211 1096 μενοι
229 1043 265 1082 δὲ
280 1043 370 1082 αὐτὰ
383 1043 580 1097 ἑκάτερος”
557 1059 652 1095 ῳκει,
671 1043 982 1117 παραφράττεσθαι
999 1044 1166 1088 κελεύσας

111 1102 229 1146 πάσας
254 1102 426 1150 εἰσόδους,
444 1101 477 1140 εἴ
496 1118 584 1146 τινες
604 1101 838 1141 λανθάνουσαι
866 1095 968 1149 ησαν·
991 1102 1112 1152 μόναις
1129 1102 1165 1141 δὲ

112 1162 236 1214 [ταῖς]
256 1161 468 1212 δημοσίαις’
453 1163 621 1213 εχρῶντο,
638 1160 727 1204 ἰδίας
740 1159 889 1214 φρουρὰς
903 1160 1164 1209 ἐπιστήσαντες,

111 1219 190 1259 οὐδὲ
210 1219 399 1267 συνιόντες,
422 1220 477 1271 [εἷ
498 1218 547 1270 μὴ
568 1219 655 1272 πρὸς
683 1218 811 1270 ὀλίγον,
834 1218 913 1258 ὅσον
943 1219 1096 1271 δημοσίᾳ
1117 1220 1165 1258 εἴ-

110 1294 197 1318 ποτε
214 1280 374 1331 ὀφθῆναι.
398 1277 631 1316 Ἐπετέλεσαν
648 1277 684 1315 δὲ
706 1277 774 1329 πρὸ
792 1276 983 1329 ἁπάντων]
1004 1276 1066 1324 τὴν
1082 1277 1166 1330 πρὸς

112 1337 168 1376 τὸν
185 1336 321 1389 πατέρα
340 1335 460 1386 τιμήν.
482 1335 575 1388 [Ἐξ
600 1335 730 1374 ἐκείνου
759 1334 819 1386 δὲ]
857 1335 1060 1380 ἐστασίαζον
1081 1336 1166 1388 πρὸς

113 1395 306 1442 ἀλλήλους,
336 1394 475 1444 ἐμίσουν
499 1409 537 1432 τε
556 1392 616 1432 καὶ
636 1393 861 1432 ἐὸουλεύοντο
880 1393 958 1431 κατ’
991 1393 1164 1442 ἀλλήλων,

111 1469 171 1492 και
187 1451 360 1504 [πάντα”
341 1467 510 1504 επραττεν
527 1451 710 1503 ἑκάτερος,
724 1452 738 1502 ]
757 1451 808 1495 τίς
820 1453 958 1503 πρῶτος
973 1451 1031 1490 τὸν
1048 1451 1163 1506 ἕτερον

110 1510 404 1550 ἀποσκευάσεται.
428 1509 653 1571 Ἔαερίζοντο
671 1509 706 1547 δὲ
723 1509 783 1548 καὶ
799 1509 939 1548 πάντων
958 1512 994 1549 αἱ
1013 1513 1163 1562 γνῶμαι,

112 1567 186 1607 ὅσοι
204 1570 240 1606 ἐν
265 1567 460 1618 ἀξιώμασιν
483 1572 589 1615 ἦσαν.

165 1640 196 1665 2.
228 1625 271 1666 Ὁ
286 1626 349 1677 μὲν
363 1626 431 1679 γὰρ
445 1626 556 1670 Γέτας
575 1626 763 1670 ἐπιεικείας
780 1625 907 1679 τρόπον
928 1626 1161 1678 ἐπεδείκνυτο,

111 1686 129 1722 ὃ
149 1684 185 1723 δὲ
206 1685 402 1728 Ἀντωνῖνος
421 1685 616 1736 ὠμότητος.
645 1683 797 1728 Τούτους
816 1684 851 1723 δὲ
872 1687 894 1731 ἡ
915 1684 1033 1738 μήτηρ
1054 1686 1163 1737 [συν-

112 1742 208 1794 άγειν
228 1743 417 1795 ἐπειρᾶτο]
434 1742 624 1794 μέλλοντας
641 1743 848 1795 διαιρεῖσθαι
864 1741 926 1789 τὴν
946 1742 1069 1795 ἀρχήν.
1091 1742 1163 1782 Καὶ

111 1805 173 1839 τοῦ
191 1798 254 1852 μὲν
273 1801 475 1840 Ἀντωνίνου
490 1801 606 1840 πάντα
625 1800 669 1839 τὰ
686 1801 744 1839 ὑπ’
763 1801 938 1853 Εὐρώπην
957 1802 1159 1853 δεχομένου,

112 1861 174 1896 τοῦ
206 1857 241 1896 δὲ
262 1858 355 1897 Γέτα
375 1857 440 1905 τὴν
460 1859 702 1910 ἀντικειμένην
720 1858 864 1911 ἤπειρον
895 1859 1012 1899 Ἀσίαν
1033 1862 1161 1899 καλου-

113 1916 221 1967 μένην
240 1923 371 1965 πᾶσαν,
390 1917 519 1969 ἤρεσκε
538 1917 598 1957 τὸν
621 1918 684 1969 μὲν
714 1918 912 1958 Ἀντωνῖνον
934 1918 993 1956 ἐπὶ
1017 1921 1066 1972 τῷ
1088 1922 1160 1959 Βυ-

111 1974 238 2028 ζαντίῳ
254 1976 393 2028 ἱδρῦσαι
412 1975 451 2014 τὸ
471 1975 719 2028 στρατόπεδον,
739 1975 798 2014 τὸν
819 1975 855 2014 δὲ
872 1975 983 2015 Γέταν
1002 1978 1036 2014 ἐν
1051 1978 1160 2016 Χαλ-

113 2034 233 2081 κηδόνι
249 2037 311 2081 τῆς
336 2034 517 2078 Βιθυνίας·
533 2033 624 2073 οὕτω
640 2050 677 2073 τε
693 2034 757 2082 τήν
775 2050 811 2073 τε
829 2033 1022 2085 σύγκλητον
1041 2035 1101 2073 καὶ
1117 2036 1161 2073 τὰ

113 2091 192 2140 ἔθνη
209 2091 270 2131 καὶ
286 2092 364 2136 τοὺς
383 2093 599 2146 στρατιώτας
616 2093 840 2146 μερίσασθαι.

166 2165 196 2189 3.
215 2152 340 2190 Ταυτα
355 2150 391 2189 δὲ
409 2153 523 2190 αὐτῶν
544 2151 814 2203 διατυπούντων,
829 2153 859 2190 οἱ
880 2150 941 2202 μὲν
957 2151 1056 2190 ἄλλοι
1073 2151 1161 2190 πάν-

112 2224 168 2252 τες
184 2212 399 2262 σκυθρωποῖς
415 2209 614 2262 προσώποις
623 2211 685 2270 mei<
714 2210 776 2257 τὴν
805 2213 870 2262 γῆν
899 2209 1062 2248 ἔνευσαν·
1081 2214 1103 2257 ἡ
1125 2210 1160 2248 δὲ

114 2267 261 2314 Ἰουλία,
282 2286 299 2302 τι
320 2270 392 2315 Γῆν
411 2267 529 2319 μὲν,”
510 2284 575 2321 εφη
589 2297 599 2316 ,
618 2271 647 2306 ὠ
664 2267 786 2315 τέκνα,
802 2284 862 2306 και
877 2268 1055 2306 θάλασσαν
1073 2268 1162 2320 ευρί-

114 2340 214 2364 σκετε
230 2325 322 2370 ὅπως
349 2326 527 2377 νείμησθε,
546 2326 607 2372 τὴν
623 2326 659 2364 δὲ
683 2325 819 2379 μητέρα
836 2328 910 2369 πῶς
927 2342 968 2364 αν
984 2326 1161 2374 διελοισθε,

114 2383 173 2422 καὶ
190 2387 264 2429 πῶς
278 2389 300 2433 ἡ
323 2385 425 2423 ἀθλία
440 2387 487 2429 εἷς
507 2384 671 2437 ἑκάτερον
687 2386 784 2434 ὑμῶν
798 2383 1006 2434 νεμηθείην;
1024 2387 1160 2437 πρῶτον

115 2441 157 2490 δὴ
177 2443 239 2492 ἐμὲ
258 2442 465 2497 φονεύσατε,
490 2443 550 2481 καὶ
579 2441 746 2486 διελόντες
766 2442 925 2494 ἑκάτερος
944 2445 1026 2495 παρ’
1049 2445 1161 2496 ἑαυτῷ

113 2501 153 2539 τὸ
176 2501 277 2553 μέρος
308 2501 484 2540 θαπτέτω.
509 2519 525 2534 »
557 2503 682 2539 Ταῦτα
712 2500 862 2551 λέγουσα
889 2500 977 2551 μετὰ
1006 2500 1162 2553 δακρύων

115 2559 175 2597 καὶ
196 2561 368 2611 οἰμωγῆς,
389 2558 596 2611 ἀμφοτέροις
608 2574 646 2596 τε
665 2558 728 2603 τὰς
749 2560 869 2612 χεῖρας
889 2559 1162 2610 περιὸάλλουσα,

115 2615 175 2654 καὶ
206 2616 273 2654 ὑπὸ
295 2615 355 2660 τὰς
389 2616 545 2668 ἀγκάλας
578 2616 754 2664 λαὸοῧσα,
787 2617 947 2669 συνάγειν
983 2618 1160 2670 ἐπειρᾶτο.

117 2674 259 2719 Πάντας
275 2675 311 2713 δὲ
329 2675 444 2714 οἴκτου
459 2675 643 2724 λαὸόντος,
661 2676 798 2723 διελύθη
817 2676 857 2714 τὸ
871 2676 1057 2728 συνέδριον,
1070 2676 1108 2715 τὸ
1128 2677 1163 2716 δὲ

119 2739 222 2783 μῖσος
247 2734 307 2771 καὶ
326 2736 348 2780 ἡ
365 2733 484 2778 στάσις
500 2733 636 2780 ηὔξετο.
662 2736 720 2778 Εἷς
747 2735 864 2785 πάντα
877 2733 944 2786 γὰρ
964 2734 1007 2772 τὰ
1024 2735 1163 2773 ἐναντία

116 2791 279 2838 ἀλλήλοις
294 2791 468 2844 ἐφρόνουν,
487 2792 547 2830 καὶ
563 2792 735 2845 οἰνοχόους
751 2791 810 2830 καὶ
826 2791 1010 2844 ὀψοποιοὺς
1024 2792 1162 2831 ἀνέπει-

116 2852 173 2888 θον
195 2849 362 2900 ἐμὸαλεῒν
390 2850 584 2902 δηλητήρια
606 2850 791 2902 φάρμακα.
815 2852 869 2890 Οὐ
900 2850 1024 2903 ῥᾳδίως
1044 2850 1078 2889 δὲ
1100 2853 1163 2889 αὖ·

115 2909 184 2946 τῶν
202 2908 370 2961 οὐδετέρῳ
388 2908 604 2961 προύχώρει·
626 2911 740 2961 πολλῇ
761 2907 828 2961 γὰρ
849 2910 1000 2960 ἐχρῶντο
1016 2909 1095 2961 περὶ
1120 2909 1164 2947 τὰ

2195 211 2270 246 589

1229 289 1372 325 τοιαῦτα
1400 292 1546 340 φρουρᾷ.
1604 286 1713 332 Τέλος
1746 288 1780 327 δὲ
1811 289 1859 338 μὴ
1882 289 1994 343 φέρων
2014 292 2032 329 ὁ
2052 290 2270 343 Ἀντωνῖνος,

1231 344 1307 383 ἀλλ’
1328 345 1470 393 ὑπὸτῆς
1486 346 1566 398 περὶ
1586 344 1648 393 τὴν
1669 348 1861 400 μοναρχίαν
1883 349 2064 399 ἐπιθυμίας
2084 351 2272 402 ἐλαυνόμε·

1230 418 1304 451 νος,
1337 403 1394 441 διὰ
1425 403 1538 457 ξίφους
1569 404 1738 457 ἐχώρησε,
1775 421 1836 443 και
1855 405 1912 444 τὸν
1941 408 2085 461 ἀδελφὸν
2117 409 2175 448 ἐπὶ
2202 416 2272 455 τοῖς

1229 461 1370 509 στήθεσι
1389 465 1449 509 τῆς
1470 463 1598 514 μητρὸς
1616 463 1860 537 καταφυγόντα
1878 466 2100 518 διεχρήσατο.

1282 535 1313 561 4.
1346 521 1653 574 Κατεργασθέντος
1680 526 1738 560 οὖν
1759 525 1853 576 αὐτῷ
1882 527 1940 561 τοῦ
1970 525 2088 577 φόνου,
2109 529 2273 582 προπηδᾷ

1228 581 1289 616 τοῦ
1314 579 1409 618 οἴκου
1430 581 1529 627 θέων,
1547 580 1731 633 φερόμενός
1752 597 1788 619 τε
1810 582 1853 619 δι’
1877 581 1966 619 ὅλων
1985 585 2052 620 τῶν
2075 586 2272 635 βασιλείων,

1229 636 1314 675 ἐὸόα
1336 637 1446 689 μέγαν
1466 637 1654 676 κίνδυνον
1639 638 1910 691 εκπεφευγέναι,
1929 638 2026 689 μόλις
2044 657 2081 679 τε
2099 646 2272 690 σωθῆναι·

1228 695 1307 740 τούς
1328 712 1364 734 τε
1386 697 1602 750 στρατιώτας
1623 696 1656 736 οἳ
1676 701 1861 750 φρουροῦσι
1880 697 1923 736 τὰ
1945 698 2124 750 βασίλεια,
2142 703 2273 741 κελεύει

1230 754 1587 808 αὗτὸνῆὲιρπάσαντας
1620 756 1766 807 ἀπάγειν
1793 758 1840 800 εἷς
1866 756 1906 795 τὸ
1936 757 2181 806 στρατόπεδον.
2206 763 2273 800 Πι-

1229 814 1432 858 στεύσαντές
1457 830 1494 852 τε
1514 816 1658 866 ἐκεῖνοι,
1676 815 1716 853 τό
1740 815 1811 866 [τε]
1837 816 2081 867 πεπραγμένον
2097 817 2191 856 ἔνδον
2213 820 2274 857 οὐκ

1228 871 1373 919 εἰδότες,
1390 871 1499 910 θέοντι
1520 874 1614 924 αὐτῳ
1639 872 1891 926 συνεξέδραμον
1917 874 2058 918 πάντες·
2078 876 2217 928 ταραχή
2237 892 2274 915 τε

1227 928 1285 967 τὸν
1303 931 1411 980 δῆμον
1429 935 1605 982 κατεῖχεν,
1623 932 1749 983 ὁρῶντε
1753 947 1767 975 ς
1783 931 1862 984 περὶ
1884 932 1998 980 δείλην
2017 932 2073 970 διὰ
2091 933 2199 984 μέσης
2214 951 2274 988 φε-

1230 987 1370 1040 ρόμενον
1393 991 1453 1035 τῆς
1472 989 1605 1032 πόλεως
1629 988 1747 1042 δρόμῳ
1766 989 1822 1028 τὸν
1853 991 2013 1042 βασιλέα.
2033 991 2099 1036 Ὡς
2121 992 2156 1030 δὲ
2180 995 2273 1032 εἷσε-

1228 1046 1382 1093 πήδησεν
1403 1048 1450 1090 εἷς
1476 1046 1517 1085 τὸ
1549 1047 1781 1099 στρατόπεδον
1812 1047 1844 1091 ἔς
1863 1064 1900 1086 τε
1919 1064 1978 1087 τον
1998 1049 2094 1100 ναὸν,
2124 1050 2204 1088 ἔνθα
2228 1052 2273 1090 τὰ

1229 1107 1359 1155 σημεῖα
1379 1104 1513 1155 ἔκειτο,
1534 1104 1635 1158 ῥίψας
1654 1105 1776 1143 ἑαυτὸν
1798 1107 1861 1157 [εἷς
1875 1107 1956 1158 γῆν]
1977 1080 2148 1159 ὡμολόγει
2169 1109 2272 1162 χάρι·

1226 1178 1289 1206 τας
1304 1165 1365 1209 τῆς
1382 1162 1572 1215 σωτηρίας·
1586 1163 1646 1201 καὶ
1660 1166 1730 1208 τοῖς
1750 1163 1811 1214 μὲν
1827 1164 2056 1217 στρατιώταις
2068 1166 2106 1204 τὸ
2119 1167 2272 1219 πραχθὲν

1228 1221 1294 1272 οὐχ
1312 1221 1486 1272 ὡμολόγει
1501 1237 1510 1246 ·
1527 1222 1689 1260 ἐὸούλετο
1707 1221 1774 1274 γὰρ
1790 1227 1938 1261 νοεῖσθαι
1955 1226 2086 1274 μᾶλλον
2102 1224 2124 1271 ἢ
2146 1225 2274 1265 ἀκούεω

1229 1281 1331 1316 σθαι·
1354 1277 1414 1316 καὶ
1443 1277 1500 1316 διὰ
1524 1283 1625 1318 τοῦτο
1649 1278 1714 1318 ὅσα
1746 1281 1780 1317 ἐν
1815 1279 1958 1333 [ἔτεσι]
1989 1281 2034 1327 ιη’
2063 1284 2081 1320 ὁ
2117 1282 2272 1334 Σεὸῆρος

1227 1335 1397 1388 ἤθροισεν,
1424 1337 1458 1373 ἐν
1486 1343 1550 1390 μιᾷ
1570 1337 1686 1391 ἡμέρα
1716 1339 1762 1382 εἷς
1791 1337 1871 1383 τοὺς
1890 1338 2106 1393 στρατιώτας
2125 1339 2271 1392 ἐξέχεεν,

1226 1393 1282 1432 ἵνα
1301 1394 1359 1433 τὸν
1386 1395 1534 1448 ἀδελφοῦ
1553 1396 1700 1434 θάνατον
1720 1396 1921 1449 κυρώσωσι,
1939 1396 1999 1435 καὶ
2025 1401 2143 1436 τοῦτον
2168 1401 2272 1438 αὐτο-

1227 1452 1377 1505 κράτορα
1393 1453 1628 1505 ψηφίσωνται.

1280 1524 1310 1550 5.
1344 1510 1417 1549 Καὶ
1437 1511 1561 1555 §meac
1591 1516 1650 1550 τοῦ
1685 1512 1823 1563 θρόνου,
1845 1516 1904 1551 τοῦ
1932 1528 1969 1551 τε
1992 1514 2140 1566 ἀδελφοῦ
2159 1514 2273 1553 πολλὰ

1226 1568 1429 1621 κατηγόρει,
1451 1569 1512 1607 καὶ
1539 1573 1617 1614 τοὺς
1638 1572 1743 1609 αὐτοῦ
1764 1571 1881 1622 φίλους
1900 1571 2025 1623 δριμέα
2055 1572 2267 1614 διεὸλέπετο.

1226 1629 1272 1666 Οἱ
1293 1626 1328 1666 δὲ
1360 1628 1420 1666 καὶ
1444 1628 1644 1680 ὀδυρόμενοι
1678 1629 1735 1667 ἐπὶ
1769 1635 1840 1673 τοῖς
1864 1630 2137 1682 πεπραγμένοις,
2169 1632 2272 1670 αὖτο-

1226 1686 1380 1738 κροίτορα
1406 1687 1509 1725 αὐτὸν
1537 1687 1597 1725 καὶ
1629 1687 1807 1740 μονάρχην
1827 1689 2128 1741 προσηγόρευσαν.
2161 1688 2207 1728 Ὁ
2236 1689 2271 1728 δὲ

1226 1745 1419 1788 Ἀντωνῖνος
1448 1743 1639 1796 τρέμοντας
1669 1745 1729 1784 καὶ
1753 1747 1955 1799 ὠχριῶντας
1987 1747 2064 1791 τοὺς
2090 1747 2272 1793 πλείστους

1224 1802 1443 1853 καταλιπὼν,
1468 1803 1659 1855 ἀνέδραμεν
1691 1803 1750 1842 ἐπὶ
1770 1803 1814 1842 τὰ
1836 1805 1995 1856 βασίλεια
2012 1821 2020 1829 ·
2040 1805 2115 1844 ὅσοι
2147 1822 2184 1844 τε
2211 1810 2273 1854 τῆς

1225 1860 1419 1912 συγκλήτου
1452 1863 1594 1913 βουλῆς,
1620 1861 1680 1899 καὶ
1714 1860 1788 1900 ὅσοι
1822 1863 1911 1913 γένει
1937 1863 1959 1909 ἢ
1980 1864 2120 1918 πλούτῳ
2141 1866 2272 1917 περιεῖ-

1225 1934 1300 1971 χον,
1317 1921 1531 1972 [ἀνῃροῦντο
1543 1920 1582 1971 ,]
1603 1919 1662 1957 καὶ
1690 1923 1711 1967 ἡ
1730 1920 1891 1970 Κομόδου
1921 1922 2065 1974 ἀδελφὴ,
2082 1923 2271 1975 πρεσὸῧτις

1224 1977 1293 2024 ἤδη
1313 1977 1372 2016 καὶ
1392 1977 1459 2016 ὑπὸ
1484 1977 1624 2015 πάντων
1647 1980 1694 2021 ὡς
1714 1978 1863 2031 Μάρκου
1892 1978 2046 2031 θυγάτηρ
2068 1980 2270 2030 τιμωμένη,

1226 2035 1496 2088 προσαπώλετο,
1517 2035 1568 2073 διὸ
1586 2035 1756 2088 ἐδάκρυσε
1777 2035 1874 2088 παρὰ
1892 2039 1935 2088 τῇ
1956 2037 2060 2090 μητρι
2081 2039 2187 2076 αὐτου
2212 2038 2270 2077 ἐπι

1227 2096 1276 2145 τῷ
1292 2109 1352 2132 του
1371 2093 1493 2137 παιδος
1508 2093 1618 2167 φόνῳ.
1640 2093 1716 2141 Τήν
1741 2110 1778 2132 τε
1803 2097 1950 2146 γυναῖκα
1974 2095 2160 2146 γενομένην
2176 2098 2270 2149 αὐτῶ

1227 2151 1468 2204 Πλαυτίλλαν,
1489 2156 1594 2190 οὖσαν
1611 2154 1646 2190 ἐν
1670 2152 1832 2206 Σικελία,
1848 2152 1907 2191 καὶ
1924 2152 1981 2191 τὸν
2003 2154 2141 2207 ἀνεψιὸν
2163 2157 2268 2194 αυτοῦ

1228 2209 1378 2262 Σεὸήρῳ
1393 2226 1431 2249 τε
1457 2210 1640 2260 ὁμώνυμον
1667 2227 1727 2249 και
1747 2211 1804 2250 τὸν
1823 2210 2035 2263 Περτίνακος
2053 2212 2138 2260 υἱὸν,
2155 2216 2215 2260 τῆς
2230 2230 2268 2252 τε

1230 2270 1390 2319 Κομόδου
1420 2270 1570 2322 ἀδελφῆς
1589 2270 1785 2317 Λουκίλλης
1807 2270 1894 2318 υἱὸν,
1919 2269 1979 2309 καὶ
2001 2271 2033 2308 εἴ
2055 2286 2089 2309 τι
2108 2270 2204 2322 γένος
2224 2266 2267 2319 ἧν

1227 2327 1405 2378 βασιλικὸν
1424 2326 1481 2378 [ἢ]
1505 2329 1538 2365 ἐν
1558 2327 1743 2380 συγκλήτῳ
1759 2327 1793 2373 ἐξ
1809 2329 2022 2380 εὐπατριδῶν
2041 2329 2268 2380 καταὸαῖνον,

1225 2390 1296 2421 πᾶν
1315 2383 1486 2437 ἐξέκοψεν.
1508 2384 1571 2429 Εἷς
1589 2401 1625 2423 τε
1643 2385 1687 2423 τὰ
1707 2385 1785 2433 ἔθνη
1802 2385 1950 2437 πέμπων
1966 2387 2139 2438 ἡγεμόνας
2155 2403 2193 2425 τε
2209 2387 2269 2425 καὶ

1226 2442 1449 2494 ἐπιτρόπους,
1480 2445 1526 2486 ὡς
1555 2444 1684 2482 ἐκείνου
1713 2443 1848 2495 φίλους,
1880 2444 2090 2497 διεχρήσατο
2119 2445 2265 2489 πάντας.

1227 2501 1335 2540 Πᾶσά
1354 2516 1391 2539 τε
1411 2500 1468 2546 νὺξ
1489 2501 1588 2554 ἔφερε
1606 2501 1725 2554 φόνους
1741 2503 1973 2542 παντοδαπῶν
1989 2502 2190 2557 ἀνθρώπων,
2209 2503 2269 2542 καὶ

1226 2560 1261 2597 ἐν
1273 2559 1488 2613 ἱπποδρομίᾳ
1507 2560 1656 2605 πολλοὺς
1671 2559 1864 2614 ἐφόνευσεν.

1706 2655 1794 2694 132.

1279 2738 1368 2774 Exc.
1392 2739 1448 2773 De
1467 2738 1556 2773 virt.
1578 2751 1620 2786 p.
1644 2736 1719 2773 825
1749 2749 1759 2775 :
1785 2734 1871 2775 ’Ότι
1899 2736 1956 2775 ἐπὶ
1984 2736 2182 2776 Ἀντωνίνου
2209 2740 2268 2776 τοῦ

1227 2794 1301 2831 υἱοῧ
1324 2793 1482 2846 Σεὸήρου
1501 2794 1585 2843 πρὸς
1604 2799 1673 2837 τοῖς
1692 2793 1808 2838 ἄλλοις
1837 2797 1956 2838 κακοῖς
1978 2794 2038 2832 καὶ
2069 2800 2143 2839 ταῖς
2172 2811 2267 2846 μιαι-

1227 2851 1358 2905 φονίαις
1380 2853 1440 2891 καὶ
1459 2854 1490 2890 οἱ
1525 2855 1757 2904 στρατιῶται,
1785 2856 1844 2891 τοῦ
1866 2853 2043 2905 βιάζεσθαί
2061 2870 2099 2892 τε
2118 2854 2177 2892 καὶ
2204 2855 2268 2906 ἁρ-

1226 2910 1348 2955 πάζειν
1367 2909 1533 2954 λαὸόντες
1548 2909 1715 2959 ἐξουσίαν,
1727 2911 1840 2949 οὐκέτι
1850 2914 1928 2949 κατ’
1942 2911 2039 2950 οὐδὲν
2050 2913 2266 2965 διεκρίνοντο·

117 3031 209 3051 κοντο
222 3021 264 3056 εἰς
279 3021 335 3058 τὴν
345 3021 481 3062 Ῥώμην,
495 3021 512 3052 ὅ
529 3032 562 3052 τε
575 3022 672 3062 δῆμος
686 3021 797 3057 αὐτοὺς
811 3022 1012 3062 δαφνηφορῶν
1025 3022 1192 3058 ὑπεδέξατο
1205 3023 1224 3060 ἦ
1239 3033 1272 3053 τε
1284 3023 1455 3062 σύγκλητος
1467 3022 1726 3064 προσηγόρευσεν.
1744 3024 1840 3063 Seqq.
1852 3031 1894 3055 ex
1910 3024 2091 3055 Herodiano
2105 3024 2265 3056 resarcivi.

119 3065 188 3107 -§
202 3071 232 3098 2.
247 3066 299 3098 ὑπ’
310 3066 486 3108 Εὐρώπην]
499 3067 618 3099 Herod.
631 3079 639 3106 ;
650 3068 726 3108 ὑπὲρ
740 3068 813 3107 Εὐρ.
829 3067 943 3099 codex.
957 3068 1066 3098 -ἐπὶ
1081 3072 1131 3109 τῷ
1149 3069 1367 3111 Βυζαντίῳ]
1389 3071 1461 3101 Her.
1472 3080 1481 3108 ;
1493 3070 1543 3101 ἐπὶ
1552 3071 1588 3102 τὸ
1603 3070 1762 3107 Βυζάντιον
1777 3070 1848 3102 cod.
1864 3088 1904 3094 —-
1914 3070 1933 3111 §
1944 3075 1973 3103 3.
1988 3071 2155 3114 νείμησθε]
2168 3073 2241 3103 Her.
2255 3081 2265 3110 ;

116 3114 257 3155 νείμεσθε
272 3115 343 3147 cod.
359 3135 398 3142 -
413 3117 536 3148 διέλοι
546 3116 633 3158 σθε]
648 3118 722 3148 Her.
732 3140 741 3155 ,
756 3116 896 3153 διέλησθε
910 3116 981 3147 cod.
1001 3135 1037 3142 -
1049 3118 1067 3148 ὑ
1078 3115 1178 3156 μῶν]
1196 3117 1271 3146 Her.
1281 3139 1289 3154 ,
1310 3118 1397 3156 ἡμῶν
1412 3115 1483 3147 cod.
1497 3133 1540 3139 —-·
1551 3120 1703 3158 πρῶτον
1723 3117 1766 3155 δὴ
1778 3116 1788 3156 1
1805 3119 1892 3158 Hera,
1903 3129 1955 3158 πρ.
1970 3119 2003 3149 δὲ
2016 3118 2086 3150 cod.
2105 3138 2145 3145 —
2160 3128 2265 3158 περι-

117 3162 340 3204 ὃάλλουσα]
363 3165 439 3194 Iler.
452 3187 461 3203 ‚
478 3165 690 3205 περιὸαλοῠσα
700 3162 772 3195 cod.
786 3180 829 3186 —-
842 3163 1031 3204 συνάγειν
1055 3162 1260 3204 ἐπειρᾶτο]
1277 3174 1309 3194 σ.
1324 3175 1355 3195 τε
1373 3164 1422 3195 ε’π.
1441 3163 1513 3195 cod.
1529 3164 1600 3205 —§
1620 3167 1650 3196 4.
1670 3165 1960 3207 εἰσεπήδησεν]
1974 3166 2119 3198 ἐσέπεσεν
2135 3168 2209 3198 fler.
2225 3185 2266 3192 -

118 3208 323 3250 55.ἐπι6ὰς
336 3213 402 3241 τοῦ
419 3210 556 3251 θρόνου
566 3210 628 3251 ]sc.
640 3211 671 3242 in
683 3212 807 3249 senatu,
821 3211 853 3241 in
867 3219 963 3250 quem
974 3210 1026 3242 die
1038 3210 1335 3242 caedemsubsecuto
1348 3219 1381 3242 se
1393 3210 1540 3242 contulit.
1552 3213 1592 3243 V.
1609 3211 1728 3243 Herod.
1742 3213 1797 3249 1V,
1810 3217 1839 3244 5.
1849 3214 1961 3244 -καὶ
1978 3214 2062 3244 ὅσοι
2079 3211 2264 3253 γένει]καὶ

118 3255 188 3287 ὅσοι
202 3255 335 3287 delenda
349 3257 437 3296 puto.
453 3257 623 3289 Herodian.
634 3259 690 3297 lv,
706 3262 725 3289 6
742 3270 749 3288 :
761 3261 814 3295 τῆς
829 3267 863 3288 τε
877 3258 1052 3297 συγκλήτου
1064 3257 1174 3298 βουλῆς
1188 3257 1256 3288 ὅσοι
1268 3257 1346 3296 γένει
1363 3258 1381 3296 ἢ
1393 3257 1517 3299 πλούτῳ
1527 3258 1699 3299 ὑπερεῖχον.
1712 3259 1777 3290 -ὑ
1786 3259 1832 3290 πὸ
1849 3270 1872 3290 π
1881 3258 1902 3290 ά
1911 3271 1926 3290 ν
1936 3270 1954 3290 τ
1963 3271 1989 3290 ω
1999 3259 2036 3300 ν]
2050 3260 2123 3299 πρὸς
2141 3258 2264 3289 πάντων

120 3302 300 3342 βασιλέων”
291 3311 323 3333 111
337 3304 412 3334 Her.
424 3303 551 3344 legitur.
563 3323 604 3330 —
615 3306 643 3336 ΙΙ
652 3305 669 3335 λ
677 3314 722 3335 αυ
730 3315 748 3335 τ
757 3303 815 3335 ίλλ
823 3314 843 3334 α
851 3315 867 3335 ν
879 3303 891 3344 ]
902 3304 1059 3336 Πλαυτίαν
1070 3304 1155 3343 cod.;
1168 3303 1262 3336 scribi
1277 3304 1370 3336 etiam
1382 3305 1500 3345 possit.
1514 3307 1708 3337 Πλαυτιανοῦ
1722 3306 1893 3347 [θυγατέρα
1903 3304 2029 3346 ]οὗσαν,
2042 3307 2087 3337 uti
2101 3305 2187 3336 estin
2206 3306 2264 3336 He·

120 3349 263 3382 rodiano.
276 3369 316 3376 -
326 3350 367 3390 ἐφ
375 3361 390 3381 ε
399 3362 415 3391 ρ
423 3361 437 3382 ε
454 3363 473 3393 φ
480 3351 498 3383 ό
505 3363 521 3383 ν
529 3363 545 3383 ο
552 3363 570 3383 υ
578 3363 591 3388 ς
607 3364 630 3384 π
638 3363 658 3384 α
665 3365 680 3384 ν
687 3363 728 3383 το
735 3353 751 3383 δ
761 3363 781 3383 α
789 3363 812 3383 π
821 3355 847 3383 ‹t›
854 3363 870 3384 ν
887 3352 907 3383 ἀ
914 3363 929 3383 ν
939 3353 954 3383 θ
963 3362 978 3392 ρ
987 3352 1013 3383 ὡ
1020 3363 1043 3383 π
1051 3364 1077 3383 ω
1084 3351 1122 3392 ν]
1136 3360 1176 3384 ex
1191 3351 1322 3390 Herod.;
1341 3351 1424 3392 ἔφερε
1436 3354 1497 3384 τῶν
1513 3352 1682 3398 ἀνθρώπων
1707 3352 1816 3393 φόνους
1834 3353 1957 3384 πάντων
1971 3352 2138 3392 ἀνθρώπων
2152 3350 2262 3382 codex.

162 3398 215 3428 Fr
241 3400 310 3428 132.
331 3397 450 3430 Eadem
467 3398 596 3431 brevius
608 3399 723 3432 suidas
742 3407 773 3431 v.
791 3398 977 3435 Ἀντωνῖνος.
1002 3398 1083 3431 Vide
1106 3398 1275 3431 Herodian.
1296 3399 1359 3438 lV,
1383 3402 1498 3430 6-12,
1521 3414 1563 3422 ·-
1585 3398 1650 3440 βιά
1659 3401 1673 3436 ζ
1682 3410 1696 3430 ε
1705 3410 1725 3430 σ
1734 3400 1749 3430 θ
1758 3398 1797 3430 αί
1816 3409 1854 3430 τε
1870 3410 1890 3430 κ
1899 3399 1935 3430 αὶ
1947 3397 1958 3439 ]
1981 3409 2013 3429 τε
2026 3406 2091 3429 om.
2117 3396 2206 3429 Suid.
2220 3414 2262 3422 —
