2372 3704
209 264 286 299 ⁵08

450 362 991 423 TELESARCHUS.

579 479 852 519 ΑΡΓοΛΙΚΑ.

703 567 736 594 1.

249 624 383 661 Sextus
391 626 537 674 Empir.
551 625 646 662 Adv.
658 626 777 663 math.
788 626 822 670 1,
844 637 953 673 12‚p.
974 637 1020 671 27
1031 637 1045 660 1
1061 624 1213 661 Fabric.
1232 635 1240 661 ε

199 680 424 733 Τελέσαρχος
443 681 479 719 δὲ
495 684 530 720 ἐν
549 684 599 733 τῷ
619 681 809 733 Ἀργολικῷ
835 680 1060 730 (Ἀσκληπιὸν
1077 695 1242 732 κεκεραυ-

199 741 329 777 νῶσθαι
346 739 539 790 λέγει),ὁ’τι
558 739 615 777 τὸν
640 739 797 791 Ὠρίωνα
818 738 1008 776 ἐπεὸοίλετο
1028 741 1241 784 ἀναστῆσαι.

197 798 339 834 Eadem
365 799 491 836 Schol.
515 801 606 837 Eur.
627 800 764 835 Alcest.
794 811 809 833 1
825 825 834 842 ‚
851 799 989 834 omisso
1009 798 1096 833 libri
1115 798 1240 834 titulo.

197 856 256 895 Cf.
277 857 475 904 Phylarch.
492 857 540 893 fr.
560 870 604 902 17
618 871 628 902 3
644 856 869 905 Apollodor.
887 857 957 901 ΙΙΙ,
981 869 1041 900 xo,
1060 860 1101 902 43
1118 856 1242 893 Schol.

197 915 352 952 Pindar.
373 915 482 962 Pyth.
505 916 583 961 ΙΙΙ,
601 914 665 962 96.

701 985 736 1009 2.

249 1049 375 1086 Schol.
402 1049 447 1084 Il.
474 1048 516 1093 λ,
537 1047 613 1096 690
635 1059 644 1085 :
675 1047 863 1094 Quaeritur
882 1058 997 1095 quam
1018 1047 1067 1082 ob
1096 1059 1244 1082 causam

196 1107 379 1142 Hercules
395 1106 531 1153 Pylum
551 1106 823 1154 expugnaverit
839 1106 1023 1153 Neleique
1038 1104 1134 1141 filios
1148 1119 1243 1154 prae-

197 1171 256 1199 ter
283 1164 479 1208 Nestorem
514 1163 698 1199 occiderit
732 1176 740 1198 z
777 1160 1000 1214 Τελέσαρχος
1033 1160 1069 1198 δὲ
1104 1163 1138 1198 ἐν
1175 1167 1244 1204 τοῖς

197 1221 421 1272 Ἀργολικοῖς,
439 1220 567 1271 ἄγοντα
589 1220 632 1258 τὰ
655 1219 787 1272 χρύσεα
807 1221 904 1270 μῆλα
930 1219 1063 1258 καὶτὸν
1084 1223 1243 1273 ζωστῆρα

196 1278 256 1316 καὶ
289 1277 367 1321 τοὺς
396 1279 589 1328 Διομήδους
615 1276 742 1321 ἵππους
774 1278 947 1331 εἴργεσθαι
975 1278 1166 1318 ἐπιὸαίνειν
1197 1283 1241 1332 τῇ

196 1336 313 1385 πόλει,
329 1336 389 1375 καὶ
409 1341 467 1375 τοῦ
485 1337 657 1389 Νέστορος
674 1335 878 1381 κωλύοντος.

321 1539 631 1597 -TEUCER
671 1520 1095 1598 cYZmENUS.

251 1650 384 1686 Suidas
420 1662 428 1685 :
462 1650 615 1700 Τεῦκρος
644 1650 662 1685 6
705 1647 916 1695 Κυζικηνὸς,
947 1650 965 1686 6
997 1648 1131 1701 γράψας
1151 1649 1240 1700 Περὶ

196 1706 412 1759 χρυσοφόρου
444 1708 525 1757 γῆς,
546 1705 632 1758 Περὶ
657 1708 717 1743 τοῦ
745 1705 954 1753 Βυζαντίου,
980 1708 1240 1759 Μιθριδατικῶν

197 1764 352 1817 πράξεων
376 1764 494 1816 βιὸλία
515 1765 558 1814 ε’,
578 1763 668 1816 Περὶ
685 1762 801 1815 Τύρου
819 1765 858 1811 ε’,
879 1764 1071 1817 Ἀραὸικῶν
1089 1765 1130 1812 ε’,
1152 1765 1240 1804 Ἰου-

198 1822 320 1869 δαϊκὴν
336 1822 488 1876 ἱστορίαν
506 1824 540 1860 ἐν
556 1822 701 1874 βιὸλίοις
719 1821 764 1872 ς’,
783 1821 947 1876 Ἐφήὸων
963 1826 1029 1862 τῶν
1045 1825 1078 1862 ἐν
1098 1825 1238 1878 Κυζίκῳ

198 1881 345 1928 ἄσκησιν
366 1882 397 1932 γ’
418 1881 477 1919 καὶ
493 1881 612 1918 λοιπά.

248 1942 350 1977 Nihil
365 1953 411 1977 ex
428 1939 486 1976 his
511 1941 596 1976 tulit
614 1947 780 1987 aetatem,
811 1942 842 1977 si
862 1941 1015 1989 quidem
1036 1942 1129 1978 duos
1151 1943 1241 1979 istos

196 2000 320 2046 locos,
340 1999 476 2046 quibus
489 2001 632 2035 Teucer
648 1999 752 2048 apud
767 2007 962 2036 auctorem
978 2002 1101 2048 Etym.
1119 2002 1170 2038 M.
1188 2003 1239 2037 ci·

196 2065 309 2103 tatur,
321 2057 369 2093 ad
382 2069 497 2106 opera
511 2070 533 2093 a
543 2058 659 2094 Suida
667 2060 849 2094 recensita
856 2058 987 2094 referri
997 2060 1060 2095 vix
1071 2068 1239 2108 possunt.

194 2118 293 2152 Num
314 2115 478 2168 ejusdem
497 2117 633 2151 Teucri
654 2117 829 2164 Cyziceni
845 2118 918 2152 sint
939 2114 1123 2167 Ὁρισμοὶ,
1146 2131 1240 2165 quo-

195 2188 280 2211 rum
296 2175 492 2210 Athenaeus
505 2175 736 2211 mentionem
751 2175 853 2220 facit,
871 2188 951 2211 non
963 2176 1095 2223 liquet.
1110 2178 1242 2225 Neque

194 2234 314 2282 magis
330 2240 476 2269 constat
491 2246 582 2268 num
599 2233 805 2281 Cyzicenus
819 2235 963 2269 Teucer
976 2234 1078 2270 idem
1093 2235 1140 2270 sit
1155 2248 1242 2271 cum

199 2293 336 2327 Teucro
349 2292 581 2338 Babylonio,
601 2291 648 2327 de
668 2304 745 2339 quo
773 2293 1007 2340 Porphyrius
1031 2293 1179 2330 Introd.
1204 2295 1242 2330 in

196 2350 355 2386 Ptolem.
372 2351 429 2385 De
446 2349 569 2385 effect.
584 2357 719 2388 astror.
735 2362 773 2399 p.
796 2362 872 2386 2oo
889 2350 951 2386 ed.
967 2351 1048 2386 Bas.
1064 2362 1073 2387 ε
1095 2346 1240 2399 Ἔγκει-

197 2421 254 2442 ται
285 2404 321 2442 δὲ
350 2405 409 2443 καὶ
440 2408 508 2442 τῶν
541 2407 692 2443 δεκανῶν
719 2406 779 2444 καὶ
813 2408 879 2444 τῶν
911 2407 1240 2458 παρανατελλόντων

198 2463 313 2505 αὐτοῖς
353 2462 412 2500 καὶ
447 2465 515 2500 τῶν
546 2463 744 2515 προσώπων
772 2463 817 2502 τὰ
843 2464 1110 2512 ἀποτελέσματα
1144 2465 1240 2517 παρὰ

197 2519 342 2573 Τεύκρῳ
375 2522 425 2572 τῷ
458 2520 683 2573 Βαὸυλωνίῳ.
702 2525 748 2558 Et
763 2524 903 2559 Psellus
920 2525 959 2558 in
981 2524 1115 2572 fragm.
1135 2526 1240 2572 quod

198 2592 219 2615 e
233 2580 320 2616 cod.
352 2581 500 2617 Monac.
527 2592 550 2616 a
568 2581 767 2629 Spengelio
783 2580 1014 2629 descriptum
1032 2582 1242 2629 publicavit

197 2638 474 2675 Westermann.
507 2639 547 2674 in
578 2638 833 2687 Paradoxogr.
864 2651 902 2686 p.
934 2643 1003 2684 147
1029 2652 1037 2674 :
1067 2638 1150 2676 Ἀπὸ
1172 2642 1239 2677 τῶν

198 2694 355 2746 Τεύκρου
375 2698 435 2733 τοῦ
463 2694 688 2733 Βαὸυλωνίου
720 2695 863 2747 βιὸλίων
883 2694 997 2732 πολλά
1014 2711 1064 2738 τις
1085 2695 1125 2733 ἂν
1149 2696 1239 2749 εὕροι

200 2751 494 2801 θαυμασιώτατα,
512 2747 580 2790 ἆπό
605 2768 642 2791 τε
659 2755 727 2790 τῶν
755 2751 885 2797 ζῳδίων
904 2751 964 2793 καὶ
991 2752 1060 2790 ἀπὸ
1081 2756 1148 2791 τῶν
1169 2769 1238 2790 πα-

203 2810 480 2862 ρανατελλόντων
498 2810 633 2864 ἑκάστῳ
650 2809 780 2849 τούτων
793 2810 853 2848 καὶ
873 2809 942 2847 ἀπὸ
958 2813 1025 2848 τῶν
1043 2811 1237 2862 λεγομένων

853 258 1196 309 TELESARCHI,
1226 256 1414 297 TEUCRI
1445 255 1691 299 CYZICENl.

1304 345 1456 382 δεκανῶν
1487 342 1713 388 παντοδαπὰς
1741 345 1899 398 ἀφορμὰς
1930 346 1965 384 ἐν
1998 345 2171 399 διαφόροις
2201 346 2347 399 πράξεσι

1305 401 1539 454 ποριζόμενος.
1558 401 1640 442 Εἰσὶ
1652 402 1719 456 γὰρ
1739 404 1774 440 ἓν
1791 403 1926 458 ἑκάστῳ
1945 406 2013 442 τῶν
2030 405 2160 449 ζωδίων
2180 411 2271 458 τρεῖς
2287 422 2348 445 κα·

1305 459 1516 510 τειλεγμένοι
1551 460 1687 498 δεκανοὶ
1725 461 2010 514 ποικιλόμορφοι,
2035 465 2054 500 6
2086 462 2149 513 μὲν
2184 463 2348 517 κατέχων

1314 518 1476 566 πέλεκυν,
1497 520 1515 555 6
1532 519 1563 556 δ’
1587 520 1634 562 εἷς
1658 518 1744 557 ἄλλο
1763 534 1800 557 τι
1826 520 2125 571 ἐσχηματισμένος
2149 522 2346 573 εἷκόνισμα·

1305 569 1352 613 ὧν
1372 576 1402 613 εἷ
1420 575 1464 613 τὰ
1483 573 1557 622 εἴδη
1577 574 1636 613 καὶ
1649 575 1694 614 τὰ
1708 577 1876 627 σχήματα
1897 578 1930 614 ἐν
1952 578 2144 617 δακτυλίων
2162 581 2346 634 ἐγγλύψεις

1309 632 1498 685 σφενδόνῃ,
1529 633 1750 685 ἀποτρόπαιά
1781 649 1835 672 σοι
1857 635 1975 672 δεινῶν
2003 636 2199 686 γενήσεται.
2223 640 2347 678 Ταῦτα

1307 689 1369 740 μὲν
1389 683 1446 726 οῦν
1464 692 1482 727 6
1503 692 1657 741 Τεῦκρος
1676 689 1735 728 καὶ
1764 692 1796 728 οἳ
1820 693 1900 728 κατ’
1927 693 2052 731 ἐκεῖνον
2076 696 2107 732 οῖ
2133 696 2287 748 περιττοὶ
2303 696 2347 734 τὰ

1306 747 1475 799 μετέωρα.
1500 751 1658 786 Huncce
1683 750 1812 786 locum
1831 763 1852 786 e
1871 751 1957 788 cod.
1975 752 2053 799 jam
2077 753 2184 790 dedit
2201 755 2348 793 Salma-

1304 807 1379 842 sius
1398 807 1437 842 in
1465 807 1562 843 Plin.
1584 809 1719 844 Exere.
1739 821 1780 856 p.
1802 808 1894 854 461,
1912 810 1979 857 qui
2008 811 2047 845 in
2065 811 2172 850 Praef.
2195 814 2253 849 De
2281 826 2344 852 an.

1305 865 1464 902 climact.
1494 866 1680 901 Teucrum
1704 866 1806 902 hunc
1831 868 2063 916 astrologum
2083 869 2131 904 ab
2159 869 2346 909 Arabibus

1310 923 1506 958 Tenkelum
1539 925 1669 960 vocari
1704 931 1826 962 notat.
1865 926 2038 962 Eundem
2072 939 2149 964 esse
2182 930 2346 967 Lasbam

1305 982 1561 1028 Babylonium,
1582 983 1648 1029 qui
1662 982 1812 1018 dicatur
1822 984 1863 1019 in
1877 984 1965 1020 cod.
1977 997 2045 1022 ωε.
2058 987 2080 1021 J
2083 986 2147 1021 oh.
2165 987 2349 1026 Camateri

1305 1047 1430 1075 censet
1449 1040 1645 1078 Fabricius
1664 1041 1762 1079 Bibl.
1785 1042 1850 1079 Gr.
1870 1043 1933 1086 IV,
1951 1055 1990 1091 p.
2013 1043 2099 1079 166.
2119 1045 2196 1081 Sub
2211 1047 2349 1084 Zeuchz·

1304 1098 1458 1133 nomine
1493 1098 1663 1145 quaedam
1694 1100 1918 1148 astrologica
1940 1100 2051 1146 ferri,
2082 1109 2172 1138 teste
2189 1104 2347 1141 Labbeo

1306 1155 1401 1194 Bibl.
1420 1168 1508 1194 nov.
1528 1169 1599 1193 ms.
1619 1170 1657 1205 p.
1678 1157 1753 1203 278
1766 1165 1897 1194 monet
1914 1159 2122 1196 Brackerus
2138 1162 2235 1199 Hist.
2258 1165 2343 1201 crit.

1303 1215 1396 1262 phil.
1407 1215 1440 1259 Ι,
1455 1227 1492 1259 2,
1505 1227 1545 1262 p.
1572 1215 1659 1260 130,
1674 1217 1731 1251 uti
1748 1216 1851 1252 disco
1869 1228 1915 1252 ex
1928 1218 2218 1255 Westermanno
2234 1221 2343 1260 Praef.

1304 1272 1351 1308 ad
1370 1272 1557 1310 Paradox.
1578 1286 1618 1321 p.
1636 1286 1775 1311 XLVIII.
1807 1274 1911 1310 Idem
1937 1275 2153 1312 Bruckerus
2174 1272 2344 1327 Babylt'i—

1305 1332 1411 1366 nium
1430 1343 1451 1367 a
1483 1331 1667 1378 Cyziceno
1685 1332 1807 1369 Suidae
1833 1346 1912 1369 non
1938 1334 2144 1383 distinguit.
2172 1337 2348 1376 Fortasse

1302 1390 1502 1436 Babylonii
1519 1402 1657 1426 nomen
1671 1392 1718 1427 ab
1739 1398 1819 1427 arte
1839 1392 2066 1442 astrologica
2083 1394 2240 1433 invenit.
2260 1397 2347 1433 Μο-

1303 1448 1471 1483 nendum
1492 1460 1583 1483 vero
1607 1449 1719 1484 etiam
1739 1444 1994 1497 Agathoclem
2008 1451 2232 1498 Cyzicenum
2255 1455 2347 1492 item

1303 1506 1351 1541 ab
1373 1507 1455 1542 aliis
1468 1507 1596 1542 vocari
1613 1507 1879 1554 Babylonium.
1895 1509 1951 1545 Ac
1963 1510 2089 1545 nescio
2109 1523 2156 1546 an
2171 1508 2345 1558 Ἰουδαῖκὴ

1302 1562 1435 1615 ἱστορία
1446 1592 1457 1612 ,
1473 1577 1583 1614 quam
1599 1565 1733 1603 Suidas
1750 1565 1864 1613 dicit,
1882 1579 1962 1603 non
1977 1567 2091 1604 fuerit
2105 1571 2233 1618 potius
2245 1571 2346 1609 Χαλ-

1302 1620 1406 1667 δαϊκὴ
1426 1620 1577 1674 ἱστορία.

1811 1689 1842 1714 1.

1356 1749 1482 1798 Etym.
1510 1752 1563 1788 M.
1585 1764 1623 1800 p.
1653 1763 1742 1797 210,
1763 1764 1810 1788 22
1830 1763 1840 1788 :
1865 1750 2099 1802 Βουτρωτὸςῆ
2120 1752 2342 1805 Βουθρωτὸς,

1302 1804 1400 1850 πόλις
1415 1809 1475 1853 τῆς
1494 1806 1678 1860 Ἠπείρου,
1695 1807 1738 1851 ὥς
1753 1823 1839 1861 φησι
1859 1810 2011 1859 Τεῦκρος
2027 1810 2045 1846 6
2059 1810 2270 1858 Κυζικηνὸς,
2291 1811 2343 1850 ὅτι

1303 1863 1447 1903 Ἑλένου
1462 1866 1502 1903 ἐκ
1518 1869 1581 1912 τῆς
1595 1866 1759 1918 πατρίδος
1775 1868 1821 1909 εἷς
1836 1865 1898 1912 τὴν
1917 1863 2085 1918 Ἤπειρον
2098 1870 2341 1920 παραγενομέ-

1302 1937 1380 1970 νου,
1399 1922 1537 1967 θύοντος
1552 1923 1588 1962 δὲ
1604 1924 1828 1976 ἐπιὸατήρια,
1845 1927 1866 1970 ἡ
1883 1927 1962 1976 βοῦς
1975 1925 2013 1962 οὗ
2033 1926 2171 1977 καιρίαν
2185 1927 2342 1966 λαὸοῦσα

1301 1979 1426 2031 τομὴν,
1446 1981 1584 2034 φεύγει,
1604 1983 1664 2020 καὶ
1680 1983 1807 2021 κόλπον
1825 1982 1901 2020 τινὰ
1917 1985 1978 2028 τ’ῆς
1996 1982 2162 2038 Ἠπείρου
2180 1985 2341 2033 διανηξα-

1303 2039 1406 2088 μένη,
1427 2042 1473 2083 εἷς
1496 2044 1560 2092 γ’ἧν
1581 2039 1776 2093 ἐξέρχεται,
1811 2040 1870 2078 καὶ
1886 2044 2132 2080 καταπεσοῦσα
2157 2042 2338 2082 ἀπέθανεν.

1303 2097 1348 2137 ‘O
1368 2098 1403 2136 δὲ
1422 2097 1588 2146 ”Ελενος,
1608 2098 1776 2152 συμὸόλῳ
1791 2098 1870 2150 θείῳ
1886 2098 2127 2151 χρησάμενος,
2149 2101 2254 2146 κτίζει
2272 2102 2342 2140 πό·

1302 2156 1369 2205 λιν,
1387 2155 1447 2194 καὶ
1460 2157 1528 2194 ἀπὸ
1540 2160 1600 2195 τοῦ
1616 2157 1810 2207 συμὸάντος
1827 2157 2026 2210 Βουτρωτὸν
2041 2158 2149 2205 αὐτὴν
2163 2159 2338 2210 ὠνόμασε.

1356 2216 1532 2264 Stephan.
1551 2218 1640 2264 Byz.
1664 2230 1671 2252 :
1695 2214 1893 2267 Βουθρωτὸς
1905 2244 1915 2264 ,
1932 2215 2141 2266 χερρόνησος
2155 2217 2235 2270 περὶ
2252 2217 2343 2270 Κέρ-

1303 2287 1426 2324 κυραν.
1448 2272 1552 2311 Ἔστι
1577 2272 1637 2311 καὶ
1657 2273 1767 2316 πόλις.
1795 2272 1949 2319 Ἐκλήθη
1970 2274 2000 2310 δ’
2021 2275 2051 2311 οἱ
2071 2273 2133 2323 μέν
2152 2290 2254 2328 φασιν
2271 2275 2343 2314 ἀπὸ

1301 2334 1361 2368 τοῦ
1381 2332 1530 2369 οἰκιστοῦ
1543 2361 1554 2381 ,
1580 2333 1610 2369 οἱ
1631 2330 1667 2369 δὲ
1688 2329 1912 2381 μυθεύονται,
1934 2330 1986 2368 ὅτι
2003 2331 2135 2385 Ἑλένῳ
2155 2334 2195 2371 ἐκ
2213 2333 2341 2386 Τροίας

1300 2387 1440 2426 πλέοντι
1459 2389 1492 2431 ἐς
1515 2387 1677 2440 ἑσπέρην,
1700 2387 1841 2427 θύσαντι
1870 2387 2093 2440 ἀποὸατήρια
2112 2391 2147 2427 ἐν
2164 2390 2340 2444 Ἠπείρῳ,

1299 2444 1338 2482 τὸ
1355 2448 1446 2496 θῦμα
1465 2448 1486 2492 ἠ
1510 2449 1588 2498 βοῦς
1611 2446 1840 2498 ἀποδράσασα
1860 2446 1901 2484 ἐκ
1931 2449 1992 2484 τοῦ
2013 2447 2210 2498 βουπλῆγος
2228 2447 2342 2501 ᾤχετο

1301 2503 1473 2554 φεύγουσα
1491 2503 1547 2541 διὰ
1562 2503 1601 2541 τὸ
1615 2503 1743 2554 μεταξὺ
1759 2503 1902 2542 πόντου·
1920 2503 1980 2542 καὶ
1996 2505 2043 2548 εἷς
2064 2504 2121 2543 τὸν
2134 2504 2258 2558 χέρσον
2278 2507 2350 2557 ἐμ-.

1302 2561 1395 2599 ὅᾶσα
1409 2561 1486 2610 (καὶ
1505 2560 1572 2614 γὰρ
1591 2564 1714 2614 τρῶμα
1743 2563 1778 2599 ἔν
1796 2564 1838 2612 τῇ
1854 2562 1949 2614 δειρῇ
1973 2555 2085 2614 εἶχεν)
2115 2564 2220 2601 αὐτοῦ
2237 2563 2342 2616 ἤριπε
2364 2576 2372 2582 “

1300 2619 1359 2655 καὶ
1379 2619 1496 2657 ἔθανε·
1527 2619 1588 2658 καὶ
1608 2619 1748 2671 κληδόνι
1776 2620 1794 2656 6
1820 2617 1963 2662 ’Έλενος
1989 2622 2134 2670 χρῆται,
2162 2619 2220 2659 ἵνα
2240 2621 2339 2670 ἔθηκε

1300 2677 1512 2729 Βουθρωτὸν,
1533 2677 1579 2722 ὥς
1601 2693 1685 2730 φησι
1704 2679 1858 2729 Τεῦκρος
1876 2679 1894 2715 6
1913 2677 2115 2724 Κυζικηνός.

1801 2760 1837 2784 2.

1352 2817 1474 2864 Etym.
1503 2819 1553 2855 M.
1573 2831 1612 2866 p.
1642 2818 1735 2866 193,
1764 2831 1809 2866 ¹9
1832 2831 1840 2853 ε
1868 2815 2022 2863 Βεὸαία,
2041 2817 2137 2868 πηγὴ
2161 2817 2251 2855 οὕτω
2273 2833 2344 2856 κα-

214 2886 2328 2905 —————-—-—-———.——-—————-

587 2940 685 2979 ARG
692 2939 840 2979 OLICA
848 2967 858 2978 .

704 3023 736 3054 1.

243 3079 450 3111 Telosarclius
463 3080 496 3111 in
519 3089 615 3121 opere
628 3083 675 3114 De
687 3081 833 3122 Argolide
848 3082 1064 3122 AEsculapium
1077 3082 1244 3122 propterea

202 3130 336 3162 fulmine
345 3131 445 3163 ictum
461 3140 528 3164 esse
539 3132 634 3172 dicit,
651 3133 738 3174 quod
755 3133 905 3166 Orionem
918 3133 951 3165 in
965 3134 1065 3165 vitam
1079 3134 1244 3166 restituere

202 3184 335 3214 conatus
350 3183 400 3215 sit.

698 3230 733 3261 2.

244 3291 450 3323 Telesarchus
478 3292 510 3323 in
538 3292 687 3332 Argolicis
717 3293 886 3325 Herculem
909 3293 1023 3333 Pylum
1049 3302 1245 3334 expugnasse

203 3343 260 3381 ait,
284 3343 370 3382 quod
392 3343 445 3376 ille
461 3344 553 3375 malis
574 3345 678 3375 aureis
693 3346 725 3376 et
743 3345 848 3378 balteo
862 3347 894 3377 et
920 3345 1082 3378 Diomedis
1103 3346 1245 3386 equabus

205 3394 325 3434 potitus
346 3395 387 3427 ab
413 3396 499 3428 urbis
519 3396 658 3436 ingressu
680 3396 856 3438 prohibitus
879 3398 981 3437 esset,
1006 3399 1133 3430 arcente
1148 3398 1243 3430 etiam

217 3447 358 3480 Nestore.

1806 2930 1838 2961 1.

1342 2985 1495 3016 Butrotus
1513 2985 1561 3016 vel
1575 2985 1765 3022 Buthrotus,
1778 2983 1855 3015 urbs
1867 2984 1964 3024 Epiri.
1981 2984 2137 3016 Nimirum
2150 3009 2159 3025 ,
2170 2987 2207 3018 ut
2219 2988 2340 3019 Teucer

1303 3035 1492 3076 Babylonius
1506 3037 1567 3075 ait,
1579 3045 1679 3076 quum
1697 3035 1835 3067 Helenus
1849 3044 1866 3067 e
1879 3035 1979 3075 patria
1995 3036 2026 3068 in
2040 3038 2171 3078 Epirum
2185 3039 2339 3079 venisset,

1301 3087 1333 3118 et
1353 3086 1395 3117 ob
1412 3086 1599 3118 descensum
1623 3087 1656 3118 in
1686 3088 1802 3118 terram
1822 3094 1912 3118 sacra
1942 3086 2079 3126 faceret,
2103 3088 2162 3120 bos
2190 3089 2341 3128 victima,

1301 3137 1386 3177 quod
1400 3137 1501 3169 ictum
1515 3138 1599 3169 haud
1609 3138 1735 3170 letalem
1745 3138 1927 3178 acceperat,
1940 3138 2063 3179 aufugit
2075 3140 2107 3171 et
2116 3139 2220 3171 sinum
2230 3149 2340 3180 quem·

1302 3189 1376 3220 dam
1406 3188 1493 3229 Epiri
1524 3192 1652 3220 tranans
1685 3189 1717 3220 in
1741 3190 1860 3220 terram
1887 3189 2064 3229 egreditur,
2092 3190 2148 3221 uhi
2172 3190 2340 3222 concidens

1302 3241 1484 3281 exspiravit.
1505 3241 1596 3278 Quod
1613 3250 1670 3281 pro
1687 3241 1792 3272 omine
1817 3241 1956 3272 Helenus
1977 3241 2151 3282 accipiens,
2171 3242 2282 3274 urbem
2296 3242 2338 3274 ibi

1303 3293 1410 3324 condit
1425 3301 1559 3333 eamque
1569 3301 1587 3324 a
1602 3301 1675 3324 casu
1695 3293 1749 3324 illo
1760 3293 1929 3323 Butrotum
1945 3292 2086 3328 (Bovem
2099 3293 2338 3333 vulneratam)

1303 3343 1489 3376 nominavit.
1807 3386 1828 3417 2

1348 3448 1476 3487 Bebaea,
1500 3447 1568 3479 sons
1590 3446 1634 3479 sic
1650 3445 1754 3478 dictus
1775 3445 1807 3478 in
1826 3445 1959 3478 Euboea.
1976 3445 2075 3486 cujus
2091 3454 2204 3477 nomen
2220 3446 2339 3478 Teucer
