2326 3724
117 238 190 270 150

112 319 190 362 τοὺς
206 319 315 358 ἔνδον.
338 319 431 372 Πρὸς
446 321 482 359 ὃν
499 324 521 367 ἡ
537 325 596 360 τοῦ
613 322 782 367 Βύζαντος
801 325 886 375 γυνὴ
901 355 911 373 ,
927 327 949 371 ἡ
967 325 1152 375 θαυμαστὴ

112 379 289 418 Φιδάλεια
303 410 314 428 ,
337 380 444 430 μηδέν
464 396 497 418 τι
516 383 782 434 καταπλαγεῒσα
799 383 837 420 τὸ
857 385 986 430 πλῆθος
1005 387 1073 422 τῶν
1091 400 1153 423 πο·

109 437 253 487 λεμίων,
275 437 365 476 ἀλλὰ
385 441 427 490 τῇ
447 440 626 492 γυναικείᾳ
652 441 858 493 χρησαμένη
878 441 969 495 χειρὶ
989 442 1155 494 διηγωνί-

109 510 214 544 σατο,
235 496 451 548 σοφισαμένη
485 496 542 535 τὸν
577 497 753 551 βάρὸαρον
785 502 826 550 τῇ
858 503 926 537 τῶν
958 501 1154 552 δρακόντων

109 555 314 608 συμμαχίᾳ.
340 558 400 606 (19)
422 555 485 599 Ὡς
503 554 571 608 γὰρ
597 557 674 601 τοὺς
693 557 784 596 κατὰ
808 557 904 610 [τὴν]
932 559 1032 597 πόλιν
1062 558 1154 612 ὄφεις

109 614 156 657 εἷς
183 612 217 651 ἕν
247 629 280 651 τι
309 614 437 665 χωρίον
469 614 692 653 συλλαῧοῧσα
721 616 899 669 ἐφρούρει,
922 617 1052 670 ἀθρόως
1084 623 1154 661 τοῖς

108 672 272 715 ἐναντίοις
290 674 483 724 ἐμφανεῖσα
505 672 601 720 δίκην
624 675 733 725 βελῶν
753 674 813 712 καὶ
831 675 996 714 ἀκοντίων
1018 675 1152 726 ἔπεμπε

107 729 151 766 τὰ
174 730 294 783 θηρία,
314 730 373 768 καὶ
393 730 572 775 πλείστους
591 733 818 782 λυμηναμένη
839 733 950 786 τούτῳ
965 735 1015 785 τῷ
1035 733 1153 786 τρόπῳ

112 788 257 827 διέσωσε
293 789 356 835 τὴν
388 789 501 829 πόλιν.
542 790 721 828 Ἐντεῦθεν
755 791 867 829 τοίνυν
903 792 1047 844 ἀρχαῖος
1082 795 1151 843 μῦ-

108 849 163 890 θος
191 847 348 899 φέρεται,
369 847 419 898 μὴ
449 848 517 885 δεῖν
546 847 623 892 τοὺς
642 848 732 886 κατὰ
760 849 822 896 τὴν
841 849 942 888 πόλιν
962 851 1154 900 ἁλισκομέ-

107 919 184 948 νους
203 905 387 943 ἀπολλύειν
408 905 520 958 ὄφεις,
551 909 596 950 ὡς
627 902 682 944 οἷα
713 908 893 960 εὐεργέτας
918 910 1023 955 αὐτῆς
1052 925 1151 959 γενο-

108 962 242 1012 μένους.

161 1034 209 1060 2ο.
221 1022 274 1060 Οὔ
288 1021 376 1071 μετὰ
387 1022 494 1060 πολὺν
509 1023 544 1060 δὲ
558 1023 680 1075 χρόνον
695 1023 878 1076 Στρόμὸος
889 1025 976 1078 ἀνὴρ
987 1025 1152 1077 τοῦνομα,

106 1079 166 1117 καὶ
186 1079 287 1123 αὐτὸς
307 1082 345 1118 ἐκ
364 1081 562 1133 Κεροέσσης
579 1081 734 1134 τεχθεὶς,
754 1083 906 1134 πόλεμον
924 1084 1080 1137 ἐπιφέρει
1102 1087 1151 1138 τῷ

106 1137 279 1185 Βύζαντι,
321 1139 455 1184 πολλὴν
495 1141 707 1190 ἐπαγόμενος
750 1141 908 1192 δύναμιν.
950 1143 1152 1182 Ἀνεκινεῗτο

106 1196 218 1234 τοίνυν
238 1196 378 1234 ἅπαντα
397 1197 441 1235 τὰ
462 1198 618 1236 Σκυθικὰ
638 1198 738 1249 γένη·
760 1200 964 1254 συνέτρεχον
982 1202 1018 1240 δὲ
1037 1202 1096 1240 καὶ
1121 1205 1151 1241 οἱ

108 1258 169 1302 τῆς
187 1255 356 1299 Ἑλλάδος
373 1261 579 1303 κρατοῦντες
596 1257 655 1295 καὶ
677 1258 822 1298 Ῥοδίων
842 1262 902 1298 οὐκ
932 1262 1150 1315 εὐκαταφρό-

105 1329 204 1360 νητος
222 1313 366 1364 δύναμις
385 1314 404 1352 ὅ
420 1331 457 1353 τε
476 1318 536 1362 τῆς
554 1317 704 1367 γείτονος
722 1319 952 1366 Χαλκηδόνος
971 1320 1152 1373 τοπάρχης

105 1372 252 1419 Δίνεως,
283 1375 322 1411 ἐκ
348 1374 542 1426 Μεγαρέων
567 1375 708 1419 ἄποικος
727 1378 839 1415 ἐκεῖσε
863 1377 1043 1429 γενόμενος
1068 1378 1151 1418 δέκα

105 1429 166 1467 καὶ
193 1429 290 1467 ἐννέα
311 1429 506 1484 ἔμπροσθεν
537 1432 628 1471 ἔτεσι
649 1437 709 1480 τῆς
739 1436 914 1480 Βύζαντος
942 1437 1147 1489 αὖταρχίας.

107 1488 166 1539 (21)
188 1489 386 1536 Χαλκηδὼν
410 1490 446 1528 δὲ
466 1490 670 1541 ὠνόμασται
686 1492 724 1531 τὸ
740 1494 882 1546 χωρίον,
906 1497 951 1538 ὡς
972 1494 1034 1545 μέν
1061 1497 1151 1540 τινές

106 1563 224 1599 φασιν,
254 1548 401 1587 ἀπὸτοῦ
432 1551 658 1599 Χαλκηδόνος
686 1558 866 1604 ποταμοῦ·
884 1557 929 1599 ὡς
957 1555 994 1594 δὲ
1023 1555 1150 1608 ἕτεροι,

106 1608 176 1646 ἀπὸ
193 1612 252 1647 τοῦ
272 1609 394 1654 παιδὸς
417 1610 626 1662 Κάλχαντος
645 1616 704 1650 τοῦ
727 1614 901 1663 μάντεως,
922 1613 1061 1667 ὕστερον
1090 1619 1149 1653 τοῦ

105 1668 266 1718 Τρωϊκοῦ
284 1668 440 1719 πολέμου
459 1669 662 1719 γενομένου·
687 1674 732 1715 ὡς
751 1670 787 1709 δὲ
816 1671 934 1721 ἄλλοι,
962 1673 1030 1710 ἀπὸ
1050 1675 1150 1712 Χαλ-

103 1725 196 1769 κίδος
214 1726 346 1770 πόλεως
369 1730 430 1774 τῆς
447 1727 623 1779 Εὐὸοίας,
642 1730 796 1768 ἀποίκων
817 1732 889 1769 ἐκεῖ
913 1733 1149 1785 πεμφθέντων·

103 1782 160 1827 οὓς
179 1784 220 1831 δὴ
238 1785 298 1823 καὶ
313 1785 462 1837 τυφλοὺς
476 1787 716 1846 ἐπεκάλεσαν,
733 1790 1007 1842 παρεωρακότας
1021 1790 1059 1828 τὸ
1075 1793 1150 1829 Βυ-

103 1843 253 1886 ζάντιον.
290 1846 346 1895 (22)
375 1844 438 1888 Ὡς
457 1848 516 1883 οὖν
538 1845 599 1884 σὺν
620 1846 755 1885 πλείοσι
783 1848 902 1886 ναυσὶν
922 1851 940 1886 ὃ
956 1849 1084 1893 Δι’νεως
1104 1851 1150 1893 εἷς

103 1902 310 1954 συμμαχίαν
321 1898 385 1949 ἧκε
395 1907 455 1942 τοῦ
471 1904 664 1956 Βύζαντος,
677 1905 726 1956 μὴ
739 1907 891 1953 δυνηθεὶς
904 1911 1149 1960 προσορμῆσαι

101 1960 285 2010 τῇπόλει,
305 1962 384 2015 ἄρτι
406 1966 464 2000 τοῦ
486 1963 655 2015 βασιλέως
675 1966 787 2002 αὐτῶν
812 1966 986 2010 Βύζαντος
1016 1969 1148 2017 μεταλ-

102 2018 288 2068 λάξαντος,
300 2021 360 2059 καὶ
375 2024 433 2059 τοῦ
449 2021 560 2072 δήμου
571 2021 698 2067 παντὸς
712 2024 746 2061 ἐν
762 2024 894 2077 ἀγωνία
907 2026 1147 2077 τυγχάνοντες,

101 2078 188 2129 πρὸς
208 2078 266 2117 τὸν
283 2079 498 2130 καλούμενον
518 2080 707 2120 Ἀνάπλουν
727 2082 888 2134 ἀφίκετο,
904 2083 984 2121 ἔνθα
1001 2084 1060 2121 καὶ
1078 2085 1148 2121 δια-

101 2136 228 2189 τρίψας
246 2137 422 2182 Ἑστίας
445 2138 503 2176 τὸν
533 2138 637 2178 τόπον
658 2141 834 2191 ὠνόμασε.
861 2142 923 2194 (23)
948 2144 1078 2195 Μικρῷ
1109 2158 1147 2194 γε

103 2194 173 2243 μὴν
199 2195 341 2248 ὕστερον
366 2196 490 2250 διαὸᾂς
515 2199 548 2235 ἐν
573 2201 616 2250 τῇ
642 2199 761 2247 πόλει,
785 2200 843 2237 καὶ
859 2199 936 2244 τοὺς
954 2201 1149 2252 βαρὸάρους

103 2254 353 2304 ἀπωσάμενος,
377 2255 478 2298 αὐτὸς
507 2256 744 2308 ἐστρατήγησε
761 2262 821 2296 τοῦ
841 2258 953 2307 δήμου
982 2261 1049 2296 τῶν
1078 2263 1147 2298 Βυ-

103 2312 263 2356 ζαντίων·
284 2312 361 2351 καθ’
378 2312 434 2356 οὒς
458 2314 498 2360 δὴ
517 2315 659 2366 χρόνους
683 2317 743 2355 καὶ
766 2317 970 2369 ’δρακόντων
998 2319 1145 2355 πλεῖστα

101 2370 184 2420 γένη
216 2371 422 2426 ἐπεφοίτησε
456 2377 499 2425 τῇ
528 2374 650 2421 πόλει,
669 2377 714 2419 ὡς
733 2375 811 2419 τοὺς
842 2378 1018 2420 οἰκοῦντας
1039 2376 1145 2423 αὐτὴν

102 2429 378 2482 διαφθείρεσθαι·
408 2430 466 2474 οὒς
487 2430 529 2478 δὴ
550 2435 592 2484 τῇ
619 2435 687 2470 τῶν
707 2434 932 2483 καλουμένων
961 2435 1145 2487 πελαργῶν

101 2487 244 2538 ὀρνίθων
267 2489 416 2541 ἔπιφορᾷ
434 2489 681 2542 διεχρήσαντο,
703 2493 920 2535 Ποσειδῶνος
940 2494 1075 2540 αὐτοῖς,
1101 2492 1147 2535 ὥς

91 2560 205 2597 φασι,
228 2547 514 2599 συνεργήσαντος.
548 2550 606 2599 (24)
640 2551 692 2587 Οὐ
720 2549 808 2599 μετὰ
830 2549 918 2587 πολὺ
940 2551 975 2588 δὲ
999 2551 1058 2588 καὶ
1078 2554 1146 2588 τῶν

101 2603 243 2655 ὀρνίθων
263 2600 376 2648 αὐτοῖς
397 2606 535 2644 ἐναντία
550 2607 764 2658 φρονούντων
784 2608 842 2646 καὶ
861 2608 1017 2646 θανάτων
1032 2608 1145 2646 αἰτίαν

101 2662 314 2714 ἐπαγόντων,
330 2664 407 2707 τούς
425 2680 460 2702 τε
475 2665 723 2715 ἁλισκομένους
740 2668 856 2709 αὐτοῖς
872 2667 966 2718 ὄφεις
981 2667 1066 2719 πρὸς
1084 2667 1146 2710 τὰς

100 2722 168 2758 τῶν
189 2721 324 2760 ὑδάτων
353 2723 541 2773 δεξαμενὰς
562 2724 818 2775 ἀκοντιζόντων,
839 2725 899 2762 καὶ
921 2731 990 2768 τοῖς
1009 2741 1048 2775 γε
1077 2740 1144 2763 πο-

967 237 1207 277 HESYCHlI
1236 239 1426 280 M1LE511

1218 333 1359 366 Phidalia
1369 359 1377 373 ‚
1394 335 1532 370 hostium
1545 339 1750 373 multitudine
1761 342 1972 383 imperterrita
1981 368 1990 384 ,
2001 343 2148 376 muliebri
2162 354 2258 378 manu

1216 426 1408 470 decertavit,
1436 434 1618 479 serpentum
1647 435 1768 466 auxilio
1794 436 1969 468 barbarum
1996 438 2258 471 circumveniens.

1218 514 1284 555 (19)
1300 519 1425 556 Angues
1437 517 1533 557 enim,
1543 527 1623 558 quos
1633 518 1664 550 in
1679 520 1758 552 urbe
1771 530 1832 552 uno
1842 521 1875 553 in
1891 522 1963 554 loeo
1973 523 2145 555 collocatos
2156 531 2259 557 asser-

1218 599 1333 640 vabat,
1350 609 1405 633 eos
1420 601 1527 634 subito
1541 612 1572 634 1n
1587 603 1691 636 hostes
1703 606 1888 646 sagittarum
1902 608 1953 639 vel
1964 607 2148 647 jaculorum
2161 609 2260 642 instar

1215 683 1359 724 immisit,
1376 687 1408 717 et
1421 686 1566 727 plurimis
1589 687 1650 720 hoc
1666 689 1762 722 modo
1781 691 1954 724 interfectis
1979 692 2091 724 urbem
2107 693 2258 726 servavit.

1216 770 1320 810 Atque
1330 770 1404 802 hinc
1417 771 1514 804 etiam
1527 773 1722 815 antiquailla
1735 775 1842 807 sabula
1851 776 1961 817 ssuxit,
1972 777 2061 810 nefas
2070 786 2137 811 esse
2149 787 2259 819 quem-

1214 863 1311 894 quam
1323 858 1484 897 serpentes
1494 858 1526 890 in
1537 858 1616 891 urbe
1631 861 1741 901 captos
1750 885 1759 901 ‚
1773 861 1890 902 quippe
1903 861 1958 903 qui
1969 862 1998 894 ei
2013 862 2118 895 salute
2130 862 2259 902 suerint,

1214 939 1370 973 occidere.

1256 1040 1306 1068 20.
1325 1038 1392 1069 Non
1409 1038 1504 1079 longo
1517 1042 1586 1080 post
1607 1041 1752 1081 tempore
1767 1041 1937 1074 Str-ombus
1956 1042 2087 1083 quidam
2099 1067 2110 1084 ,
2138 1045 2172 1076 et
2194 1043 2260 1084 ipse

1214 1110 1364 1142 Ceroessa
1396 1111 1536 1151 genitus,
1581 1122 1754 1146 numeroso
1793 1115 1938 1147 exercitu
1969 1115 2110 1148 adducto
2138 1115 2259 1149 bellurn

1213 1184 1346 1224 Byzanti
1367 1184 1486 1217 intulit.
1509 1186 1664 1218 Universa
1685 1187 1794 1228 itaque
1819 1187 1972 1229 Scythica
1993 1190 2080 1221 natio
2099 1191 2260 1223 commotu

1214 1258 1261 1288 est
1286 1267 1294 1288 ε
1312 1258 1562 1298 praestantissimi
1577 1259 1672 1292 etiam
1693 1263 1903 1301 Graecorum,
1926 1263 1959 1294 et
1977 1261 2176 1310 Rhodiorum
2187 1258 2259 1294 ‘non

1213 1330 1456 1362 contemnendae
1471 1331 1572 1372 copiae
1587 1334 1825 1373 convenerunt,
1843 1342 1971 1374 unaque
1995 1335 2109 1367 vicium
2124 1334 2258 1368 Chalce-

1213 1401 1303 1433 donis
1322 1401 1469 1434 dominus
1491 1403 1633 1444 Dinaeus,
1663 1405 1718 1445 qui
1737 1405 1875 1437 deducta
1893 1406 2031 1445 Megaris
2050 1407 2176 1439 colonia
2203 1416 2259 1440 no-

1213 1473 1389 1506 vemdecim
1403 1475 1493 1506 annis
1506 1475 1580 1507 ante
1596 1476 1744 1516 Byzantis
1766 1476 1979 1517 principatum
1996 1477 2104 1509 sedem
2117 1478 2183 1510 illic
2197 1479 2259 1511 sibi

1212 1544 1361 1584 elegerat.
1379 1544 1445 1586 (21)
1471 1545 1654 1578 Chalcedon
1673 1549 1781 1578 autem
1798 1548 1956 1588 appellata
1971 1548 2037 1587 est,
2061 1550 2098 1580 ut
2124 1549 2257 1590 quidam

1212 1613 1344 1653 volunt,
1370 1623 1390 1645 a
1412 1613 1510 1646 fluvio
1530 1615 1750 1656 Chalcedone,
1778 1617 1857 1657 sive,
1875 1619 1912 1649 ut
1936 1617 2008 1658 alii,
2035 1627 2055 1649 a
2073 1619 2259 1652 Calchantis

1211 1683 1293 1714 vatis
1315 1682 1397 1722 lilio,
1423 1683 1479 1723 qui
1505 1685 1577 1724 post
1602 1685 1777 1724 'trojanum
1800 1685 1918 1717 bellum
1937 1686 2019 1718 vixit
2043 1695 2052 1718 t
2072 1687 2126 1718 alii
2147 1697 2224 1720 vero
2239 1696 2259 1719 a

1214 1751 1365 1783 Chalcide
1379 1752 1509 1784 Euhoeae
1529 1753 1625 1793 urhe,
1640 1753 1726 1786 unde
1743 1754 1831 1786 missi
1843 1754 2033 1794 illo-coloni,
2051 1765 2132 1796 quos
2147 1757 2180 1788 et
2193 1765 2257 1789 οω-
2273 1763 2276 1767 ’

1212 1830 1267 1853 cos
1281 1822 1498 1862 appellarunt,
1524 1822 1611 1863 quod
1627 1824 1730 1855 solum
1757 1825 1902 1864 Byzantii
1927 1834 1991 1856 non
2013 1826 2256 1859 animadvertis-

1210 1893 1291 1924 sent.
1312 1892 1377 1933 (22)
1394 1895 1544 1925 Ceterum
1562 1894 1692 1926 Dinaeus
1704 1903 1779 1925 cum
1794 1903 1907 1935 magna
1922 1896 2020 1927 classe
2037 1896 2270 1937 suppetiatum

1212 1961 1341 2001 Byzanti
1362 1961 1509 2002 veniens,
1527 1971 1629 2002 quum
1656 1962 1697 1994 ad
1723 1963 1836 1995 urbem
1861 1964 2022 2004 appellere
2047 1973 2112 1997 non
2131 1968 2255 2006 posset,

1212 2032 1349 2072 Byzante
1362 2032 1430 2072 eJus
1441 2041 1513 2073 rege
1527 2032 1636 2073 paullo
1653 2034 1727 2064 ante
1742 2032 1907 2073 defuncto,
1924 2034 1956 2065 et
1972 2034 2121 2066 universo
2136 2035 2258 2076 populo

1209 2109 1247 2132 ea
1264 2109 1298 2132 re
1322 2101 1526 2141 perturbato,
1542 2101 1583 2132 ad
1607 2101 1785 2141 Ampium,
1802 2111 1899 2142 quem
1926 2103 2062 2143 vocant,
2090 2105 2254 2145 pervenit,

1210 2170 1319 2211 ibique
1345 2172 1561 2204 commoratus
1587 2171 1704 2204 Bestiae
1734 2172 1805 2203 loco
1829 2181 1947 2204 nornen
1969 2172 2068 2205 dedit.
2097 2174 2163 2215 (23)
2191 2176 2255 2207 Nec

1207 2242 1312 2273 multo
1327 2243 1398 2282 post
1417 2242 1530 2274 urbem
1555 2242 1716 2283 ingressus
1739 2244 1808 2282 est,
1837 2245 1870 2274 et
1892 2243 2036 2276 barbaris
2060 2244 2255 2285 profligatis,

1207 2313 1273 2353 ipse
1289 2313 1536 2353 Byzantinorum
1559 2314 1732 2353 praeturam
1749 2313 1852 2353 gessit.
1872 2315 1940 2345 Hac
1960 2315 2152 2355 tempestate
2167 2315 2255 2348 varia

1207 2383 1389 2422 serpentum
1403 2391 1518 2422 genera
1537 2382 1649 2414 urbem
1669 2382 1860 2414 infestabant
1885 2384 1917 2414 et
1941 2384 2111 2424 perniciem
2129 2385 2256 2419 civibus

1208 2445 1385 2483 asserebant
1397 2476 1405 2490 ‚
1423 2460 1503 2492 quos
1517 2451 1654 2492 Neptuni
1667 2460 1744 2492 ope,
1760 2452 1797 2483 ut
1808 2452 1913 2492 aiunt,
1926 2452 2122 2485 ciconiarum
2139 2462 2251 2495 snper-

1209 2522 1325 2560 ventu,
1350 2521 1589 2553 interfecerunt.
1622 2521 1689 2562 (24)
1709 2521 1820 2553 Paullo
1843 2523 1915 2563 post
1941 2531 2044 2563 quum
2066 2531 2142 2556 aves
2169 2511 2255 2565 quo-¹

1207 2599 1270 2631 que
1299 2591 1463 2622 inimicum
1494 2591 1639 2623 animum
1669 2591 1863 2631 induissent,
1888 2594 1986 2632 atque
2009 2593 2122 2625 mortis
2153 2601 2252 2626 canusa

1206 2659 1315 2692 multis
1333 2660 1540 2700 exsisterent,
1567 2669 1605 2693 eo
1629 2661 1717 2701 quod
1741 2663 1904 2702 serpentes
1933 2671 2014 2702 quos
2049 2664 2200 2703 ceperant
2218 2663 2252 2695 in

1206 2730 1359 2761 cisternas
1384 2739 1542 2770 aquarum
1564 2730 1797 2770 Jaeularentur,
1827 2731 1860 2762 et
1884 2730 2007 2763 civibus
2037 2730 2070 2762 in
2097 2731 2156 2764 viis
2189 2740 2250 2772 pu-

99 2849 245 2890 λεμίους]
262 2850 396 2891 Codin.;
426 2863 454 2883 τ.
477 2853 630 2893 πολέμους
653 2853 725 2885 cod.
749 2854 885 2894 Hesych.
910 2854 1016 2885 verba
1032 2854 1102 2885 haec
1127 2855 1163 2885 ut
1185 2862 1203 2884 a
1221 2853 1350 2884 librario
1372 2855 1478 2885 assuta
1493 2853 1647 2893 ejicienda
1664 2858 1772 2886 censet
1789 2855 1939 2894 Heynius.
1958 2874 1999 2881 -—
2015 2855 2051 2887 Ὀ
2063 2855 2134 2896 δρύ
2145 2865 2194 2892 ση
2208 2867 2220 2891 ς
2235 2855 2248 2896 J

99 2896 222 2936 Χρύσης
239 2898 458 2939 (θῑ·Κροῖσος)
483 2900 515 2931 δὲ
535 2901 552 2931 ὁ
569 2900 662 2932 codd·
682 2900 809 2932 codini.
825 2919 865 2924 —-
878 2902 944 2932 καὶ
961 2902 1052 2942 πρὸς
1069 2900 1166 2932 αὐτὰ
1180 2901 1247 2931 κτλ.
1260 2900 1272 2941 ]
1286 2901 1338 2931 καὶ
1352 2901 1426 2940 πρὸς
1440 2901 1532 2932 αὐτὸν
1549 2902 1673 2932 διελθὼν
1687 2902 1859 2943 ἐπολιόρκει
1871 2902 1910 2932 τὰ
1931 2905 1986 2939 τῆς
2001 2902 2120 2938 πόλεως
2143 2902 2244 2942 τείχη.

100 2943 174 2982 πρὸς
196 2943 230 2974 ὃν
251 2944 318 2976 κτλ.
333 2944 448 2978 Codin.
464 2966 504 2973 —
519 2948 539 2984 ἡ
557 2948 668 2987 θαυμ.
693 2948 909 2989 Φιδάλεια]
933 2957 998 2979 om.
1015 2948 1129 2980 Codin.
1147 2947 1299 2979 Phidaliae
1317 2947 1440 2978 facinus
1456 2949 1564 2978 narrat
1582 2948 1677 2979 etiam
1696 2949 1828 2980 Tzetzes
1846 2949 1928 2980 Chil.
1951 2950 2000 2988 ll,
2017 2947 2095 2979 hist.
2114 2950 2167 2979 40.
2190 2949 2243 2982 cf.

99 2989 252 3028 stephan.
270 2991 345 3030 Byz.
366 2999 394 3022 v.
415 2993 692 3030 Γυναικόπολις.-
706 3005 727 3033 μ
737 3005 757 3031 η
767 2995 834 3025 δέν
857 3006 874 3025 τ
886 2994 918 3035 ι]
931 3006 960 3026 τι
975 3003 1040 3026 0111.
1055 2994 1172 3026 Codin.
1184 3013 1224 3020 —-
1237 2993 1563 3034 καταπλαγεῖσα]
1578 2995 1846 3035 καταλογισαμένη
1859 2995 1975 3027 Codin.
1986 3012 2027 3017 —-
2041 2994 2159 3035 ἀλλὰ]
2175 3003 2242 3028 om.

99 3036 258 3076 Codinus,
282 3038 338 3077 qui
354 3047 428 3070 mox
443 3041 652 3080 διηγωνίζετο,
667 3041 740 3082 -§
757 3045 805 3074 19.
820 3044 868 3078 ὡς
880 3053 899 3082 γ
909 3043 952 3083 ὰρ
968 3042 1079 3082 τοὺς]
1095 3041 1256 3074 eodinus:
1270 3041 1321 3076 οὓς
1335 3041 1396 3081 γὰρ
1408 3040 1488 3072 κατὰ
1512 3042 1566 3077 τήν
1587 3041 1676 3071 πόλιν
1708 3041 1787 3082 ὄφεις
1804 3042 1845 3076 εἰς
1859 3042 1890 3072 ἓν
1903 3044 1965 3073 τῶν
1978 3041 2103 3082 χωρίων
2125 3042 2242 3073 συλλα-

99 3082 200 3114 ὅοῦσα
219 3083 354 3124 ἐφρούρει
368 3108 377 3123 ,
391 3084 507 3126 ἀθρόως
526 3090 589 3123 τοῖς
606 3088 648 3119 ἐν.
664 3086 848 3128 ἐπιφανεῖσα
863 3089 916 3119 καὶ
939 3088 1026 3126 δίκην
1044 3090 1142 3130 βελῶν
1161 3088 1313 3120 ἀκοντίων
1328 3089 1394 3119 κτλ.
1410 3089 1532 3118 Vocem
1541 3087 1596 3124 τὴν
1606 3096 1624 3118 e
1634 3087 1756 3119 Codino
1773 3087 1890 3119 addidi.
1906 3107 1948 3114 —
1959 3088 1976 3119 λ
1986 3099 2116 3128 υμηνα
2126 3088 2171 3128 μέ
2177 3088 2245 3130 νη]

99 3130 209 3160 καταλ.
237 3130 350 3162 Codin.
366 3149 406 3154 —
420 3134 446 3163 ὡ
457 3145 469 3169 ς
499 3145 515 3164 ο
526 3134 538 3165 ἶ
549 3134 590 3174 α]
604 3135 655 3166 οἱα
670 3135 783 3167 Codin.
801 3153 842 3158 -
859 3136 878 3176 §
893 3141 943 3168 20.
959 3135 1206 3176 ἀνεκινεῑτο]
1227 3136 1356 3167 ἐκινεῖτο
1371 3134 1484 3167 Codin.
1501 3153 1541 3158 —
1555 3134 1718 3175 Δίνεως]
1736 3136 1857 3171 Διναιὸς
1873 3134 1985 3166 Codin.
2010 3135 2043 3167 h.
2059 3135 2080 3166 Ι.
2098 3139 2130 3166 et
2143 3135 2239 3168 insta.

99 3194 140 3200 —
153 3176 245 3207 δέκα
275 3179 340 3207 καὶ
355 3179 485 3219 ἐννέα]
506 3180 741 3219 septemdecim
764 3190 826 3213 sec.
843 3181 997 3213 Herodot.
1013 3185 1072 3222 lv,
1089 3185 1157 3215 144.
1172 3183 1291 3214 -αὐτ
1301 3181 1460 3222 αρχίας]
1475 3182 1622 3224 ἐπαρχίας
1633 3181 1747 3213 Codini
1760 3181 1855 3212 codd.
1870 3181 2026 3213 nonnulli.
2037 3180 2108 3222 -ξ
2122 3186 2172 3214 21.
2192 3184 2241 3220 ὡς

99 3224 136 3254 δὲ
150 3222 280 3264 ἄλλοι]
298 3225 383 3256 ἄλλοι
409 3227 440 3257 δὲ
458 3227 570 3258 Codin.
586 3247 623 3254 -
642 3229 724 3259 ἐκεῖ
737 3230 1009 3270 πεμφθέντων]
1022 3231 1123 3261 ἐκεῖσε
1137 3228 1418 3271 παραπεμφθέντων
1431 3228 1546 3260 Οοόῐῑὶ.
1567 3246 1607 3250 -
1621 3227 1837 3268 ἅπεκάλεσαν]
1861 3228 1948 3258 ἐκαλ·
1967 3227 2077 3259 Codlss·
2096 3230 2140 3259 De
2156 3237 2190 3259 ΓΒ
2205 3236 2237 3260 V·

99 3270 252 3302 herodot.
276 3273 338 3310 IV,
374 3275 449 3311 144;
474 3275 588 3306 Strabo
608 3277 667 3306 Vll
694 3285 723 3315 p.
757 3280 838 3314 3·),2;
872 3277 1001 3308 Tacitus
1033 3280 1114 3308 Ann.
1142 3279 1220 3316 Xll,
1243 3280 1295 3308 63.
1316 3294 1356 3301 -
1377 3274 1396 3315 ὃ
1421 3279 1471 3306 22.
1498 3278 1544 3311 ὡς
1568 3267 1719 3316 οὗνῘὼς
1742 3276 1775 3306 δὲ
1796 3274 1849 3306 οὖν
1881 3275 1994 3306 Codin.
2019 3292 2059 3296 ——
2081 3273 2238 3317 ἑστίας]

99 3317 203 3348 ἑστίαν
226 3317 340 3350 Codin.
367 3337 406 3340 —
424 3318 442 3358 ξ
466 3325 514 3351 23.
541 3320 687 3361 μικρῷ]
703 3323 809 3362 μικρὸν
835 3323 949 3354 Codin.
964 3343 1004 3349 —
1027 3324 1117 3360 αὐτὸς
1135 3322 1281 3364 ἐστρατ.]
1303 3322 1442 3362 δεύτερον
1467 3323 1559 3359 αὐτὸς
1580 3323 1662 3362 ἐστρ.
1691 3322 1804 3353 Codin.
1821 3340 1862 3344 —
1875 3322 1944 3353 καθ’
1967 3322 2018 3358 οὓς
2031 3321 2090 3362 δὴ]
2107 3323 2144 3359 δὴ
2171 3331 2237 3354 om.

100 3363 214 3395 Codin.
238 3378 278 3389 -·-
301 3367 350 3401 ὡς
374 3367 445 3397 τοὺ
457 3378 469 3402 ς
484 3366 574 3407 κτλ]
598 3369 650 3399 καὶ
675 3369 744 3404 τοὺς
768 3371 829 3400 οἰκ.
859 3370 936 3410 αὐτῇ
954 3371 1115 3410 διέφθειρεν
1135 3370 1249 3402 Codin.
1265 3387 1303 3392 —
1320 3369 1400 3400 πελ.
1418 3367 1608 3409 ὀρνίθων]
1627 3369 1752 3409 ὀρνίθων
1777 3377 1842 3399 om.
1858 3368 1970 3399 Codin.
1982 3367 2054 3407 —§
2077 3371 2129 3400 24.
2155 3369 2234 3422 θαν.

99 3410 252 3451 αἰτίαν]
277 3412 406 3444 θάνατον
434 3413 475 3444 ἔτι
503 3415 593 3454 ἐπαγ.
619 3415 730 3446 Codin.
758 3434 796 3438 —-
818 3417 952 3453 αὐτοῖς
972 3417 1097 3458 ὄφεις]
1126 3419 1227 3453 αὐτοῖς
1253 3425 1318 3448 om.
1343 3415 1453 3448 Codin.
1483 3434 1518 3439 ——
1541 3415 1854 3456 ἐπιὸαλλὸντων]
1879 3415 2093 3455 ἐφαλλομένων
2119 3415 2233 3447 Codin.

2124 3492 2143 3500 κ
