2326 3724
972 204 1308 244 FRAGMENTA.

435 308 496 346 19.
519 294 600 346 (an.
623 292 731 345 568.)

117 386 211 422 Exc.
241 385 298 421 De
327 384 401 433 leg.
437 383 553 420 Rom.
585 395 624 431 p.
661 379 749 418 151.
785 379 856 417 152
888 392 898 419 ι
929 378 1015 418 Ὅτι
1042 380 1110 418 τῶν

66 440 254 494 Τούρκων,
284 442 352 479 τῶν
385 441 514 479 Σακῶν
542 437 770 489 καλουμένων
800 436 840 476 τὸ
869 436 999 486 πάλαι,
1028 453 1111 491 πρε-

65 499 184 544 cesta<
203 496 449 550 ποιησαμένων
468 495 555 550 πρὸς
578 496 763 537 Ἰουστῖνον
783 495 863 549 περὶ
890 497 1028 550 εἰρήνης
1042 526 1053 545 ,
1076 499 1111 536 ἐν

66 559 175 611 βουλῇ
196 556 385 603 ἐποιήσατο
403 558 422 594 ὁ
453 554 617 608 βασιλεὺς
643 554 825 625 ἐκηπέμψαι
845 554 1036 608 πρεσὸείαν
1064 558 1112 600 ὡς

63 616 253 670 Τούρκους.
278 614 350 655 Καὶ
372 613 414 663 δὴ
435 613 620 667 Ζημᾶρχῳ
648 616 698 667 τῷ
721 614 842 653 Κίλικι
863 613 961 664 ἔλεγε
989 630 1111 668 παρα-

65 674 294 720 σκευάζεσθαι
321 673 379 712 ἐπὶ
404 672 537 726 τούτῳ,
556 672 591 717 ὃς
606 674 674 711 τῶν
693 688 779 734 προς
796 672 843 711 ἕω
858 672 995 712 πόλεων
1013 689 1111 721 τηνι-

63 737 177 773 καῦτα
193 735 330 786 υπηρχε
355 731 564 786 στρατηγός.
586 730 691 771 Ἐπεὶ
711 735 769 770 οὖν
790 731 929 770 ἅπαντα
949 733 1046 785 αὐτῷ
1064 731 1110 771 τὰ

63 791 130 831 ὅσα
151 791 237 845 πρὸς
255 790 400 865 μακρὰν
417 791 530 830 ὁδὸν’
515 790 730 843 ἐξηρτυμένα
752 795 813 838 ἠν,
843 790 948 838 ἡνίκα
968 790 1067 843 πρὸς
1071 792 1112 831 τὸ

63 849 174 904 πέρας
202 850 327 898 ἠνύετο
357 853 419 898 τῆς
449 849 639 890 Ἰουστίνου
672 849 851 902 βασιλείας
880 849 920 888 τὸ
947 849 1112 903 τέταρτον

65 908 156 958 ἔτος,
186 910 237 962 τῷ
263 908 450 962 δευτέρῳ’
434 909 583 960 ενιαυτῷ
612 910 674 955 τῆς
691 908 1113 978 ὐπεντεκαιδεκαετηρίδος

59 973 255 1042 περιφορᾶς
267 996 278 1016 ,
298 966 380 1021 περὶ
398 965 443 1005 τὰ
463 967 633 1021 προοίμια
651 969 713 1005 τοῦ
731 965 828 1020 παρὰ
846 966 1010 1012 Λατίνοις
1034 968 1113 1007 Αὖ-

64 1026 231 1101 yoissoroom
229 1025 356 1078 μηνὸς,
378 1028 396 1064 ὁ
416 1025 478 1077 μὲν
499 1025 731 1079 Ζήμαρχρς’
712 1029 845 1079 απῆρεν
863 1028 902 1065 ἐκ
922 1026 1112 1072 Βυζαντίου

63 1084 121 1131 ξυν
140 1088 235 1139 αὐτῷ
252 1083 429 1138 Μανιάχῳ
447 1084 508 1123 καὶ
528 1087 598 1129 τοῖς
613 1085 703 1139 ἀμφ’
726 1084 841 1124 αὐτόν.

437 1192 502 1217 20.
527 1179 603 1231 (an.
632 1179 737 1230 568.)

115 1269 217 1308 Ibid.
244 1281 286 1318 p.
325 1267 496 1312 152-154
533 1282 541 1304 :
575 1264 662 1306 ’Ότι
693 1267 833 1305 πολλῶν
862 1268 1003 1319 ἡμερῶν
1035 1266 1112 1305 ὁδὸν

66 1325 289 1370 διανύσαντες
316 1326 348 1364 ot
376 1324 456 1378 περὶ
487 1324 702 1377 Ζήμαρχον,
733 1323 853 1371 ἐπειδὴ
882 1328 1048 1378 παρῆσαν
1076 1326 1112 1363 ἐν

65 1386 135 1429 τοῖς
153 1387 223 1423 τῶν
239 1385 444 1436 Σογδαϊτῶν
465 1383 583 1427 τόποις
594 1413 605 1432 ,
622 1383 775 1430 ὁπηνίκα
792 1386 861 1422 τῶν
883 1381 1004 1422 ἵππων
1025 1384 1113 1422 ἀπέ-

67 1443 202 1492 ὅησαν,
216 1445 287 1481 τῶν
305 1443 473 1495 Τούρκων
492 1442 576 1480 ἔνιοι
596 1443 666 1492 (ὥς
685 1441 794 1480 ἔοικεν
806 1471 817 1490 ,
845 1443 878 1486 ἐς
901 1446 1003 1481 τοῦτο
1021 1443 1111 1481 ἀνει-

65 1502 183 1552 μένοι)
226 1500 329 1540 ὤνιόν
369 1516 466 1548 σφισι
497 1497 708 1553 προΐσχοντο
737 1500 899 1553 σίδηρον,
934 1495 1032 1552 οἶμαι
1065 1503 1113 1554 τῷ

65 1560 278 1606 ποιήσασθαι
308 1559 445 1604 ἔνδειξίν
468 1574 546 1597 τινα
573 1561 620 1603 ὡς
646 1558 803 1609 μέταλλα
825 1560 941 1602 αὐτοῖς
961 1558 1112 1611 ὑπάρχει

66 1619 221 1672 σιδήρου.
247 1618 399 1672 Λέγεται
426 1617 494 1672 γὰρ
517 1620 564 1663 ὡς
580 1620 665 1672 παρ’
687 1619 804 1662 αὐτοῖς
825 1620 889 1657 οὐκ
909 1618 1113 1671 εὐπόριστόν

68 1693 100 1717 τι
120 1682 245 1732 χρῆμα
275 1681 293 1717 ὁ
323 1678 481 1732 σίδηρος·
505 1678 616 1730 ταύτῃ
637 1677 750 1716 ἔνεστι
777 1680 1041 1731 τεκμηριῶσαι,
1067 1679 1114 1723 ὡς

33 1742 36 1745 ’
64 1737 343 1790 ὖπαινιττόμενοι
360 1736 453 1790 ἔχειν
473 1739 537 1789 γῆν
558 1736 784 1791 σιδηροφόρον
802 1739 852 1790 τῷ
869 1739 990 1791 τοιῷδε
1008 1737 1109 1790 ἐχρή-

64 1813 169 1837 σαντο
200 1797 341 1851 κόμπῳ.
370 1797 515 1870 ’Έτεροι
536 1796 572 1835 δέ
603 1811 692 1839 τινες
719 1799 779 1834 τοῦ
811 1795 919 1849 φύλου
948 1796 987 1835 τὸ
1018 1795 1111 1836 κατὰ

65 1863 153 1930 σφᾶς
177 1855 301 1900 αὐτους
319 1855 552 1908 ἀναφανέντες
565 1885 576 1907 ,
594 1854 651 1899 οὒς
667 1859 757 1893 εἶναι
774 1854 894 1906 ἔλεγον
912 1856 981 1893 τῶν
1000 1857 1111 1893 ἀπαι-

65 1915 149 1954 σίων
167 1917 342 1968 ἐλατῆρας
355 1945 367 1967 ,
384 1918 494 1967 ἀγχοῦ
508 1909 612 1962 ἦλθον
628 1917 697 1953 τῶν
712 1929 791 1966 περι
807 1913 1017 1986 Ζήμαρχον.
1039 1914 1112 1954 Καὶ

65 1974 177 2013 τοίνυν
206 1973 346 2012 ἅπαντα
363 1973 428 2012 ὅσα
434 1972 685 2033 [ἐπεφέροντο
707 1972 752 2023 (Ἴ
775 1972 898 2025 φορτία
920 1972 1110 2024 ἀράμενοι,

65 2034 186 2071 ἔθεσαν
207 2034 241 2071 ἐν
272 2032 383 2086 μέσῳ.
405 2034 497 2071 Εἶτα
517 2036 587 2074 τοῖς
614 2034 675 2069 τοῦ
703 2029 849 2069 λιὸάνου
873 2030 1013 2074 κλάδοις
1041 2034 1111 2083 πῦρ

107 2125 148 2166 (*)
168 2124 296 2157 Inclusa
311 2132 353 2157 ex
368 2123 466 2155 Suida
478 2131 511 2154 v.
527 2122 637 2163 φορτία
649 2121 813 2162 supplevit
824 2122 928 2162 Toup.
948 2124 980 2160 Ι,
994 2130 1025 2162 p.
1043 2124 1114 2155 552.

64 2227 150 2264 sent,
164 2226 221 2257 aut
248 2224 275 2257 si
291 2224 429 2256 scientes
456 2222 615 2262 fallerent,
632 2230 737 2262 neque
755 2230 793 2253 ea
813 2222 1039 2262 observarent,
1056 2223 1115 2254 sibi

64 2279 139 2319 ipsis
151 2279 184 2310 et
202 2276 261 2317 ipsi
277 2275 434 2309 Dizabulo
447 2274 574 2315 totique
588 2273 674 2314 genti
688 2273 773 2305 diras
784 2275 860 2306 sunt
873 2273 1050 2314 imprecati.
1069 2275 1116 2307 Ad

65 2330 151 2362 liunc
161 2329 292 2361 modum
306 2336 383 2369 gens
395 2327 531 2359 Turcica
550 2325 702 2358 Romanis
714 2325 819 2357 amica
835 2326 883 2358 est
900 2325 995 2358 sacta.

562 2382 618 2415 19.

106 2440 271 2478 Justinus‚
285 2446 388 2479 quum
403 2436 499 2470 Turci
510 2461 518 2475 ,
536 2436 591 2477 qui
610 2438 699 2468 Sacae
715 2435 894 2476 antiquitus
906 2436 1115 2476 vocabantur,

65 2493 186 2533 legatos
198 2491 237 2523 ad
246 2499 322 2523 eum
329 2489 369 2521 de
377 2497 455 2530 pace
464 2488 641 2527 misissent,
654 2487 821 2519 consilium
833 2488 917 2527 cepit
926 2488 1115 2528 legationem

65 2551 194 2585 quoque
207 2542 249 2574 ad
273 2550 328 2573 eos
344 2540 481 2572 mittere.
498 2541 609 2579 ltaque
627 2539 802 2571 Zemarclio
822 2539 926 2579 Cilici,
954 2539 1012 2580 qui
1041 2543 1117 2571 tunc

65 2594 218 2636 temporis
234 2594 303 2626 erat
319 2592 489 2633 praefectus
506 2591 634 2623 urbium
652 2590 811 2630 Orientis,
826 2591 920 2630 jussit
937 2593 972 2623 ut
989 2591 1029 2623 ad
1045 2600 1116 2623 eam

64 2658 99 2681 se
113 2647 317 2689 praepararet.
334 2647 365 2677 Is
375 2653 475 2686 quum
483 2645 659 2677 necessaria
674 2644 715 2676 ad
731 2644 798 2675 tam
808 2644 937 2684 longum
954 2645 1014 2677 iter
1026 2653 1116 2677 com-

65 2700 221 2742 parasset,
239 2698 324 2730 circa
348 2696 446 2729 finem
462 2695 567 2737 quarti
595 2695 670 2727 anni
691 2695 816 2736 imperii
836 2696 970 2736 Justini,
1001 2698 1116 2728 exacto

64 2751 205 2784 secundo
217 2748 479 2791 quindecennalis
503 2747 625 2788 periodi
639 2756 736 2786 anno,
751 2747 840 2779 initio
854 2749 971 2780 mensis
989 2748 1044 2789 qui
1059 2750 1116 2780 La-

63 2804 140 2836 tinis
159 2804 294 2835 vocatur
314 2801 493 2841 Augustus,
516 2800 679 2841 profectus
699 2799 866 2839 Byzantio,
886 2799 973 2831 viam
996 2799 1116 2841 ingres-

65 2865 120 2888 sus
135 2857 184 2888 est
200 2863 265 2886 una
284 2862 360 2885 cum
379 2851 550 2885 Maniacho
565 2853 596 2884 et
611 2852 676 2884 suis
690 2850 873 2883 comitibus.

556 2908 615 2941 20.

106 2967 282 2999 Multorum
305 2965 429 2997 dierum
455 2964 568 2996 itinere
583 2965 770 3004 peragrato,
797 2962 992 2995 Zemarclius
1012 2964 1043 2994 et
1060 2964 1116 3002 qui

65 3027 139 3050 cum
155 3027 194 3050 eo
212 3018 319 3056 erant,
334 3024 437 3057 quum
465 3016 499 3048 in
519 3015 681 3056 regionem
709 3015 932 3056 Sogdaitarum
955 3014 1116 3054 pervenis-

65 3071 148 3109 sent,
181 3071 219 3102 ut
253 3078 296 3101 ex
319 3068 411 3108 equis
438 3068 690 3108 descenderunt,
719 3068 833 3099 obvios
863 3067 1047 3098 habuerunt
1077 3074 1117 3097 ex

65 3122 178 3155 Turcis
189 3121 373 3160 nonnullos,
385 3120 424 3152 ad
441 3120 473 3152 id
489 3120 614 3158 missos,
634 3120 688 3160 qui
708 3119 828 3151 ferrum
847 3117 1052 3151 vendendum
1066 3117 1116 3148 of-

63 3174 186 3206 ferrent
197 3198 206 3213 ,
216 3173 342 3214 opinor,
358 3175 393 3204 ut
409 3171 599 3212 indicarent,
614 3171 699 3212 apud
715 3180 769 3203 eos
782 3170 912 3212 reperiri
940 3170 1015 3201 ferri
1035 3169 1115 3200 fodi-

67 3235 134 3259 nas.
164 3226 337 3259 Ferebatur
361 3225 446 3257 enim
471 3225 589 3256 ferrum
613 3224 699 3265 apud
723 3234 778 3256 eos
799 3233 867 3256 esse
887 3232 954 3255 rem
982 3223 1115 3254 minime

67 3280 180 3319 paratu
200 3278 335 3310 facilem.
359 3279 404 3309 Ea
420 3277 460 3308 de
488 3285 585 3308 causa
609 3276 670 3308 lioc
697 3278 880 3308 commento
906 3274 954 3306 usi
971 3276 1064 3313 sunt,
1082 3275 1117 3305 ut

68 3331 289 3370 ostenderent,
306 3330 338 3361 in
352 3338 409 3362 sua
434 3329 560 3369 regione
583 3329 656 3360 ferri
674 3329 796 3361 fodinas
815 3336 893 3359 esse.
913 3327 973 3358 Alii
989 3334 1118 3366 quoque

69 3383 213 3416 homines
228 3393 269 3415 ex
287 3383 397 3415 eadem
414 3384 508 3422 gente
522 3391 555 3413 se
569 3382 652 3422 ipsos
665 3383 778 3422 sponte
793 3380 1021 3415 exhibuerunt,
1037 3387 1118 3419 quos

71 3435 218 3468 dicebant
230 3444 296 3468 esse
308 3443 512 3467 aven-uncos.
532 3434 571 3467 Hi
586 3442 686 3475 quum
697 3433 737 3465 ad
749 3432 960 3465 zemarchum
968 3430 1118 3464 accessis·

2136 217 2203 248 227

1173 292 1383 344 ἀνάψαντες,
1403 294 1445 344 τῇ
1465 292 1619 344 Σκυθικῇ
1640 294 1735 344 φωνῇ
1754 292 1943 345 βάρὸαρα]
1960 293 2048 332 ἄττα
2071 295 2214 348 ῥήματα

1172 350 1411 404 ὑπεψιθύριζον
1423 380 1434 401 ,
1453 351 1749 401 ἐπιπαταγοῧντες
1766 350 1801 388 δὲ
1818 350 1953 389 κώδωνί
1970 368 2038 390 τινι
2053 354 2112 390 καὶ
2129 370 2214 404 τυμ-

1171 408 1271 463 πάνῳ
1291 409 1435 462 ὕπερθεν
1453 411 1511 446 τοῦ
1537 407 1663 461 φόρτου
1684 409 1885 481 περιέφερον
1907 409 1946 447 τὸ
1963 412 2139 462 φυλλῶδες
2157 416 2216 450 τοῦ

1171 468 1316 507 λιόοίνου
1335 471 1378 519 τῇ
1400 467 1501 521 φλογι
1518 466 1764 517 λακιζόμενον,
1785 467 1844 505 καὶ
1865 467 1940 518 ἅμα
1955 469 2129 520 γινόμενοι
2149 486 2216 521 μα-

1171 525 1303 570 νιώδεις
1325 525 1384 563 καὶ
1405 524 1680 577 ἐμὸριμούμενοι
1703 524 1746 562 τὰ
1762 525 1898 585 πονηρὰ
1917 526 2125 564 ἀπελαύνειν
2144 527 2218 565 ἐδό-

1172 599 1271 623 now·
1291 583 1382 623 ούτω
1410 582 1478 636 γὰρ
1500 582 1732 636 ἀποτρόπαιοί
1756 598 1844 627 τινες
1866 587 1953 621 εἰναι
1974 584 2034 622 καὶ
2055 585 2148 629 ἀλεῖ
2121 601 2217 622 ικα-

1173 659 1227 682 κοι
1249 643 1403 682 ἐδόκουν.
1424 641 1841 693 Ἀποδιοπομπησάμενοι
1865 641 1907 689 δὴ
1925 646 2005 690 οὖν,
2027 645 2072 685 ὥς
2091 643 2218 696 ὤοντο,

1171 700 1217 740 τὰ
1231 701 1405 755 δυσχερη,
1423 700 1618 753 Ζήμαρχόν
1641 716 1676 738 τε
1694 700 1796 739 αὐτὸν
1817 701 1861 739 δι’
1882 702 1990 748 αὐτῆς
2008 701 2218 753 παρήγαγον

1173 763 1235 808 τῆς
1252 760 1407 816 φλογός·
1418 754 1487 798 ὧδέ
1505 775 1543 797 τε
1564 758 1684 803 ἔδοξαν
1705 758 1765 797 καὶ
1785 765 1875 813 σφᾶς
1896 759 2110 812 ἀφαγνίζειν.
2133 759 2221 799 Ἰού-

1173 835 1241 858 των
1271 818 1307 857 δὲ
1338 818 1450 870 ταύτῃ
1479 817 1744 870 γεγενημένων,
1775 817 1896 856 ἔπειτα
1927 817 2131 870 ἐπορεύοντο
2161 817 2219 862 ξυν

1172 884 1244 923 τοῖς
1261 879 1293 923 ἐς
1312 877 1352 916 τὸ
1380 877 1513 916 τοιόνδε
1539 876 1780 929 τεταγμένοις,
1799 874 1856 914 ’ίνα
1884 879 1901 914 ὃ
1922 876 2090 927 Χαγάνος
2118 877 2221 920 αὐτὸς

1175 929 1235 983 ἦν,
1255 938 1290 975 ἐν
1310 936 1382 989 ὄρει
1405 935 1472 974 τινὶ
1500 935 1678 988 λεγομένῳ
1707 934 1864 988 Ἐκτὰγ,
1885 937 1931 979 ὡς
1961 934 2002 973 ἂν
2024 934 2114 973 εἴποι
2134 950 2221 988 χρυ-

1176 998 1256 1033 σοῦν
1273 994 1350 1047 ὅρος
1365 993 1500 1042 ’Ἐλλην
1519 994 1621 1047 ἀνήρ.
1644 993 1716 1033 Καὶ
1734 993 1848 1033 τοίνυν
1867 995 1971 1032 αὐτοῦ
1989 994 2194 1047 ἀφικόμενοι
2209 1024 2219 1043 ,

1178 1052 1247 1100 ὅπη
1281 1057 1474 1100 τηνικαῦτα
1503 1056 1553 1106 τῷ
1587 1052 1793 1106 Διζαῧούλῳ
1828 1048 1918 1100 ἦσαν
1951 1054 1987 1091 αἳ
2023 1052 2219 1105 διατριὸαὶ,

1175 1113 1268 1151 κατὰ
1289 1112 1330 1159 δὴ
1356 1112 1502 1151 κοιλάδα
1520 1111 1598 1151 τινὰ
1626 1128 1687 1150 του
1714 1111 2059 1165 προσαγορευομένου
2087 1115 2217 1163 χρυσοῦ

1176 1171 1295 1224 ὄρους·
1334 1171 1410 1209 ἐπεὶ
1436 1174 1493 1210 οὖν
1528 1173 1559 1209 οἱ
1589 1170 1670 1224 περὶ
1709 1171 1904 1224 Ζήμαρχον
1939 1172 2051 1209 εκεῒσε
2082 1170 2222 1223 ἐφοίτη-

1175 1246 1258 1278 σαν,
1281 1230 1496 1281 μετάκλητοι
1519 1230 1696 1282 γενόμενοι
1716 1245 1939 1283 παραχρημα
1969 1245 2029 1268 του
2050 1228 2220 1274 Διζαὸού-

1177 1290 1238 1327 λου
1271 1284 1374 1337 ἦλθον
1404 1290 1438 1332 ἐς
1467 1289 1560 1342 ὄψιν.
1582 1283 1652 1328 *nv
1679 1290 1715 1327 δὲ
1744 1289 1812 1342 ἄρα
1845 1290 1939 1328 ἔνδον
1972 1292 2122 1337 σκηνῆς,
2155 1304 2219 1326 κα-

1175 1350 1285 1394 θ’ῆστο
1313 1346 1350 1385 δὲ
1380 1347 1437 1385 ἐπὶ
1459 1346 1620 1399 διτρόχου
1641 1348 1810 1400 καθέδρας
1838 1350 1988 1400 χρυσῆς,
2010 1347 2220 1397 ἑλκομένης,

1176 1405 1329 1452 ὁπηνίκα
1359 1405 1447 1454 ἔδει,
1465 1406 1534 1478 ’,ὑφ’
1563 1405 1672 1444 ἵππου
1700 1406 1785 1450 ἑνός.
1815 1406 2069 1459 Προσειπόντες
2097 1405 2132 1444 δὲ
2162 1421 2221 1443 τον

1179 1464 1379 1535 βάρὸαρον,
1395 1468 1442 1508 ὡς
1462 1464 1534 1508 ἔθος
1551 1466 1686 1512 αὐτοῖς,
1710 1465 1755 1503 τὰ
1782 1466 1877 1525 δῶρα
1896 1480 2120 1517 προιοχοντο.
2143 1464 2216 1504 Καὶ

1179 1523 1292 1561 τοίνυν
1312 1517 1360 1567 οἶς
1380 1539 1418 1574 γε
1436 1540 1536 1562 τουτο
1555 1525 1590 1561 ἐν
1611 1523 1785 1576 φροντίσιν
1810 1527 1852 1570 ἠν
1871 1522 2093 1568 ὑπεδέξαντο.
2116 1521 2219 1574 Ἀτὰρ

1175 1585 1194 1620 ὃ
1226 1581 1436 1635 Ζήμαρχος,
1470 1601 1485 1617 «
1518 1582 1581 1622 Σοὶ
1603 1583 1711 1630 δητα,
1734 1581 1822 1656 ἔφη,
1850 1585 1879 1620 ὠ
1910 1581 2084 1620 τοσούτων
2116 1583 2223 1620 ἐθνῶν

1175 1639 1339 1693 ἡγεμὼν,
1360 1644 1377 1679 ὁ
1402 1641 1478 1680 καθ’
1506 1644 1602 1692 ἡμᾶς
1632 1640 1793 1691 βασιλευς
1811 1642 1828 1678 ὁ
1849 1639 1979 1692 μέγας,
2002 1639 2225 1711 ἀγγελοφόρῳ

1174 1700 1396 1774 χρησάμενος
1428 1700 1525 1751 ἐμοι,
1558 1699 1732 1750 ἐσήμηνεν
1764 1703 1852 1738 εἶναι
1883 1699 1979 1738 ἐσαεὶ
2015 1699 2079 1747 τὴν
2107 1699 2219 1751 τύχην

1176 1758 1291 1797 αἰσίαν
1305 1773 1343 1797 τε
1362 1758 1422 1797 καὶ
1443 1758 1592 1811 ἀγαθὴν,
1608 1760 1643 1797 ἐν
1662 1759 1769 1812 ἠδονῃ
1786 1758 1983 1810 ποιουμένῳ
2001 1773 2055 1796 σοι
2069 1756 2113 1796 τὰ
2128 1757 2222 1797 Ῥω-

1178 1817 1309 1869 μαίων,
1330 1818 1390 1856 καὶ
1410 1818 1497 1870 πρός
1524 1834 1563 1869 γε
1583 1817 1888 1871 φιλοφρονουμένῳ
1909 1820 2017 1868 ἡμᾶς.
2041 1815 2164 1856 Ἔστω
2184 1816 2222 1855 δέ

1177 1891 1232 1916 σοι
1260 1878 1401 1930 κρατεῖν
1429 1877 1483 1915 ἀει
1511 1893 1579 1915 των
1600 1878 1780 1927 δυσμενῶν
1807 1876 1868 1915 καὶ
1888 1877 2156 1929 λαφυραγωγεῒν
2183 1892 2222 1913 το

1179 1934 1362 1986 πολέμιον.
1392 1934 1548 1974 Ἀπέστω
1578 1934 1613 1972 δὲ
1648 1933 1823 1987 βασκανία
1846 1950 1896 1978 τις
1924 1936 1971 1978 ὡς
2004 1932 2221 1986 πορρωτάτω

1176 1995 1298 2044 ἡμῶν,
1321 1991 1417 2031 οἵατε
1437 2008 1524 2031 ουσα
1551 1992 1800 2046 διαρρηγνύναι
1828 1994 1904 2036 τους
1935 2009 1996 2040 της
2023 1991 2139 2046 φιλίας
2171 1995 2225 2029 θε-

1179 2052 1302 2103 σμούς.
1324 2052 1574 2099 Ἐπιτήδεια”
1556 2068 1673 2103 εμοιγε
1693 2055 1761 2090 τῶν
1781 2051 1949 2104 Τούρκων
1969 2051 2014 2090 τὰ
2034 2053 2144 2104 φῦλα,
2165 2051 2225 2089 καὶ

1177 2110 1243 2150 ὅσα
1269 2112 1430 2158 κατήκοα
1449 2111 1636 2164 Τούρκων·
1655 2111 1746 2156 ἕξετε
1767 2110 1802 2149 δὲ
1819 2110 1881 2157 τὴν
1902 2110 1970 2162 (τὰ
1988 2112 2124 2161 Nieb.)
2141 2114 2225 2148 καθ’

1176 2225 1264 2264 sent,
1287 2223 1419 2256 sarcinis
1436 2224 1608 2265 depositis,
1625 2224 1730 2255 thuris
1757 2222 1833 2255 folia
1852 2222 2076 2261 incenderunt,
2100 2222 2226 2262 Scythi-

1176 2284 1277 2316 caque
1299 2276 1407 2315 lingua
1431 2275 1539 2307 nescio
1556 2284 1630 2316 quac
1649 2275 1747 2307 verba
1766 2276 1991 2314 susurrarunt,
2018 2275 2051 2306 et
2075 2273 2226 2306 tintinna-

1177 2328 1259 2361 bulis
1275 2331 1372 2371 atque
1396 2329 1558 2370 tympanis
1573 2330 1774 2365 resonantes,
1800 2336 1927 2359 ramum
1949 2327 2053 2359 thuris
2071 2327 2140 2366 igne
2153 2335 2226 2359 cum

1175 2383 1309 2423 strepitu
1320 2383 1497 2415 laceratum
1508 2381 1787 2420 circumferebant,
1800 2383 1831 2412 et
1843 2380 1950 2412 rurore
1963 2380 2074 2420 perciti
2090 2381 2227 2412 fremen-

1174 2436 1304 2476 aesque,
1319 2436 1483 2467 daemones
1498 2434 1656 2475 depellere
1671 2433 1772 2465 videri
1786 2433 1948 2465 volebant.
1965 2432 2106 2465 Adversa
2119 2432 2226 2474 igitur,

1175 2488 1212 2518 ut
1224 2487 1467 2527 existimabant,
1482 2487 1544 2518 alio
1554 2485 1697 2518 aversuri
1709 2485 1937 2525 ,Zemarclium
1953 2484 2058 2525 ipsum
2072 2493 2127 2525 per
2138 2485 2228 2516 flam-

1175 2547 1262 2571 mam
1277 2539 1457 2578 duxerunt,
1474 2547 1539 2579 quo
1557 2538 1619 2569 ritu
1640 2546 1673 2569 se
1687 2537 1770 2578 ipsos
1789 2546 1920 2577 quoque
1933 2536 2087 2568 lustrasse
2102 2536 2163 2568 sibi
2179 2537 2227 2568 vi-

1175 2590 1345 2624 debantur.
1366 2591 1423 2623 His
1438 2590 1483 2622 ita
1502 2590 1675 2629 confectis,
1694 2589 1928 2621 deducentibus
1944 2588 2062 2629 quibus
2078 2590 2137 2620 boc
2153 2598 2227 2621 mu-

1175 2653 1235 2676 nus
1254 2644 1474 2684 incumbebat,
1492 2643 1533 2675 ad
1550 2643 1658 2675 locum
1684 2643 1739 2674 ubi
1765 2643 1833 2674 erat
1850 2642 2037 2682 Cbaganus,
2071 2642 2103 2673 in
2119 2643 2228 2673 monte

1175 2697 1230 2738 qui
1242 2700 1376 2730 vocatur
1385 2697 1471 2738 apud
1487 2697 1573 2737 ipsos
1586 2697 1695 2736 Ectag,
1708 2698 1850 2727 montem
1863 2704 1997 2727 aureum
2009 2694 2140 2733 diceres,
2156 2703 2227 2735 pro·

1177 2750 1249 2781 fecti
1274 2751 1360 2782 sunt.
1379 2751 1415 2782 ln
1435 2749 1530 2789 liujus
1546 2748 1692 2780 convalle
1717 2749 1787 2778 tum
1815 2747 1970 2787 temporis
1985 2748 2054 2778 erat
2078 2746 2227 2778 Dizabuli

1176 2801 1385 2833 domicilium.
1402 2801 1484 2833 llluc
1498 2809 1600 2841 quum
1617 2799 1796 2838 venissent,
1813 2798 1915 2830 vocati
1927 2798 2036 2830 statim
2053 2798 2093 2829 ad
2103 2798 2227 2837 Chaga·

1176 2863 1254 2886 num
1272 2855 1486 2886 accesserunt.
1503 2856 1533 2885 ls
1549 2861 1626 2884 vero
1644 2852 1726 2884 intra
1738 2852 1914 2884 tentorium
1934 2859 2029 2883 suum
2043 2851 2174 2882 sedebat
2194 2851 2226 2882 in

1176 2907 1253 2938 sella
1267 2907 1393 2938 duabus
1406 2907 1483 2938 rotis
1499 2905 1651 2943 suffulta,
1675 2912 1767 2945 quse,
1784 2904 1810 2935 si
1826 2912 1906 2944 opus
1931 2904 2031 2942 esset,
2055 2911 2119 2934 uno
2142 2912 2227 2943 equo

1177 2960 1379 2992 trahebatur.
1398 2962 1500 2997 Quem
1514 2967 1616 2998 quum
1630 2957 1838 2997 salutassent,
1859 2964 2010 2994 munera,
2023 2959 2059 2987 ut
2073 2950 2142 2986 snos
2160 2958 2224 2994 est,

1178 3014 1401 3053 protulerunt,
1416 3021 1490 3053 quae
1506 3012 1536 3043 hi
1547 3035 1556 3050 ,
1574 3010 1692 3051 quibus
1708 3010 1768 3041 hoc
1781 3010 1970 3041 mandatum
1983 3010 2068 3048 erat,
2083 3017 2226 3048 suscepe-

1178 3067 1265 3096 runt.
1281 3068 1362 3096 Tum
1377 3065 1569 3097 Zemarcbus
1588 3076 1595 3095 t
1617 3076 1632 3090 ιι
1643 3063 1734 3102 Tibi,
1748 3062 1863 3103 inquit,
1879 3072 1899 3093 o
1914 3062 1963 3093 tot
1979 3061 2121 3101 gentium
2145 3061 2222 3100 dux,

1177 3118 1253 3158 quia
1268 3120 1429 3150 Romanos
1442 3117 1564 3157 diligis,
1586 3117 1618 3148 et
1634 3125 1746 3148 eorum
1759 3117 1791 3147 te
1813 3115 1962 3148 secundae
1975 3123 2025 3146 res
2046 3113 2224 3151 delectant,

1178 3171 1285 3201 noster
1300 3178 1432 3210 magnus
1448 3169 1634 3209 imperator,
1652 3176 1703 3200 me
1716 3167 1933 3207 internuntio,
1954 3167 2113 3206 precatur,
2132 3165 2169 3196 ut
2192 3165 2225 3195 in

1179 3222 1367 3260 perpetuum
1389 3220 1464 3252 felix
1480 3220 1538 3258 sis,
1566 3220 1734 3260 faustaque
1759 3219 1886 3250 fortuna
1911 3216 2022 3248 utaris.
2051 3218 2150 3247 Detur
2166 3215 2224 3246 tibi

1178 3273 1323 3305 inimicos
1348 3282 1472 3313 semper
1495 3281 1662 3313 superare,
1692 3274 1724 3303 et
1746 3271 1870 3312 praedas
1889 3279 1980 3310 agere
2001 3278 2041 3300 ex
2068 3267 2221 3299 hostibus.

1178 3324 1298 3356 invidia
1313 3327 1420 3356 autem
1432 3333 1528 3364 quam
1545 3323 1725 3363 longissime
1737 3332 1755 3354 a
1771 3322 1862 3353 nobis
1873 3322 1971 3360 absit,
1986 3328 2059 3359 quae
2070 3317 2224 3349 amicitias

1178 3376 1352 3408 dissolvere
1377 3377 1492 3416 potest.
1520 3375 1676 3415 Equidem
1693 3378 1814 3406 'furcos
1827 3375 1858 3405 et
1875 3373 1982 3412 gentes
2006 3371 2066 3402 illis
2081 3369 2222 3400 subditas

1178 3428 1428 3461 necessariorum
1456 3428 1527 3460 loco
1545 3428 1647 3460 habeo
1664 3440 1669 3459 :
1689 3429 1720 3459 ct
1746 3436 1801 3458 vos
1820 3426 1930 3457 eodem
1947 3432 2020 3464 erga
2045 3431 2101 3453 nos
2116 3422 2221 3452 animo

2051 3478 2091 3501 lo.
