2326 3724
103 231 176 265 194

96 314 268 368 ἀπολογίᾳ
289 313 469 354 ἐκέλευσεν
491 313 577 368 ὑπὲρ
598 315 759 368 Μέμορος
781 315 914 368 μηδένα
943 316 1138 370 φεύξεσθαι.

149 372 236 412 Ὅτι
257 375 288 411 οἱ
313 371 452 427 φαύλως
481 373 686 426 ἀναχθέντες
710 373 883 426 ἅνθρωποι
915 376 977 413 οὐκ
1001 374 1142 413 εἰώθασι

98 431 249 482 βεὸαίως
266 430 327 475 τὰς
343 431 458 483 φιλίας
476 431 677 485 φυλάττειν,
699 433 777 470 ἀλλ’
792 434 832 470 ἐκ
852 435 987 485 μικρῶν
1004 433 1142 486 προφά-

96 505 184 527 σεων
206 489 500 540 μεταὸάλλονται.

147 551 226 586 Nisi
241 551 415 596 caecutio,
434 551 582 600 legend.
602 559 657 587 est
678 565 686 587 :
702 549 754 588 ὅτι
769 544 809 596 ἦν
823 551 998 597 πολλῆς...
1017 552 1062 593 ὡς
1081 550 1143 587 οὐκ

96 607 275 651 ἀδυνάτοις
294 609 372 648 κτλ.
401 611 549 645 Memor
568 611 650 655 ille,
672 623 718 646 ex
737 622 871 646 eorum
889 622 1051 645 numero
1077 610 1143 657 qui

94 669 296 716 imperium
315 668 385 704 sub
410 669 582 705 Gallieno
601 669 847 713 affectarunt,
866 681 912 704 ex
929 669 1012 704 solo
1031 669 1145 703 novi—

93 739 178 763 mus
194 728 345 764 Zosimo
359 729 393 774 Ι,
417 728 481 776 38,
502 741 516 763 1
542 741 550 763 z
566 725 653 765 Ἐπὶ
666 731 754 764 πᾶσι
767 724 899 769 τούτοις
913 728 931 763 ὁ
951 724 1144 772 Ιάλλιηνὸς

97 784 363 836 συνταραχθεὶς,
386 785 432 827 εἷς
451 782 514 830 τὴν
533 783 679 834 Ῥώμην
698 786 841 835 ἐπανῄει
864 784 989 835 (260),
1003 783 1060 822 τὸν
1078 783 1144 821 ὑπὸ

98 843 242 881 Σκυθῶν
267 841 463 894 ἐπαχθέντα
491 842 645 894 πόλεμον
669 841 856 889 διαθήσων.
883 840 946 881 Ἐν
970 841 1084 895 τούτῳ
1104 841 1146 880 δὲ’

96 901 367 940 ἐπαναστάντων
383 902 477 954 αὐτῷ
494 901 695 953 Μέμορο.ς
713 901 787 953 (sic
805 915 849 939 ex
864 903 952 938 cod.
969 904 1142 939 Vatican.

96 973 170 997 em.
193 963 282 1000 Mai.
311 962 502 1010 vulgatam
534 957 783 1011 Κέκροπος)
817 962 879 997 τοῦ
916 958 1144 1011 Μαυρουσίου

97 1017 156 1055 καὶ
173 1017 345 1070 Αὐριόλου
367 1018 426 1055 καὶ
449 1016 649 1055 Ἀντωνίνου
670 1016 730 1055 καὶ
759 1015 883 1069 ἑτέρων
910 1016 1092 1063 πλειόνων,
1113 1018 1144 1055 οἱ

97 1075 160 1126 μὲν
177 1076 276 1115 ἄλλοι
297 1076 421 1128 σχεδὸν
445 1075 595 1118 ἅπαντες
616 1075 826 1127 ὑπήχθησαν
851 1074 952 1127 δίκῃ,
971 1075 1145 1128 Αὐρίολος

98 1135 134 1173 δὲ
152 1137 226 1173 κτλ.

149 1197 300 1232 Annum
321 1196 369 1232 ad
389 1208 502 1244 quem
526 1208 586 1231 res
606 1196 814 1244 pertineat,
837 1194 1049 1231 accuratius
1079 1194 1145 1231 de-

94 1254 203 1291 finire
236 1268 314 1290 non
349 1255 483 1290 habco.
516 1256 572 1291 De
601 1254 802 1292 Theodoto
834 1255 994 1291 Gallieni
1025 1254 1143 1299 duce,

97 1315 163 1361 qui
195 1314 440 1349 AEmilianum
481 1315 520 1348 in
553 1314 714 1362 AEgypto
747 1312 850 1362 (263)
864 1339 874 1357 ,
906 1320 943 1348 et
977 1313 1146 1348 Postliu-

94 1373 212 1407 mium
232 1373 270 1407 in
288 1373 409 1409 Gallia
429 1371 633 1407 debellavit
653 1371 740 1419 (264
767 1367 840 1420 sq.)
853 1399 862 1416 ,
882 1384 916 1406 v.
938 1370 1147 1407 Trebellius

101 1432 222 1466 Pollio
244 1432 283 1466 in
302 1431 473 1467 Gallieno
489 1444 524 1468 c.
549 1434 568 1472 4
591 1431 682 1466 etin
700 1431 802 1479 Trig.
824 1437 896 1478 tyr.
920 1443 956 1467 e.
977 1442 1037 1465 21.

241 1523 278 1562 b.
310 1524 569 1562 ΓΑΛΙΗΝΟΣ
599 1523 687 1561 ΚΑΙ
716 1522 1020 1561 ΙΝΓΕΝΟΥΟΣ.

503 1623 598 1674 (26ι
622 1636 663 1671 p.
684 1622 750 1672 C.)

151 1725 176 1749 1.
186 1709 273 1750 “Ort
284 1713 372 1757 ἢτοῦ
381 1711 554 1757 Γαλιηνοῦ
563 1708 699 1761 γαυιετὴ
714 1725 771 1747 του
749 1708 955 1760 “’βασιλε’ως
964 1708 1144 1760 ἀπηρέσθη

97 1785 176 1807 τω,
165 1767 341 1829 προσώπω
358 1768 565 1819 Ἰνγενούου,
587 1768 647 1806 καὶ
677 1766 984 1820 μεταπεμψαμένη
1011 1768 1145 1805 Βαλεν-

98 1833 207 1876 τῖνον,
227 1831 320 1864 εἶπεν
338 1828 432 1879 αὐτῷ
451 1826 503 1863 ότι
522 1843 537 1860 «
559 1825 602 1864 'E
604 1842 655 1875 γω
669 1822 732 1872 τὴν
753 1825 817 1872 σὴν
819 1824 1045 1898 Νπροαίρεσιν
1054 1819 1144 1872 οἰδα,

99 1885 158 1923 τὸν
179 1885 214 1923 δὲ
236 1884 385 1937 βασιλέα
411 1883 469 1922 ἐπὶ
490 1883 553 1934 μὲν
569 1887 612 1936 τῇ
633 1887 677 1936 σῇ
696 1885 841 1922 ἐπιλο·’“
805 1901 841 1936 (ῃ
860 1885 1012 1931 ἐπαινι),
1031 1882 1089 1921 ἐπι
1109 1882 1146 1921 δὲ

99 1948 142 2002 τῇ
169 1944 254 1983 Ἰν·ε
217 1960 255 1995 γε
258 1943 358 1982 νούου
374 1944 436 1982 οὐκ
455 1944 600 1981 ἐπαινῶ.
621 1942 682 1981 Ἐν
702 1943 814 1994 πολλῇ
835 1941 902 1994 γάρ
923 1957 982 1992 μοι
1002 1941 1144 1980 υπονοία

100 2002 210 2041 εστίν·
233 2002 310 2040 ἀλλ’
334 2000 541 2053 ἀντιπρᾶξαι
560 2016 610 2039 τι)
634 2001 770 2052 βασιλεῖ
799 2003 837 2038 οὐ
863 2000 1032 2051 δύναμαι·
1053 2002 1144 2038 ἀλλὰ

102 2078 144 2099 συ
165 2076 322 2114 επιτηρει
342 2076 400 2099 τον
423 2060 546 2112 ἄνδρα.
576 2078 590 2094 n
611 2059 851 2112 Ἀποκρίνεται
869 2060 1107 2102 Βαλεντῒνος
1093 2059 1145 2097 ότι

107 2137 121 2153 «
143 2118 283 2158 Γένοιτο
299 2118 362 2169 μὲν
379 2118 438 2156 καὶ
455 2117 642 2170 Ἰνγένουον
656 2118 798 2170 γνήσιον
815 2116 896 2169 περὶ
909 2116 971 2164 τὴν
989 2117 1147 2155 δουλείαν

102 2180 199 2227 ὑμῶν
220 2179 385 2230 ὀφθῆναι,
409 2176 486 2216 ἐπεὶ
505 2176 545 2214 τὸ
568 2177 604 2215 ἓν
633 2176 711 2225 ἐμοὶ
730 2177 793 2214 οὐκ
812 2175 854 2214 ἂν
883 2175 1092 2228 παραλείψω
1114 2191 1148 2213 τι

98 2239 167 2274 τῶν
185 2238 232 2280 εἷς
251 2235 385 2274 εὔνοιαν
403 2235 560 2288 ὁρώντων
577 2239 637 2274 τοῦ
657 2234 825 2287 ὑμετέρου
843 2234 951 2273 οἴκου.
968 2251 992 2270 a»

155 2308 185 2335 2.
215 2292 303 2333 “On
321 2297 354 2333 ἐν
383 2296 432 2346 τῷ
452 2293 544 2332 κατὰ
563 2293 756 2344 Ἰνγενούου
781 2292 926 2345 πολέμῳ
948 2290 1063 2330 πολλὰ
1087 2291 1148 2329 καὶ

100 2352 204 2409 τέκνα
224 2352 285 2391 καὶ
305 2353 413 2403 γονεῖς
439 2352 499 2390 καὶ
533 2351 701 2405 ἀδελφοὺς
730 2353 878 2398 ἀνεῖλον,
907 2351 964 2389 ἐπὶ
985 2353 1148 2388 τοσοῦτον

100 2464 159 2495 liar.
177 2463 360 2496 defensione
382 2463 557 2504 imperator
573 2463 678 2496 vetuit
693 2471 877 2504 quenquam
904 2461 1063 2494 interfecti
1086 2463 1152 2493 Me-

100 2516 199 2548 moris
215 2524 311 2548 causa
335 2515 493 2547 accusari.

143 2567 252 2600 Pravis
267 2566 407 2599 consiliis
422 2566 549 2598 utentes
562 2565 707 2598 homines
720 2573 785 2597 non
799 2565 903 2597 solent
919 2564 1053 2596 firmiter
1068 2563 1150 2596 ami-

101 2620 211 2652 citiam
224 2619 328 2658 tueri,
344 2617 400 2651 sed
413 2617 537 2650 levibus
551 2617 592 2650 de
606 2617 710 2649 causis
726 2618 907 2648 mutantur.

266 2703 301 2736 5.
326 2698 607 2736 GALLIENUS
634 2698 690 2733 ET
715 2696 982 2734 INGENUUS.

149 2769 174 2797 1.
189 2764 324 2798 Gallieni
338 2763 539 2804 imperatoris
550 2771 633 2794 uxor
643 2761 735 2794 vultu
748 2761 879 2802 Ingenui
889 2761 1010 2793 offensa
1022 2760 1081 2798 est,
1091 2768 1150 2792 vo-

105 2819 244 2858 catoque
259 2816 301 2848 ad
313 2825 347 2848 se
361 2816 533 2848 Valentino
543 2840 553 2856 ,
566 2827 582 2843 ει
595 2814 746 2847 Animum
756 2813 886 2854 quidem
897 2814 990 2845 tuum
1003 2837 1011 2852 ,
1028 2812 1150 2853 inquit,

103 2869 203 2908 probe
216 2868 417 2908 compertum
430 2867 532 2899 habeo
542 2891 551 2907 ,
565 2867 663 2907 atque
676 2864 879 2906 imperatoris
891 2863 931 2897 de
945 2866 978 2897 te
993 2858 1151 2904 judicium

102 2920 220 2959 laudo;
247 2929 312 2952 non
331 2919 408 2951 item
431 2918 517 2960 quod
539 2921 717 2959 Ingenuum
733 2918 882 2959 elegerit,
903 2918 978 2958 quia
996 2917 1048 2948 liic
1074 2917 1152 2948 milii

104 2972 198 3005 valde
226 2973 391 3013 suspectus
415 2973 474 3004 est.
499 2971 695 3012 ceteroquin
720 2971 906 3011 imperatori
931 2970 1079 3003 resistere
1101 2978 1152 3002 ne-

106 3033 206 3065 queo;
225 3024 278 3056 sed
307 3026 343 3056 tu
363 3025 527 3057 hominem
549 3024 695 3056 observa.
717 3037 733 3051 »
751 3023 927 3065 Respondit
942 3024 1152 3056 Valentinus:

108 3090 124 3105 «
138 3077 270 3110 Utinam
294 3079 456 3118 Ingenuus
474 3077 505 3109 in
524 3077 676 3118 obsequio
687 3078 796 3109 vestro
816 3077 916 3110 tidelis
939 3075 1152 3117 deprehenda-

106 3130 178 3161 tur!
195 3131 259 3169 Ego
272 3131 359 3160 certe
369 3130 525 3169 quantum
539 3129 571 3160 in
586 3136 639 3160 me
648 3129 713 3167 est,
726 3129 803 3160 nihil
815 3129 1056 3169 praetermittam
1068 3127 1153 3168 quod

107 3180 147 3212 ad
161 3188 265 3212 meam
291 3179 546 3221 componendam
560 3188 635 3220 erga
649 3180 790 3213 vestram
808 3179 943 3212 domum
962 3180 1154 3212 benevolen-

107 3231 184 3263 tiam
201 3231 333 3272 spectat.
350 3243 367 3259 n

151 3287 180 3315 2.
207 3285 243 3315 ln
269 3282 351 3315 bello
379 3282 533 3315 adversus
561 3285 740 3324 Ingenuum
763 3284 857 3317 multi
885 3283 985 3324 filios,
1008 3283 1156 3325 parentes

110 3335 286 3376 fratresque
302 3336 489 3371 occiderunt
501 3361 510 3376 ‚
535 3336 616 3369 adeo
635 3339 672 3370 ut
690 3337 821 3378 qnidam
837 3338 968 3369 fratrem
993 3346 1089 3369 manu
1106 3338 1155 3368 te-

110 3395 189 3418 nens
205 3387 348 3418 Gallieno
361 3395 395 3420 se
407 3387 524 3419 stiterit
542 3387 651 3420 dicens
665 3398 673 3420 t
688 3402 704 3416 α
722 3389 782 3421 Hic
797 3397 907 3427 meus,
930 3397 950 3420 o
970 3388 1154 3428 imperator,

112 3438 208 3469 frater
233 3439 292 3478 est,
309 3447 405 3479 quem
431 3438 513 3470 bello
530 3439 611 3480 cepi.
631 3452 647 3467 »
674 3439 839 3472 Gallienus
864 3439 1049 3472 existimans
1073 3439 1156 3472 velle

1053 227 1296 267 ANONYMI

1203 316 1295 356 ὥστε
1314 315 1391 355 τινὰ
1391 323 1597 377 κατασχεῖν
1617 317 1704 356 ἴδιον
1725 317 1873 371 ἀδελφὸν
1891 318 1989 372 παρὰ
2006 321 2170 375 Γαλιηνῷ
2189 322 2248 361 και

1205 377 1337 413 εἰπεῖν·
1359 393 1375 410 α
1391 369 1440 414 ’Ὦ
1463 377 1624 428 βασιλευ,
1643 380 1740 420 οὗτος
1763 377 1939 427 ἀδελφὸς’
1925 378 2004 428 εμός
2025 379 2114 427 ἔστι,
2135 380 2228 419 καὶ’
2213 397 2249 419 εν

1204 435 1255 485 τῷ
1270 433 1415 486 πολέμῳ
1436 433 1608 486 κατέσχον
1626 434 1744 474 αὐτόν.
1771 453 1788 470 ι
1805 434 1852 475 ‘O
1875 435 1911 474 δὲ
1941 436 2086 487 νομίσας
2105 437 2178 476 ὅτι’
2175 453 2249 476 πα-

1207 491 1438 544 ραιτήσασθαι
1463 492 1566 531 αὐτὸν
1586 492 1767 544 βούλεται,
1787 494 1847 532 καὶ
1865 494 2057 540 ἀπεδέξατο
2078 497 2138 535 καὶ
2155 496 2248 548 ἐπῄ-

1205 565 1317 600 νεσεν,
1337 549 1397 588 καὶ
1418 549 1591 603 ὑπέσχετο
1615 552 1731 590 πολλα
1751 552 1886 600 δώσειν,
1905 555 1966 591 καὶ
1986 553 2049 601 τὴν
2077 554 2252 608 ἁμαρτίαν

1204 611 1265 654 τῆς
1287 608 1486 661 τυραννίδος
1509 611 1716 662 συγχωρεῖν.
1746 611 1818 649 Τὸν
1838 610 1874 649 δὲ
1895 613 2015 660 εἰπεῖν,
2033 611 2085 651 ὅτι
2112 614 2151 652 οὗ
2181 612 2251 666 χρὴ

1205 665 1263 704 τὸν
1282 664 1410 710 ἅπαξ’
1394 666 1591 719 αντάραντα
1613 666 1705 706 οπλα
1730 667 1900 720 βασιλέως
1915 671 2041 743 ζ,ἦσαι,
2066 669 2127 708 καὶ
2146 686 2186 709 το
2202 670 2251 716 ξί-

1206 738 1261 775 φει
1285 725 1418 762 ἀνελεῖν
1444 723 1563 763 αὐτόν.
1591 723 1637 764 Ὁ
1664 725 1700 763 δὲ
1728 726 1899 774 Ιαλιηνὸς
1923 728 2146 779 ἠγανάκτησε
2172 728 2250 779 μὲν,

1206 781 1299 829 πλὴν
1319 782 1375 820 διὰ
1399 782 1440 821 τὸ
1465 782 1633 830 ἀδόκητον
1662 786 1732 822 τῶν
1758 785 1978 837 πραγμάτων
1995 787 2250 839 συνεχώρησεν.

1322 841 1408 881 “Ort
1424 841 1632 886 Κλαύδιος”
1613 858 1715 895 ετυχε
1730 844 1870 894 τρωθεις
1885 845 1933 888 εἷς
1947 844 2004 883 τὸν
2019 845 2254 898 ἀστράγαλον,

1207 915 1266 938 και
1260 854 1376 951 3μετὰ
1393 902 1526 948 πολλῆς
1543 902 1696 948 σπουδῆς
1715 904 1733 940 ὁ
1754 902 1919 954 βασιλευς
1934 902 2015 956 περὶ
2031 904 2135 942 αὐτου
2153 905 2256 942 ε’πυν·

1206 959 1341 1000 θάνετο.
1365 962 1428 1003 Εἰς
1446 963 1505 997 οὖν
1527 962 1596 998 τῶν
1623 963 1846 1013 στρατιωτῶν
1865 965 1960 1000 εἶπεν
1980 961 2034 1000 ὅτι
2061 963 2107 1006 ως
2131 961 2254 1015 Ἀχιλ-

1207 1016 1285 1060 λευς
1301 1017 1507 1069 πολεμήσας
1521 1018 1683 1070 γενναίως
1696 1019 1841 1072 ἐτρώθη,
1856 1020 1945 1058 καὶ’
1930 1036 1965 1058 εν
1979 1022 2029 1058 τῶ
2042 1021 2254 1074 καταγωγίι)

1209 1077 1313 1114 αὐτοῦ
1328 1077 1401 1114 ἐστι
1417 1076 1690 1128 θεραπευόμενος
1701 1092 1710 1101 ·
1729 1077 1819 1116 ὥστε
1835 1077 1892 1115 τὸν
1912 1078 2059 1130 βασιλέα
2075 1081 2186 1117 εἰπεῖν
2201 1078 2254 1117 ὅτι

1208 1133 1348 1178 εἰκότως
1364 1134 1424 1172 καὶ
1441 1136 1487 1179 εἷς
1501 1135 1558 1173 τὸν
1574 1135 1792 1188 ἀστράγαλον
1812 1135 1956 1188 ἐτρώθη.

1261 1194 1284 1244 S
1321 1207 1354 1230 1.
1385 1196 1545 1232 Gallieni
1561 1209 1720 1232 uxorem
1739 1197 1778 1232 in
1798 1204 1921 1233 castra
1944 1198 2124 1234 maritum
2143 1209 2255 1235 secu-

1209 1261 1282 1289 tam
1296 1255 1407 1290 etiam
1423 1267 1467 1290 ex
1485 1256 1634 1291 Zonara
1646 1255 1740 1301 XII,
1756 1254 1819 1302 25,
1834 1268 1874 1305 p.
1892 1255 1964 1292 601
1982 1257 2116 1304 liquet.
2134 1277 2183 1283 ——
2197 1257 2256 1293 De

1208 1314 1408 1349 Valentino
1434 1313 1589 1349 aliunde
1613 1325 1692 1348 non
1718 1321 1880 1352 constat.
1901 1315 2023 1351 Maius
2041 1315 2256 1364 suspicatur

1209 1371 1364 1407 fortasse
1395 1371 1559 1408 eundem
1593 1383 1672 1408 esse
1692 1373 1849 1426 cums*
1847 1374 1987 1418 alente,
2015 1386 2129 1422 quem
2163 1369 2276 1410 dicit·

1208 1431 1415 1466 Trebellius
1435 1431 1473 1465 in
1492 1430 1663 1466 Gallieno
1690 1443 1724 1469 c.
1750 1444 1788 1467 2.
1813 1453 1864 1460 -
1886 1432 1909 1481 S
1929 1445 1967 1468 2.
1995 1447 2011 1465 ιι
2035 1431 2130 1470 Belli
2147 1432 2257 1479 hujus

1208 1489 1386 1524 saevitiam
1403 1489 1606 1525 immanem
1628 1501 1786 1538 arguere
1802 1491 1892 1526 licet.
1906 1492 2020 1526 etiam
2032 1503 2078 1527 ex
2097 1493 2257 1540 epistola

1210 1559 1324 1595 quam
1343 1547 1478 1582 recitat
1496 1547 1704 1583 Trebellius
1723 1549 1762 1583 in
1783 1550 1953 1597 Ingenuo
1984 1550 2065 1585 sive
2084 1550 2124 1585 in
2150 1551 2253 1598 Trig.

1209 1612 1283 1653 tyr.
1306 1617 1340 1640 c.
1365 1603 1403 1640 8.
1431 1619 1448 1637 »
1468 1605 1561 1640 Mn.
1585 1605 1641 1643 Cf.
1664 1605 1711 1642 de
1736 1607 1810 1642 boc
1837 1607 1940 1643 hello
1964 1609 2130 1643 Zonaras
2156 1609 2255 1652 XII,

1210 1668 1258 1707 24
1271 1690 1282 1708 ‚
1297 1677 1337 1712 p.
1357 1662 1430 1712 597
1443 1692 1454 1712 ‚
1471 1670 1509 1700 et
1528 1663 1747 1703 Tillemonte
1764 1665 1843 1714 111,
1859 1678 1901 1714 p.
1923 1665 1997 1709 324
2018 1678 2076 1714 sq.
2094 1687 2149 1694 —
2171 1666 2193 1715 §
2216 1667 2254 1703 3.

1209 1722 1408 1759 Claudium
1427 1723 1598 1760 Gallieno
1618 1722 1807 1759 bellorum
1821 1725 1968 1760 socium
1983 1724 2094 1762 fuisse
2108 1726 2256 1775 colligi-

1210 1788 1271 1817 tur
1289 1793 1336 1818 ex
1353 1781 1541 1817 Trebellio
1561 1781 1602 1816 in
1621 1781 1783 1818 Gallien.
1802 1795 1837 1820 c.
1859 1795 1878 1829 7
1898 1792 1935 1819 et
1955 1782 1992 1820 5.

1330 1892 1368 1929 6.
1401 1891 1658 1931 ΓΑΛΙΗΝΟΣ
1688 1893 1778 1931 ΚΑΙ
1807 1893 2140 1933 ΠΟΣΤΟΥΜΟΣ.

1265 1995 1351 2035 “Ort
1367 1998 1538 2044 Γαλιηνὸς
1555 1999 1574 2035 ὁ
1591 1996 1754 2049 βασιλεὺς
1767 1996 1852 2050 πρὸς
1870 1997 2076 2050 Πόστουμον
2093 1998 2259 2053 αὐτοκρά-

1211 2070 1296 2107 τορα
1317 2055 1590 2107 ἀναγορευθέντα
1609 2054 1741 2103 πέμπει
1758 2055 1975 2107 πρεσὸευτὰς
2002 2055 2080 2100 τοὺς
2106 2057 2255 2095 ἐπιστα-

1211 2115 1332 2163 μένους
1348 2113 1392 2152 τὰ
1413 2114 1582 2165 γενόμενα
1601 2116 1685 2165 παρ’
1703 2115 1828 2163 αὐτοῦ,
1844 2115 1904 2153 καὶ
1919 2116 2078 2167 ἐροῦντας
2095 2117 2190 2168 αὐτῷ
2205 2115 2258 2154 ὅτι

1210 2173 1280 2225 χρὴ
1307 2172 1352 2211 τὰ
1375 2172 1487 2226 ὀχυρὰ
1507 2173 1771 2218 καταλαὸόντας
1789 2173 1991 2227 ἡσυχάζειν.
2013 2191 2029 2209 ιι
2051 2173 2157 2213 Ἀλλὰ
2183 2189 2258 2212 πα-

1213 2231 1421 2285 ραχώρησόν
1439 2247 1499 2282 μοι
1516 2233 1679 2270 εἰσελθεῖν
1696 2231 1754 2269 ἵνα
1771 2233 2002 2285 διακριθῶμεν
2014 2249 2022 2257 ·
2040 2233 2100 2271 καὶ
2114 2236 2132 2271 ὁ
2148 2232 2258 2286 κρείτ·
2287 2285 2291 2288 ⁴

1210 2307 1291 2338 των,
1309 2290 1486 2340 βασιλεύς.
1505 2308 1521 2325 ν
1544 2289 1589 2329 ‘O
1610 2289 1645 2328 δὲ
1663 2290 1901 2337 ἀντεδήλωσεν
1920 2290 1972 2329 ὅτι
1992 2309 2008 2326 α
2027 2290 2118 2331 Οὐδὲ
2136 2307 2258 2344 παρα-

1210 2352 1315 2402 χωρῶ
1335 2348 1390 2387 σοί
1410 2364 1494 2387 ποτε
1520 2349 1609 2387 ἑκὼν
1630 2350 1816 2402 παρελθεῖν
1835 2349 1897 2394 τὰς
1915 2347 2078 2398 Ἄλπεις,
2107 2350 2186 2388 οὔτε
2210 2352 2258 2394 εἷς

1211 2461 1299 2493 hunc
1311 2469 1369 2501 pro
1380 2469 1418 2492 eo
1433 2460 1614 2501 deprecari,
1625 2460 1753 2492 admisit
1769 2460 1930 2493 hominem
1942 2461 2259 2502 commendavitque,

1211 2514 1244 2544 et
1262 2512 1366 2544 multa
1386 2521 1420 2544 se
1437 2511 1609 2552 daturum,
1625 2520 1764 2553 eumque
1779 2512 1820 2544 de
1840 2513 1927 2545 laesae
1939 2513 2113 2554 majestatis
2125 2513 2258 2546 crimine

1211 2565 1434 2598 absoluturum
1465 2564 1621 2605 promisit.
1646 2565 1742 2597 lllum
1765 2574 1841 2597 vero
1864 2566 1975 2598 contra
1994 2565 2112 2599 dixisse
2138 2566 2258 2607 ferunt,

1212 2626 1276 2648 non
1292 2618 1440 2657 oportere
1452 2616 1563 2648 vivere
1576 2616 1632 2656 qui
1648 2616 1746 2648 semel
1763 2625 1854 2648 arma
1866 2616 2020 2649 adversus
2032 2617 2258 2658 imperatorem

1210 2669 1353 2707 tulisset3
1389 2667 1557 2708 gladioque
1581 2667 1712 2699 fratrem
1744 2667 1935 2700 confodisse.
1965 2667 2102 2700 Facinus
2125 2669 2259 2702 moleste

1210 2720 1285 2751 tulit
1297 2719 1473 2758 Gallienus,
1491 2718 1547 2750 sed
1560 2719 1668 2750 tamen
1681 2718 1722 2750 ob
1736 2718 1901 2760 inopinum
1921 2727 2029 2752 rerum
2042 2721 2212 2761 eventum,
2227 2721 2259 2753 id

1212 2771 1319 2802 ratum
1335 2770 1456 2802 habuit.

1253 2825 1284 2854 3.
1299 2822 1452 2855 Claudius
1465 2831 1566 2863 quum
1582 2823 1770 2856 vulneratus
1787 2824 1819 2855 in
1838 2824 1902 2856 talo
1918 2825 2017 2864 esset,
2033 2825 2168 2858 sollicite
2180 2825 2259 2858 Gal-

1213 2875 1316 2908 lienus
1337 2875 1415 2916 imp.
1434 2875 1474 2907 de
1495 2884 1534 2908 eo
1556 2877 1728 2916 praesentes
1754 2877 1897 2915 rogabat.
1921 2879 2003 2908 Tum
2018 2878 2110 2910 miles
2127 2878 2258 2918 quidam

1211 2928 1257 2960 ait
1273 2937 1347 2960 eum
1363 2928 1486 2961 sortiter
1499 2928 1540 2960 ad
1561 2928 1693 2960 modum
1707 2929 1837 2961 Achillis
1858 2931 2053 2969 pugnantem
2068 2930 2187 2963 vulnus
2205 2940 2259 2963 ac-

1212 2980 1330 3021 cepisse
1342 2981 1374 3012 et
1387 2988 1474 3011 nunc
1497 2979 1532 3012 in
1550 2980 1691 3012 tentorio
1707 2989 1765 3012 suo
1787 2980 1904 3012 curari.
1920 2980 1968 3012 Ad
1984 2990 2059 3021 quae
2075 2981 2258 3022 imperator,

1212 3031 1423 3072 congruenter
1436 3031 1544 3072 igitur,
1558 3030 1734 3073 respondit,
1749 3031 1835 3063 hunc
1849 3040 1979 3073 quoque
1991 3032 2024 3064 in
2034 3032 2099 3065 talo
2108 3041 2177 3080 esse
2189 3034 2259 3066 vul·

1213 3083 1372 3115 neratum.

1379 3156 1414 3188 6.
1439 3152 1717 3190 GALLIENUS
1733 3153 1795 3189 ET
1813 3152 2091 3191 POSTUMUS.

1257 3220 1421 3261 Gallienus
1435 3227 1610 3268 imperator
1621 3226 1660 3260 ad
1675 3227 1864 3260 Postumum
1874 3228 1928 3268 qui
1943 3236 2119 3269 purpuram
2134 3237 2259 3262 sumse-

1215 3281 1276 3320 rat,
1287 3279 1371 3312 misit
1378 3279 1433 3320 qui
1445 3288 1495 3311 res
1502 3287 1576 3319 quae
1585 3278 1626 3310 ab
1634 3287 1672 3311 eo
1682 3280 1867 3319 gererentur
1879 3279 2045 3319 rescirent,
2056 3279 2260 3322 dicerentque

1214 3340 1295 3373 opus
1310 3340 1378 3364 esse
1392 3332 1428 3363 ut
1442 3331 1477 3370 ii,
1491 3330 1546 3372 qui
1559 3329 1683 3362 munita
1693 3330 1763 3362 loca
1780 3332 2010 3372 occupassent,
2029 3331 2172 3372 quietem
2185 3341 2259 3372 age-

1217 3387 1296 3418 rent.
1310 3385 1453 3426 Rogabat
1462 3385 1560 3418 etiam
1571 3385 1608 3417 ut
1620 3384 1679 3417 sibi
1692 3385 1869 3426 ingressum
1881 3386 1913 3417 in
1926 3386 2044 3419 Gallias
2057 3386 2259 3425 concederet,

1218 3439 1254 3470 ut
1272 3437 1358 3470 bello
1384 3437 1466 3468 inter
1481 3445 1515 3469 se
1531 3435 1768 3476 discernerent;
1795 3445 1910 3478 nempe
1938 3438 1974 3468 ut
1998 3436 2025 3469 is
2043 3437 2098 3478 qni
2116 3436 2259 3478 superior
