2372 3704
1018 226 1359 267 FRAGMENTA.

109 320 298 364 Πλάτωνος
317 318 489 366 εἰπόντος,
505 316 560 357 ὅτι
585 318 644 356 καὶ
670 316 771 360 αὐτὸς
794 315 835 354 ἂν
857 315 1017 368 ἠγόρασα
1036 314 1163 353 τοσού-

107 395 188 427 του,
212 378 321 431 Ὁρᾷς
340 372 415 427 οὗν,
435 372 542 426 εἶπεν,
559 370 588 415 ‹T›
606 375 771 424 Πλάτων,
788 374 840 414 ὅτι
857 377 919 413 οὐκ
935 373 1004 426 ἐγὼ
1024 373 1161 427 ὀψοφά-

106 454 182 490 γος,
204 436 295 476 ἀλλὰ
310 437 352 476 σὺ
370 436 590 493 φῦοίργυρος.
611 454 627 470 υ

602 534 662 572 18.

160 628 268 665 Idem
283 629 379 676 XII,
394 641 436 678 p.
462 627 561 677 544,
582 629 625 674 C,
654 627 703 663 de
727 627 926 676 Arist‘ppo
947 626 1128 673 Cyrenaeo
1152 636 1160 662 :

106 684 348 739 Ἡγήσανδρος
375 689 456 760 γρῒῐν
483 701 601 739 φησιν,
620 687 666 728 ὡς
691 683 752 723 καὶ
781 683 903 728 ἀδόξου
924 682 1007 722 ποτὲ
1028 682 1164 726 κλισίας

105 746 190 817 παρ’
207 746 303 798 αὖτῳ
324 744 439 798 τυχὼν
459 744 620 797 ἤνεγκεν,
641 742 882 797 ἐρωτήσαντός
899 758 937 781 τε
953 746 1013 780 τοῦ
1036 745 1163 781 Διονυ-

107 803 204 855 σίου,
234 803 268 843 τί
288 803 486 857 φαίνεταιὴ
513 803 720 846 κατάκλισις
739 802 825 854 πρὸς
851 800 913 848 τὴν
931 800 1030 854 χθὲς,
1057 800 1163 854 ἔφησε

104 861 359 915 παραπλησίαν
376 856 477 901 εἶναι.
505 880 523 897 α
537 861 680 907 Ἐκείνη
709 876 746 899 τε
765 860 855 913 γὰρ,
877 859 1020 912 ἔφησεν,
1050 858 1165 904 ἀδοξεῖ

103 919 254 974 τήμερον
270 921 518 973 χωρισθεῖσα’
502 924 602 972 εμοῦ,
615 920 695 972 χθὲς
711 919 745 958 δὲ
762 922 886 957 πασῶν
899 935 941 967 ην
959 919 1162 967 ἐνδοξοτάτη

105 979 148 1017 δι’
167 982 273 1030 ἡμᾶς.
295 979 396 1027 Αυτη
420 979 455 1018 δὲ
473 979 623 1031 τήμερον
645 978 705 1017 καὶ
729 977 861 1023 ἔνδοξος
880 978 998 1029 γέγονε
1018 977 1076 1016 διὰ
1100 978 1164 1026 τὴν

103 1038 279 1092 ἡμετέραν
290 1038 499 1091 παρουσίαν,
510 1038 591 1090 χθὲς
603 1037 638 1076 δὲ
651 1036 766 1084 ἠδόξει
778 1036 827 1088 μὴ
841 1038 1012 1090 παρόντος
1030 1039 1129 1087 ἐμοῦ.
1146 1054 1163 1071 ¹·

105 1097 179 1136 Καὶ
194 1098 229 1135 ἐν
245 1096 364 1142 ἄλλοις
380 1096 418 1136 δέ
442 1112 545 1150 φησιν
561 1099 578 1134 6
600 1096 858 1149 Ἡγήσανδρος·
884 1114 898 1130 α
918 1095 1162 1148 Ἀρίστιππος,

104 1155 305 1207 ῥαινόμενος
338 1155 403 1207 μὲν
436 1155 503 1194 ὑπὸ
534 1158 600 1193 τῶν
631 1158 692 1194 τοῦ
715 1154 898 1194 Διονυσίου
930 1154 1162 1206 θεραπόντων,

103 1213 348 1265 σκωπτόμενος
365 1215 396 1252 δ’
417 1213 474 1252 ἐπὶ
494 1217 543 1266 τῷ
564 1213 752 1266 ἀνέχεσθαι
770 1214 828 1251 im*
854 1213 1096 1266 Ἀντιφῶντος,
1118 1214 1163 1252 Εἰ

104 1273 137 1311 δ’
155 1273 378 1324 ἁλιευόμενος
388 1272 593 1326 ἐτύγχανον,
609 1273 687 1326 ἔφη,
703 1271 909 1310 καταλιπὼν
921 1271 984 1319 τὴν
997 1271 1163 1324 ἐργασίαν

104 1330 146 1370 ἂν
160 1334 337 1379 ἀπῆλθον;
359 1351 374 1366 υ

605 1416 666 1452 19.

157 1490 266 1526 Idem
294 1491 410 1537 VIII,
444 1503 485 1538 p.
529 1491 628 1535 344,
659 1494 691 1527 A
718 1501 727 1527 :
760 1488 965 1540 Φόρουσκον
997 1487 1035 1526 δέ
1059 1503 1163 1540 φησιν

103 1545 346 1600 Ἡγήσανδρος
362 1547 420 1586 τὸν
440 1547 665 1600 ἰχθυοφάγον,
685 1547 725 1585 οὐ
740 1545 928 1593 δυνηθέντα
943 1545 1022 1584 ὅσον
1043 1546 1164 1594 ἤθελεν

106 1607 246 1658 ἀφελεῖν
266 1610 325 1645 τοῦ
352 1606 484 1659 ἰχθύος,
507 1607 585 1644 ἀλλ’
611 1605 910 1652 ἀκολουθήσαντος
930 1605 1025 1656 αὐτῷ
1045 1605 1164 1644 πλείο-

103 1680 159 1709 νος
170 1695 179 1713 ,
200 1667 309 1704 εἰπεῖν
321 1682 329 1690 ·

187 1769 235 1802 Τὰ
250 1770 277 1802 δ’
295 1769 492 1803 ἀντιτείνοντ’
508 1769 693 1810 αὐτόπρεμν’
715 1769 905 1808 ἀπόλλυται,

104 1851 165 1890 καὶ
181 1849 260 1890 ὅλον
289 1868 348 1891 τον
368 1851 466 1905 ἷχθυν
485 1853 679 1891 ἀναλῶσαι,
712 1851 805 1890 Βίων
830 1851 865 1889 δὲ
878 1850 1162 1904 ,προαρπάσαν-

102 1911 160 1955 τός
176 1926 266 1955 τινος
282 1911 326 1949 τὰ
347 1911 466 1950 ἐπάνω
482 1914 540 1949 τοῦ
559 1910 693 1981 ἰχθύος,
712 1910 866 1963 στρέψας
878 1910 938 1949 καὶ
954 1911 1055 1954 αὐτὸς
1068 1940 1078 1958 ,
1101 1925 1162 1948 και

103 1970 255 2023 δαψιλῶς
272 1969 406 2023 φαγὼν,
427 1971 588 2009 ἐπεῖπεν·

186 2069 258 2101 Ἰνὼ
274 2070 307 2101 δὲ
325 2069 399 2102 τάπὶ
417 2069 517 2111 θάτερ’
537 2070 736 2112 ἐξειργάζετο.

100 2168 192 2200 Plato
202 2168 413 2209 respondisset
422 2197 429 2210 ‚
442 2178 480 2201 eo
493 2169 596 2210 pretio
609 2169 642 2201 et
654 2168 758 2209 ipsum
771 2169 957 2209 empturum
971 2176 1025 2199 eos
1042 2168 1158 2200 fnisse:

2202 238 2222 270 4
2234 239 2245 270 l
2259 237 2276 269 7

1720 329 1782 353 20.

1278 379 1385 416 Idem
1405 379 1466 424 X,
1491 391 1532 427 p.
1567 383 1642 423 444
1658 407 1667 424 ,
1686 381 1716 415 Ε
1743 392 1752 417 ;
1786 378 2028 432 Ἡγήσανδρος
2054 381 2083 419 δ’
2112 384 2129 419 6
2149 382 2281 434 Δελφὸς

1224 436 1284 475 καὶ
1303 434 1449 481 ἐξοίνους
1472 434 1566 479 τινὰς
1597 435 1768 484 κέκληκε,
1795 435 1905 488 λέγων
1934 437 2061 482 οὕτως·
2087 457 2101 472 «
2126 439 2280 489 Κομηὼν

1224 495 1284 533 καὶ
1305 494 1495 547 Ῥοδοφῶν,
1527 496 1596 532 τῶν
1629 496 1664 532 ἐν
1692 494 1804 547 Ῥόδῳ
1829 496 2136 546 πολιτευσαμένων
2166 498 2278 543 ὄντες,

1223 548 1314 601 ἦσαν
1335 553 1469 599 ἔξοινοι.
1488 552 1562 592 Καὶ
1583 555 1600 591 6
1627 552 1799 604 Κομηὼν,
1827 556 1874 598 εἷς
1893 554 2066 602 κυὸευτὴν
2093 555 2279 603 σκώπτων,

1224 612 1282 651 τὸν
1299 612 1523 665 Ῥοδοφῶντα
1537 641 1548 663 ,
1574 611 1690 664 ἔλεγεν
1701 628 1708 636 ·

1308 705 1352 739 Ὦ
1366 706 1468 749 γέρον,
1486 706 1506 746 ἦ
1523 706 1608 748 μάλα
1623 707 1661 744 δή
1678 717 1714 738 σε
1727 707 1789 738 νέοι
1806 707 1941 748 τείρουσι
1956 707 2114 739 κυὸευταί.

1224 783 1403 837 Ροδοφῶν
1423 799 1460 822 τε
1478 783 1599 837 ἐκείνῳ
1616 782 1678 830 τὴν
1695 783 1775 836 περὶ
1792 783 1852 828 τὰς
1867 784 2033 835 γυναῖκας
2049 784 2203 831 σπουδὴν
2224 786 2284 823 καὶ

1224 841 1287 890 τὴν
1314 842 1488 895 ἀκρασίαν
1510 842 1697 891 ὠνείδιζεν,
1726 843 1890 892 οὐδεμιᾶς
1919 842 2139 895 ἀπεχόμενος
2166 845 2283 882 λοιδο-

1226 901 1314 954 ρίας.
1342 921 1355 935 n
1377 903 1628 951 Rhodophon
1655 902 1832 939 Rhodius
1863 903 1927 939 ille
1952 911 2087 939 contra
2107 905 2284 939 Perseum

1225 975 1312 998 cum
1328 963 1510 998 Romanis
1537 961 1756 998 faciendum
1776 975 1854 999 esse
1883 964 2037 999 censuit.
2066 965 2111 1001 V.
2143 963 2281 1010 Polyb.

1223 1022 1386 1066 XXVII,
1407 1021 1443 1066 6,
1464 1020 1501 1057 3.
1526 1021 1708 1067 XXVIII,
1732 1034 1767 1066 2,
1784 1021 1817 1059 3.
1836 1022 1943 1058 Idem
1963 1023 2106 1070 legatus
2122 1023 2285 1058 Romam

1224 1081 1400 1126 mittitur,
1424 1079 1562 1127 Polyb.
1589 1080 1718 1125 XXX,
1743 1079 1786 1126 5,
1808 1084 1829 1123 4
1856 1081 1939 1130 (Ol.
1967 1080 2054 1126 153,
2080 1094 2112 1118 1.
2140 1081 2245 1129 168).

1723 1163 1788 1189 21.

1278 1215 1386 1251 Idem
1401 1215 1480 1260 XI,
1502 1227 1544 1263 p.
1568 1219 1660 1261 477,
1682 1215 1712 1250 Ε
1733 1227 1742 1253 :
1762 1213 2005 1267 Ἡγήσανδρος
2022 1216 2039 1251 6
2061 1213 2194 1267 Δελφὸς
2212 1215 2284 1253 Εὖ-

1226 1271 1379 1325 φορίωνά
1396 1287 1482 1323 φησι
1495 1271 1554 1310 τὸν
1573 1270 1733 1319 ποιητὴν,
1744 1272 1841 1324 παρὰ
1859 1272 2052 1325 Πρυτάνιδι
2066 1273 2284 1319 δειπνοῦντα,

1226 1330 1285 1369 καὶ
1314 1329 1596 1380 ἐπιδεικνυμένου
1616 1333 1676 1368 τοῦ
1700 1331 1918 1380 Πρυτάνιδος
1947 1331 2099 1384 κιὸώριά
2116 1347 2194 1369 τινα
2222 1332 2284 1370 δο-

1225 1393 1352 1428 κοῦντα
1372 1392 1589 1435 πεποιῆσθαι
1617 1390 1833 1437 πολυτελῶς,
1859 1394 1918 1429 τοῦ
1942 1392 2099 1434 κώθωνος
2126 1384 2164 1428 εῧ
2187 1390 2284 1439 μάλα

1225 1447 1504 1501 προὸεὸηκότος,
1527 1447 1646 1486 λαὸὼν
1663 1447 1698 1486 ἓν
1718 1450 1786 1487 τῶν
1801 1448 1988 1501 κιὸωρίων,
2008 1451 2054 1493 ὡς
2073 1449 2210 1494 ἐξοινῶν
2224 1449 2284 1487 καὶ

1227 1507 1362 1559 μεθύων
1398 1505 1597 1559 ἐνεούρησε.
1628 1510 1823 1558 Prytanis,
1855 1511 1950 1558 phil.
1984 1511 2282 1559 peripateticus,

1226 1568 1448 1616 Hieronymi
1485 1580 1700 1613 successor,
1736 1570 1914 1617 magister
1952 1569 2211 1618 Euphorionis
2241 1570 2283 1604 V.

1227 1627 1360 1663 Suidas
1385 1639 1421 1662 v.
1454 1623 1655 1676 Εὐφορίων,
1687 1627 1762 1662 Vit.
1802 1628 1956 1664 Aristot.
1993 1629 2046 1676 II,
2069 1641 2109 1676 p.
2143 1632 2217 1670 402
2247 1628 2285 1662 in

1226 1687 1347 1736 Βιογρ.
1368 1686 1669 1730 VVestermanni3
1692 1686 1831 1733 Polyb.
1852 1688 1899 1734 V,
1922 1686 1985 1734 93.

1728 1769 1790 1794 22.

1280 1822 1389 1858 Idem
1415 1823 1465 1867 X,
1492 1835 1533 1870 p.
1568 1821 1667 1868 431,
1692 1823 1767 1857 D.
1760 1821 1876 1859 ·Οὔκ
1903 1821 2113 1874 ἀγλαφύρως
2141 1820 2177 1859 δὲ
2211 1820 2285 1860 Λύ-

1226 1880 1373 1932 σανδρος
1408 1882 1426 1917 6
1461 1878 1711 1939 Σπαρτιάτης,
1752 1878 1798 1922 ὥς
1833 1895 1938 1932 φησιν
1973 1879 2213 1932 Ἡγήσανδρος
2250 1881 2284 1917 ἐν

1226 1938 1496 1988 Υπομνήμασι,
1507 1938 1564 1976 τὸν
1582 1941 1671 1976 οἶνον
1687 1939 1796 1991 υδαρη
1807 1938 2016 1977 πωλούντων
2031 1941 2099 1976 τῶν
2111 1938 2283 1985 καπήλων

1224 1999 1258 2035 ἐν
1275 2012 1325 2049 τῳ
1341 1997 1578 2049 στρατοπέδῳ,
1594 1996 1808 2048 κεκραμένον
1826 1996 2006 2036 ἐκέλευσεν
2022 1997 2125 2035 αὐτὸν
2140 1999 2284 2046 πωλεῖν,

1222 2055 1265 2094 ἵν’
1289 2055 1391 2093 αὐτὸν
1410 2054 1664 2108 ἀκρατέστερον
1685 2056 1839 2095 ὠνοῖντο.

1221 2167 1316 2208 piscis
1329 2169 1452 2208 partem
1468 2166 1676 2207 proripuisset
1689 2167 1821 2207 aliquis,
1836 2167 1968 2200 invertit
1983 2168 2103 2208 piscem
2114 2192 2123 2209 ,
2137 2168 2283 2208 largiter-

101 2221 199 2254 Vides
214 2221 322 2262 igitur,
334 2221 450 2262 inquit,
467 2222 511 2253 mi
530 2222 640 2262 Plato,
655 2222 799 2254 nontam
815 2230 867 2253 me
885 2220 1010 2253 obsonii
1026 2220 1160 2253 avidum
1222 2229 1285 2261 que
1301 2222 1431 2261 pastus,
1447 2221 1505 2260 ait,

100 2282 168 2306 esse
180 2297 190 2314 ‚
206 2282 306 2314 quam
327 2275 360 2306 te
372 2275 518 2315 pecuniae
534 2274 699 2315 cupidum.
717 2286 732 2301 »

600 2351 657 2383 18.

141 2417 257 2448 Narrat
282 2415 498 2457 Hegesander,
523 2416 680 2457 patienter
694 2415 889 2456 Aristippum
911 2415 1040 2454 tulisse,
1058 2424 1159 2456 quum

100 2469 271 2509 aliquando
297 2478 409 2509 parum
424 2469 577 2501 honestus
601 2469 694 2500 locus
709 2469 737 2500 ei
759 2467 793 2499 iu
807 2467 956 2499 convivio
972 2469 1057 2500 esset
1082 2468 1157 2500 assi·

100 2523 215 2560 gnatus
233 2530 240 2551 :
260 2522 292 2553 et
307 2521 511 2561 interroganti
538 2520 709 2561 Dionysio,
727 2519 815 2562 quid
828 2521 894 2560 ipsi
920 2519 1100 2551 videretur
1115 2519 1156 2552 de

100 2572 263 2605 hodierno
286 2574 378 2610 loco,
407 2581 486 2605 cum
508 2573 569 2605 illo
582 2573 731 2609 collato,
748 2581 849 2614 quem
860 2572 974 2613 pridie
990 2572 1160 2604 obtinuis-

100 2626 152 2656 set
163 2628 181 2656 ι’
195 2624 394 2665 respondisse
419 2637 426 2656 ι
443 2624 544 2657 Nihil
563 2623 713 2664 differre
731 2634 742 2657 .·
759 2624 819 2656 ille
832 2625 922 2656 enim
937 2624 1083 2665 (inquit)
1099 2624 1159 2656 Ιιο-

102 2677 158 2710 die
172 2686 304 2719 parum
318 2677 482 2711 honestus
497 2679 567 2714 est,
585 2686 695 2719 quum
709 2686 732 2710 a
750 2686 803 2710 me
815 2679 862 2710 sit
887 2680 1039 2711 remotus
1047 2689 1060 2718 ;
1085 2679 1160 2711 heri

100 2731 219 2761 autem
230 2732 371 2770 propter
384 2738 444 2762 nos
455 2729 534 2770 fuit
543 2729 803 2762 honestissimus
817 2740 829 2762 :
847 2729 905 2762 hic
920 2738 999 2762 vero
1012 2732 1045 2763 et
1061 2730 1161 2763 hodie

101 2781 265 2814 honestus
277 2781 404 2822 factus
420 2784 490 2818 est,
509 2790 532 2814 a
545 2790 600 2814 me
615 2784 826 2823 θαυμαίνω
843 2781 919 2814 lieri
936 2791 1016 2815 vero
1026 2806 1036 2820 ,
1052 2792 1161 2824 quum

100 2841 159 2874 eqo
172 2833 258 2866 alibi
280 2841 386 2866 essem
398 2858 407 2873 ‚
424 2834 595 2874 inqlorius
603 2833 695 2874 suit.
720 2834 803 2866 Alibi
819 2842 932 2867 rursus
950 2834 1061 2866 scribit
1074 2834 1160 2867 idem

102 2885 301 2926 Hagesander
313 2898 321 2917 ε
335 2898 350 2914 «
364 2885 543 2927 Aristippus
552 2910 560 2925 ,
572 2894 657 2926 aqua
667 2886 814 2927 perfusus
825 2894 844 2917 a
861 2886 1003 2927 Dionysii
1021 2886 1158 2927 famulis,

101 2946 206 2978 eoque
228 2938 341 2970 irrisus
362 2938 403 2970 ab
425 2938 622 2980 Antipboute
646 2938 732 2979 quod
765 2937 923 2979 patienter
951 2939 1093 2978 tulisset,
1112 2948 1160 2972 re·

101 2991 230 3031 spondit
248 3001 256 3023 :
271 2993 314 3024 At
329 2993 359 3024 si
380 2991 546 3033 piscando
563 2992 653 3024 dans
675 3000 818 3032 operam
834 2991 1055 3032 madefactus
1061 2991 1158 3032 suis-

102 3053 191 3082 sem,
208 3053 255 3077 an
269 3044 398 3078 idcirco
412 3045 534 3078 relicto
546 3053 646 3086 opere
660 3045 821 3081 abiissem
830 3049 849 3077 Ρ
866 3058 881 3074 »

600 3118 657 3151 19.

143 3182 343 3215 Phoruseum
359 3182 523 3223 gulosum,
544 3185 654 3215 narrat
671 3183 884 3225 Hegesander,
905 3192 1007 3225 quum
1020 3184 1060 3215 de
1075 3182 1162 3224 pisce

103 3235 259 3274 quantum
287 3235 434 3266 voluerat
457 3235 581 3267 aiiserre
603 3244 669 3267 non
697 3236 869 3276 potuisset,
893 3236 948 3268 sed
964 3235 1067 3275 major
1088 3243 1161 3275 pars

103 3293 177 3318 eum
193 3287 303 3318 secuta
317 3288 418 3327 esset,
436 3286 554 3319 dixisse
571 3297 578 3318 :

177 3374 250 3407 Quae
257 3372 417 3407 resistunt,
429 3375 558 3409 pereunt
568 3374 702 3410 stirpitus
716 3382 724 3401 ι

103 3455 273 3494 totumque
286 3454 405 3495 piscem
419 3455 644 3495 absumpsisse.
660 3456 738 3487 Bion
750 3465 839 3495 vero,
852 3465 951 3496 quum
963 3457 1161 3497 superiorem

211 3518 401 3542 FRAGMENTA
422 3519 546 3543 msron-
572 3520 622 3543 cr..
635 3528 668 3534 -
684 3520 754 3542 vot.
771 3520 813 3543 iv.

1293 2292 1347 2320 Ino
1359 2291 1396 2320 ab
1407 2291 1499 2320 altera
1510 2292 1595 2327 parte
1610 2291 1767 2327 negotium
1781 2291 1923 2320 confecit.

1719 2359 1778 2391 20.

1264 2420 1466 2461 Hegesander
1494 2420 1636 2461 Delphus
1667 2420 1840 2453 nonnullos
1861 2420 1957 2453 etiam
1981 2421 2111 2458 ἐξοίνους
2137 2421 2277 2461 appella-

1220 2472 1268 2504 vit
1293 2481 1302 2505 ε
1323 2481 1438 2513 nempe
1464 2474 1544 2505 vino
1570 2474 1686 2513 captos
1711 2472 1829 2504 dicens.
1856 2473 2042 2513 Cujushaec
2059 2474 2134 2505 sunt
2154 2473 2253 2505 verba
2273 2487 2279 2505 :

1223 2537 1238 2552 «
1258 2527 1401 2557 Comeon
1418 2526 1450 2556 et
1480 2523 1702 2564 Rhodophon,
1724 2533 1763 2556 ex
1789 2533 1903 2556 eorum
1920 2533 2057 2556 numero
2073 2525 2127 2565 qui
2150 2534 2281 2565 rempu-

1221 2577 1338 2608 blicam
1360 2576 1465 2608 Rhodi
1494 2576 1779 2616 administrabant,
1805 2576 1881 2608 vino
1904 2577 1988 2617 eapti
2013 2578 2117 2608 erant.
2152 2578 2191 2609 Et
2214 2579 2278 2609 Co-

1222 2638 1316 2661 meon
1338 2629 1469 2669 quidem
1497 2628 1766 2669 Rhodophontem
1790 2629 1826 2660 ut
1851 2629 2027 2661 aleatorem
2050 2630 2280 2670 perstringens,

1221 2680 1368 2720 dicebat,

1265 2754 1267 2756 ’
1294 2758 1319 2785 Ο
1333 2762 1420 2785 senex
1429 2776 1436 2789 ‚
1453 2757 1535 2784 certe
1549 2755 1636 2784 valde
1647 2757 1677 2784 te
1687 2756 1816 2791 juvenes
1831 2758 1973 2792 premunt
1986 2756 2142 2785 aleatores.

1221 2820 1422 2861 Rhodophon
1446 2829 1522 2852 vero
1536 2819 1691 2852 comeoni
1716 2819 1889 2851 mulierum
1915 2820 2064 2852 insanum
2084 2828 2226 2852 amorem
2249 2821 2281 2853 et

1220 2872 1500 2913 intemperantiam
1514 2870 1751 2912 exprobrabat,
1769 2871 1849 2903 nulli
1866 2880 1999 2912 parcens
2012 2871 2141 2912 probro.
2159 2885 2175 2899 »

1263 2971 1467 3023 Heg⁹esander
1480 2982 1624 3022 Delphus
1643 2981 1771 3021 scribit,
1789 2982 2028 3022 Euphorionem
2046 2984 2173 3024 poetam
2185 3007 2194 3023 ‚
2212 2991 2279 3015 cm-

1220 3037 1351 3066 nantem
1361 3034 1444 3075 apud
1457 3034 1675 3074 Prytanidem,
1684 3042 1785 3074 quum
1797 3035 1987 3066 ostentasset
1999 3035 2148 3074 Prytanis
2158 3034 2279 3066 ciboria

1220 3086 1387 3127 quaedam,
1405 3094 1480 3125 quae
1504 3085 1642 3126 pretiose
1666 3085 1813 3117 confecta
1838 3094 1906 3117 esse
1927 3086 2130 3125 videbantur,
2147 3086 2279 3127 iamque

1222 3138 1302 3170 bene
1318 3137 1411 3178 longe
1424 3145 1588 3177 progressa
1598 3138 1680 3169 esset
1698 3137 1913 3178 compotatio,
1934 3137 2103 3178 sumpsisse
2123 3147 2223 3168 unum
2237 3146 2278 3168 ex

1221 3189 1368 3228 ciboriis,
1385 3190 1499 3229 utpote
1514 3188 1731 3221 temulentum
1747 3191 1845 3230 atque
1856 3189 1999 3229 ebrium,
2018 3191 2050 3221 et
2066 3189 2273 3220 imminxisse.

1262 3299 1332 3330 Non
1354 3298 1500 3330 infestive
1525 3298 1687 3339 Lysander
1709 3299 1905 3339 Spartanus,
1929 3300 1965 3330 ut
1986 3298 2096 3330 narrat
2120 3298 2274 3336 Hegesan-

1221 3349 1278 3381 der
1305 3350 1337 3381 in
1365 3350 1630 3390 Commentariis,
1655 3359 1759 3391 quum
1780 3350 1892 3381 vinum
1919 3358 2074 3390 aquosum
2100 3347 2275 3380 venderent

1221 3411 1381 3442 caupones
1396 3402 1428 3433 in
1444 3402 1677 3442 castris,jussit
1697 3404 1734 3434 ut
1747 3402 1886 3434 mixtum
1909 3401 1987 3433 illud
2006 3400 2195 3440 venderent,
2209 3408 2274 3439 quo

1222 3456 1379 3488 meracius
1391 3455 1450 3496 ipsi
1465 3458 1618 3489 emerent.

2066 3527 2097 3552 27
