<?xml version="1.0" encoding="UTF-8"?>
<!DOCTYPE html PUBLIC "-//W3C//DTD XHTML 1.0 Transitional//EN"
    "http://www.w3.org/TR/xhtml1/DTD/xhtml1-transitional.dtd">
<html xmlns="http://www.w3.org/1999/xhtml" xml:lang="en" lang="en">
 <head>
  <title>
</title>
<meta http-equiv="Content-Type" content="text/html;charset=utf-8" />
  <meta name='ocr-system' content='tesseract 3.04.00' />
  <meta name='ocr-capabilities' content='ocr_page ocr_carea ocr_par ocr_line ocrx_word'/>
</head>
<body>
  <div class='ocr_page' id='page_1' title='image "./fragmentahistori04mueluoft_0166.png"; bbox 0 0 2326 3724; ppageno 0'>
   <div class='ocr_carea' id='block_1_1' title="bbox 126 220 195 254">
    <p class='ocr_par' dir='ltr' id='par_1_1' title="bbox 126 220 195 254">
     <span class='ocr_line' id='line_1_1' title="bbox 126 220 195 254; baseline -0.014 0"><span class='ocrx_word' id='word_1_1' title='bbox 126 220 195 254; x_wconf 65' lang='lat'>¹54</span> 
     </span>
    </p>
   </div>
   <div class='ocr_carea' id='block_1_2' title="bbox 113 297 1157 2410">
    <p class='ocr_par' dir='ltr' id='par_1_2' title="bbox 114 297 1157 2091">
     <span class='ocr_line' id='line_1_2' title="bbox 118 297 1146 351; baseline -0.002 -14"><span class='ocrx_word' id='word_1_2' title='bbox 118 300 216 351; x_wconf 83' lang='grc' dir='ltr'>τείχη</span> <span class='ocrx_word' id='word_1_3' title='bbox 237 298 327 337; x_wconf 85' lang='grc' dir='ltr'>κατὰ</span> <span class='ocrx_word' id='word_1_4' title='bbox 354 298 430 343; x_wconf 72' lang='grc' dir='ltr'>τοὺς</span> <span class='ocrx_word' id='word_1_5' title='bbox 448 298 653 349; x_wconf 83' lang='grc' dir='ltr'>λεγομένους</span> <span class='ocrx_word' id='word_1_6' title='bbox 679 297 924 349; x_wconf 86' lang='grc' dir='ltr'>Τρωαδησίους</span> <span class='ocrx_word' id='word_1_7' title='bbox 955 297 1120 348; x_wconf 69' lang='grc' dir='ltr'>ἐμὸόλους</span> <span class='ocrx_word' id='word_1_8' title='bbox 1137 327 1146 345; x_wconf 93' lang='grc'>,</span> 
     </span>
     <span class='ocr_line' id='line_1_3' title="bbox 116 355 1149 409; baseline -0.003 -14"><span class='ocrx_word' id='word_1_9' title='bbox 116 358 282 409; x_wconf 86' lang='grc' dir='ltr'>πρότερον</span> <span class='ocrx_word' id='word_1_10' title='bbox 310 359 420 395; x_wconf 84' lang='grc' dir='ltr'>αὐτῶν</span> <span class='ocrx_word' id='word_1_11' title='bbox 450 359 512 395; x_wconf 83' lang='grc' dir='ltr'>οὐκ</span> <span class='ocrx_word' id='word_1_12' title='bbox 540 356 603 401; x_wconf 85' lang='grc' dir='ltr'>ἔξω</span> <span class='ocrx_word' id='word_1_13' title='bbox 631 359 691 403; x_wconf 68' lang='grc' dir='ltr'>τῆς</span> <span class='ocrx_word' id='word_1_14' title='bbox 719 355 900 406; x_wconf 58' lang='grc' dir='ltr'>ἐπωνύμου</span> <span class='ocrx_word' id='word_1_15' title='bbox 933 357 1059 408; x_wconf 82' lang='grc' dir='ltr'>ἀγορᾶς</span> <span class='ocrx_word' id='word_1_16' title='bbox 1091 359 1149 393; x_wconf 81' lang='grc' dir='ltr'>τοῦ</span> 
     </span>
     <span class='ocr_line' id='line_1_4' title="bbox 119 411 1150 466; baseline -0.001 -14"><span class='ocrx_word' id='word_1_17' title='bbox 119 414 288 466; x_wconf 82' lang='grc' dir='ltr'>βασιλέως</span> <span class='ocrx_word' id='word_1_18' title='bbox 311 414 494 465; x_wconf 83' lang='grc' dir='ltr'>κειμένων,</span> <span class='ocrx_word' id='word_1_19' title='bbox 516 411 668 466; x_wconf 79' lang='grc' dir='ltr'>λουτροῖς</span> <span class='ocrx_word' id='word_1_20' title='bbox 684 430 721 452; x_wconf 89' lang='grc' dir='ltr'>τε</span> <span class='ocrx_word' id='word_1_21' title='bbox 742 415 801 452; x_wconf 90' lang='grc' dir='ltr'>καὶ</span> <span class='ocrx_word' id='word_1_22' title='bbox 827 417 928 466; x_wconf 85' lang='grc' dir='ltr'>ἱεροῖς</span> <span class='ocrx_word' id='word_1_23' title='bbox 948 413 1052 456; x_wconf 80' lang='grc' dir='ltr'>οἴκοις</span> <span class='ocrx_word' id='word_1_24' title='bbox 1073 415 1150 451; x_wconf 74' lang='grc' dir='ltr'>ἐπι-</span> 
     </span>
     <span class='ocr_line' id='line_1_5' title="bbox 117 471 1153 526; baseline -0.003 -15"><span class='ocrx_word' id='word_1_25' title='bbox 117 473 288 517; x_wconf 81' lang='grc' dir='ltr'>δείξαντος</span> <span class='ocrx_word' id='word_1_26' title='bbox 308 473 549 526; x_wconf 77' lang='grc' dir='ltr'>φαιδροτέραν,</span> <span class='ocrx_word' id='word_1_27' title='bbox 565 472 681 510; x_wconf 81' lang='grc' dir='ltr'>δίκαιά</span> <span class='ocrx_word' id='word_1_28' title='bbox 697 488 735 510; x_wconf 90' lang='grc' dir='ltr'>τε</span> <span class='ocrx_word' id='word_1_29' title='bbox 751 472 863 518; x_wconf 86' lang='grc' dir='ltr'>πάντα</span> <span class='ocrx_word' id='word_1_30' title='bbox 878 471 960 525; x_wconf 83' lang='grc' dir='ltr'>πρὸς</span> <span class='ocrx_word' id='word_1_31' title='bbox 974 473 1074 517; x_wconf 80' lang='grc' dir='ltr'>ζῆλον</span> <span class='ocrx_word' id='word_1_32' title='bbox 1093 474 1153 517; x_wconf 73' lang='grc' dir='ltr'>τῆς</span> 
     </span>
     <span class='ocr_line' id='line_1_6' title="bbox 117 530 1152 584; baseline -0.004 -14"><span class='ocrx_word' id='word_1_33' title='bbox 117 532 354 584; x_wconf 75' lang='grc' dir='ltr'>πρεσὸυτέρας</span> <span class='ocrx_word' id='word_1_34' title='bbox 376 532 520 582; x_wconf 81' lang='grc' dir='ltr'>Ῥώμης</span> <span class='ocrx_word' id='word_1_35' title='bbox 543 531 806 584; x_wconf 84' lang='grc' dir='ltr'>δωρησαμένου,</span> <span class='ocrx_word' id='word_1_36' title='bbox 836 531 924 568; x_wconf 86' lang='grc' dir='ltr'>καθὰ</span> <span class='ocrx_word' id='word_1_37' title='bbox 956 530 1015 567; x_wconf 77' lang='grc' dir='ltr'>καὶ</span> <span class='ocrx_word' id='word_1_38' title='bbox 1043 532 1076 567; x_wconf 83' lang='grc' dir='ltr'>ἐν</span> <span class='ocrx_word' id='word_1_39' title='bbox 1104 532 1152 581; x_wconf 85' lang='grc' dir='ltr'>τῷ</span> 
     </span>
     <span class='ocr_line' id='line_1_7' title="bbox 118 589 1154 642; baseline -0.003 -14"><span class='ocrx_word' id='word_1_40' title='bbox 118 590 327 642; x_wconf 85' lang='grc' dir='ltr'>Στρατηγίῳ</span> <span class='ocrx_word' id='word_1_41' title='bbox 337 590 512 642; x_wconf 85' lang='grc' dir='ltr'>λεγομένῳ</span> <span class='ocrx_word' id='word_1_42' title='bbox 527 589 620 642; x_wconf 82' lang='grc' dir='ltr'>φόρῳ</span> <span class='ocrx_word' id='word_1_43' title='bbox 629 621 638 635; x_wconf 89' lang='grc'>,</span> <span class='ocrx_word' id='word_1_44' title='bbox 655 589 733 627; x_wconf 86' lang='grc' dir='ltr'>ἔνθα</span> <span class='ocrx_word' id='word_1_45' title='bbox 746 589 827 626; x_wconf 80' lang='grc' dir='ltr'>ποτὲ</span> <span class='ocrx_word' id='word_1_46' title='bbox 839 591 869 626; x_wconf 82' lang='grc' dir='ltr'>οἱ</span> <span class='ocrx_word' id='word_1_47' title='bbox 882 591 1154 639; x_wconf 77' lang='grc' dir='ltr'>στρατηγοῦντες</span> 
     </span>
     <span class='ocr_line' id='line_1_8' title="bbox 117 645 1153 701; baseline -0.005 -14"><span class='ocrx_word' id='word_1_48' title='bbox 117 651 178 695; x_wconf 77' lang='grc' dir='ltr'>τῆς</span> <span class='ocrx_word' id='word_1_49' title='bbox 196 649 327 691; x_wconf 89' lang='grc' dir='ltr'>πόλεως</span> <span class='ocrx_word' id='word_1_50' title='bbox 346 649 463 701; x_wconf 85' lang='grc' dir='ltr'>ἄνδρες</span> <span class='ocrx_word' id='word_1_51' title='bbox 482 649 542 692; x_wconf 82' lang='grc' dir='ltr'>τὰς</span> <span class='ocrx_word' id='word_1_52' title='bbox 561 646 663 698; x_wconf 81' lang='grc' dir='ltr'>τιμὰς</span> <span class='ocrx_word' id='word_1_53' title='bbox 691 647 918 699; x_wconf 80' lang='grc' dir='ltr'>ὑπεδέχοντο,</span> <span class='ocrx_word' id='word_1_54' title='bbox 948 646 1005 683; x_wconf 80' lang='grc' dir='ltr'>ἐπὶ</span> <span class='ocrx_word' id='word_1_55' title='bbox 1026 645 1153 690; x_wconf 85' lang='grc' dir='ltr'>λιθίνης</span> 
     </span>
     <span class='ocr_line' id='line_1_9' title="bbox 118 701 1152 759; baseline -0.004 -15"><span class='ocrx_word' id='word_1_56' title='bbox 118 706 290 759; x_wconf 79' lang='grc' dir='ltr'>ἀνέγραψε</span> <span class='ocrx_word' id='word_1_57' title='bbox 304 706 445 753; x_wconf 87' lang='grc' dir='ltr'>στήλης.</span> <span class='ocrx_word' id='word_1_58' title='bbox 466 706 524 757; x_wconf 74' lang='lat'>(⁴0)</span> <span class='ocrx_word' id='word_1_59' title='bbox 543 706 611 744; x_wconf 80' lang='grc' dir='ltr'>Καὶ</span> <span class='ocrx_word' id='word_1_60' title='bbox 622 709 682 752; x_wconf 73' lang='grc' dir='ltr'>τῆς</span> <span class='ocrx_word' id='word_1_61' title='bbox 693 707 814 743; x_wconf 76' lang='grc' dir='ltr'>ἑαυτοῦ</span> <span class='ocrx_word' id='word_1_62' title='bbox 830 703 959 756; x_wconf 79' lang='grc' dir='ltr'>μητρὸς</span> <span class='ocrx_word' id='word_1_63' title='bbox 974 701 1152 756; x_wconf 70' lang='grc' dir='ltr'>[Ἑλένης]</span> 
     </span>
     <span class='ocr_line' id='line_1_10' title="bbox 119 761 1153 813; baseline -0.005 -11"><span class='ocrx_word' id='word_1_64' title='bbox 119 763 176 802; x_wconf 76' lang='grc' dir='ltr'>ἐπὶ</span> <span class='ocrx_word' id='word_1_65' title='bbox 195 764 305 807; x_wconf 88' lang='grc' dir='ltr'>κίονος</span> <span class='ocrx_word' id='word_1_66' title='bbox 323 763 510 810; x_wconf 83' lang='grc' dir='ltr'>ἀνέστησεν</span> <span class='ocrx_word' id='word_1_67' title='bbox 527 762 668 813; x_wconf 88' lang='grc' dir='ltr'>ἄγαλμα</span> <span class='ocrx_word' id='word_1_68' title='bbox 679 794 688 809; x_wconf 83' lang='grc'>,</span> <span class='ocrx_word' id='word_1_69' title='bbox 705 762 765 800; x_wconf 79' lang='grc' dir='ltr'>καὶ</span> <span class='ocrx_word' id='word_1_70' title='bbox 781 762 838 799; x_wconf 85' lang='grc' dir='ltr'>τὸν</span> <span class='ocrx_word' id='word_1_71' title='bbox 857 762 961 799; x_wconf 85' lang='grc' dir='ltr'>τόπον</span> <span class='ocrx_word' id='word_1_72' title='bbox 975 761 1153 810; x_wconf 85' lang='grc' dir='ltr'>ὠνόμασεν</span> 
     </span>
     <span class='ocr_line' id='line_1_11' title="bbox 117 819 1156 874; baseline -0.005 -13"><span class='ocrx_word' id='word_1_73' title='bbox 117 823 371 874; x_wconf 78' lang='grc' dir='ltr'>Αὐγουσταῖαν,</span> <span class='ocrx_word' id='word_1_74' title='bbox 400 821 460 859; x_wconf 88' lang='grc' dir='ltr'>καὶ</span> <span class='ocrx_word' id='word_1_75' title='bbox 488 827 558 864; x_wconf 84' lang='grc' dir='ltr'>τοῖς</span> <span class='ocrx_word' id='word_1_76' title='bbox 586 820 857 867; x_wconf 80' lang='grc' dir='ltr'>ἀκολουθήσασιν</span> <span class='ocrx_word' id='word_1_77' title='bbox 885 821 979 872; x_wconf 84' lang='grc' dir='ltr'>αὐτῷ</span> <span class='ocrx_word' id='word_1_78' title='bbox 1000 819 1068 857; x_wconf 84' lang='grc' dir='ltr'>ἀπὸ</span> <span class='ocrx_word' id='word_1_79' title='bbox 1095 822 1156 865; x_wconf 80' lang='grc' dir='ltr'>τ’ἧς</span> 
     </span>
     <span class='ocr_line' id='line_1_12' title="bbox 120 876 1154 931; baseline -0.004 -13"><span class='ocrx_word' id='word_1_80' title='bbox 120 880 274 931; x_wconf 83' lang='grc' dir='ltr'>μεγάλης</span> <span class='ocrx_word' id='word_1_81' title='bbox 293 879 437 929; x_wconf 81' lang='grc' dir='ltr'>Ῥώμης</span> <span class='ocrx_word' id='word_1_82' title='bbox 459 881 699 930; x_wconf 83' lang='grc' dir='ltr'>συγκλητικοῖς</span> <span class='ocrx_word' id='word_1_83' title='bbox 722 878 991 931; x_wconf 77' lang='grc' dir='ltr'>ἐφιλοτιμήσατο</span> <span class='ocrx_word' id='word_1_84' title='bbox 1018 876 1130 920; x_wconf 78' lang='grc' dir='ltr'>οἴκους</span> <span class='ocrx_word' id='word_1_85' title='bbox 1143 908 1154 928; x_wconf 82' lang='lat'>‚</span> 
     </span>
     <span class='ocr_line' id='line_1_13' title="bbox 117 936 1155 988; baseline -0.002 -13"><span class='ocrx_word' id='word_1_86' title='bbox 117 938 174 982; x_wconf 72' lang='grc' dir='ltr'>οὓς</span> <span class='ocrx_word' id='word_1_87' title='bbox 187 937 289 982; x_wconf 77' lang='grc' dir='ltr'>αὐτὸς</span> <span class='ocrx_word' id='word_1_88' title='bbox 304 937 559 978; x_wconf 71' lang='grc' dir='ltr'>κατεσκεύασεν</span> <span class='ocrx_word' id='word_1_89' title='bbox 579 938 618 974; x_wconf 80' lang='grc' dir='ltr'>ἐκ</span> <span class='ocrx_word' id='word_1_90' title='bbox 638 937 830 988; x_wconf 83' lang='grc' dir='ltr'>χρημάτων</span> <span class='ocrx_word' id='word_1_91' title='bbox 859 936 967 976; x_wconf 83' lang='grc' dir='ltr'>ἰδίων.</span> <span class='ocrx_word' id='word_1_92' title='bbox 994 936 1051 987; x_wconf 76' lang='grc'>(41)</span> <span class='ocrx_word' id='word_1_93' title='bbox 1073 936 1155 974; x_wconf 79' lang='grc' dir='ltr'>Ἐπὶ</span> 
     </span>
     <span class='ocr_line' id='line_1_14' title="bbox 120 994 1155 1049; baseline -0.003 -14"><span class='ocrx_word' id='word_1_94' title='bbox 120 996 155 1035; x_wconf 84' lang='grc' dir='ltr'>δὲ</span> <span class='ocrx_word' id='word_1_95' title='bbox 177 997 307 1049; x_wconf 84' lang='grc' dir='ltr'>τούτῳ,</span> <span class='ocrx_word' id='word_1_96' title='bbox 326 996 569 1035; x_wconf 87' lang='grc' dir='ltr'>Κωνσταντίου</span> <span class='ocrx_word' id='word_1_97' title='bbox 593 995 655 1041; x_wconf 82' lang='grc' dir='ltr'>τὴν</span> <span class='ocrx_word' id='word_1_98' title='bbox 674 994 785 1047; x_wconf 75' lang='grc' dir='ltr'>ἀρχὴν</span> <span class='ocrx_word' id='word_1_99' title='bbox 812 994 1077 1045; x_wconf 81' lang='grc' dir='ltr'>διαδεξαμένου,</span> <span class='ocrx_word' id='word_1_100' title='bbox 1097 994 1155 1032; x_wconf 79' lang='grc' dir='ltr'>καὶ</span> 
     </span>
     <span class='ocr_line' id='line_1_15' title="bbox 116 1053 1155 1106; baseline -0.003 -13"><span class='ocrx_word' id='word_1_101' title='bbox 116 1058 134 1092; x_wconf 84' lang='grc' dir='ltr'>ὁ</span> <span class='ocrx_word' id='word_1_102' title='bbox 154 1057 222 1093; x_wconf 84' lang='grc' dir='ltr'>τῶν</span> <span class='ocrx_word' id='word_1_103' title='bbox 250 1054 382 1092; x_wconf 81' lang='grc' dir='ltr'>ὑδάτων</span> <span class='ocrx_word' id='word_1_104' title='bbox 403 1054 501 1098; x_wconf 83' lang='grc' dir='ltr'>ὁλκὸς</span> <span class='ocrx_word' id='word_1_105' title='bbox 520 1053 709 1106; x_wconf 82' lang='grc' dir='ltr'>προσετέθη</span> <span class='ocrx_word' id='word_1_106' title='bbox 736 1057 779 1105; x_wconf 83' lang='grc' dir='ltr'>τῇ</span> <span class='ocrx_word' id='word_1_107' title='bbox 811 1053 932 1100; x_wconf 87' lang='grc' dir='ltr'>πόλει,</span> <span class='ocrx_word' id='word_1_108' title='bbox 961 1053 1155 1100; x_wconf 85' lang='grc' dir='ltr'>ἀνέστησαν</span> 
     </span>
     <span class='ocr_line' id='line_1_16' title="bbox 116 1111 1156 1164; baseline -0.002 -14"><span class='ocrx_word' id='word_1_109' title='bbox 116 1112 152 1150; x_wconf 84' lang='grc' dir='ltr'>δὲ</span> <span class='ocrx_word' id='word_1_110' title='bbox 175 1114 249 1150; x_wconf 81' lang='grc' dir='ltr'>αἱ</span> <span class='ocrx_word' id='word_1_111' title='bbox 231 1112 289 1150; x_wconf 88' lang='lat'>060</span> <span class='ocrx_word' id='word_1_112' title='bbox 311 1113 428 1163; x_wconf 77' lang='grc' dir='ltr'>ἁψῖδες</span> <span class='ocrx_word' id='word_1_113' title='bbox 445 1111 528 1163; x_wconf 87' lang='grc' dir='ltr'>πρὸς</span> <span class='ocrx_word' id='word_1_114' title='bbox 546 1128 595 1164; x_wconf 88' lang='grc' dir='ltr'>τῳ</span> <span class='ocrx_word' id='word_1_115' title='bbox 615 1111 819 1164; x_wconf 82' lang='grc' dir='ltr'>καλουμένῳ</span> <span class='ocrx_word' id='word_1_116' title='bbox 835 1111 946 1163; x_wconf 86' lang='grc' dir='ltr'>φόρῳ,</span> <span class='ocrx_word' id='word_1_117' title='bbox 966 1126 1025 1149; x_wconf 88' lang='grc' dir='ltr'>και</span> <span class='ocrx_word' id='word_1_118' title='bbox 1041 1113 1058 1148; x_wconf 82' lang='grc' dir='ltr'>ὅ</span> <span class='ocrx_word' id='word_1_119' title='bbox 1072 1125 1156 1163; x_wconf 90' lang='grc' dir='ltr'>πορ-</span> 
     </span>
     <span class='ocr_line' id='line_1_17' title="bbox 117 1153 1156 1223; baseline -0.002 -15"><span class='ocrx_word' id='word_1_120' title='bbox 117 1175 241 1223; x_wconf 82' lang='grc' dir='ltr'>φυροῦς</span> <span class='ocrx_word' id='word_1_121' title='bbox 273 1169 333 1208; x_wconf 79' lang='grc' dir='ltr'>καὶ</span> <span class='ocrx_word' id='word_1_122' title='bbox 372 1153 602 1221; x_wconf 68' lang='grc' dir='ltr'>περίῦλεπτός</span> <span class='ocrx_word' id='word_1_123' title='bbox 635 1169 731 1217; x_wconf 88' lang='grc' dir='ltr'>κίων,</span> <span class='ocrx_word' id='word_1_124' title='bbox 769 1171 821 1223; x_wconf 81' lang='grc' dir='ltr'>ἐφ’</span> <span class='ocrx_word' id='word_1_125' title='bbox 854 1173 959 1221; x_wconf 80' lang='grc' dir='ltr'>οὕπερ</span> <span class='ocrx_word' id='word_1_126' title='bbox 999 1171 1156 1221; x_wconf 79' lang='grc' dir='ltr'>ἱδρῦσθαι</span> 
     </span>
     <span class='ocr_line' id='line_1_18' title="bbox 118 1227 1157 1280; baseline -0.001 -14"><span class='ocrx_word' id='word_1_127' title='bbox 118 1230 383 1267; x_wconf 86' lang='grc' dir='ltr'>Κωνσταντῒνον</span> <span class='ocrx_word' id='word_1_128' title='bbox 400 1231 549 1280; x_wconf 84' lang='grc' dir='ltr'>ὃρωμεν,</span> <span class='ocrx_word' id='word_1_129' title='bbox 569 1228 667 1275; x_wconf 85' lang='grc' dir='ltr'>δίκην</span> <span class='ocrx_word' id='word_1_130' title='bbox 681 1228 781 1274; x_wconf 81' lang='grc' dir='ltr'>ἡλίου</span> <span class='ocrx_word' id='word_1_131' title='bbox 811 1227 1064 1280; x_wconf 85' lang='grc' dir='ltr'>προλάμποντα</span> <span class='ocrx_word' id='word_1_132' title='bbox 1087 1243 1157 1270; x_wconf 87' lang='grc' dir='ltr'>τοις</span> 
     </span>
     <span class='ocr_line' id='line_1_19' title="bbox 115 1276 1157 1338; baseline -0.001 -14"><span class='ocrx_word' id='word_1_133' title='bbox 115 1286 286 1330; x_wconf 84' lang='grc' dir='ltr'>πολίταις.</span> <span class='ocrx_word' id='word_1_134' title='bbox 301 1276 386 1325; x_wconf 72' lang='grc' dir='ltr'>Ἔπι</span> <span class='ocrx_word' id='word_1_135' title='bbox 398 1285 433 1324; x_wconf 83' lang='grc' dir='ltr'>δὲ</span> <span class='ocrx_word' id='word_1_136' title='bbox 446 1285 577 1330; x_wconf 81' lang='grc' dir='ltr'>τούτοις</span> <span class='ocrx_word' id='word_1_137' title='bbox 590 1302 648 1324; x_wconf 87' lang='grc' dir='ltr'>και</span> <span class='ocrx_word' id='word_1_138' title='bbox 660 1302 737 1330; x_wconf 91' lang='grc' dir='ltr'>τους</span> <span class='ocrx_word' id='word_1_139' title='bbox 749 1290 811 1333; x_wconf 82' lang='grc' dir='ltr'>τ’ῆς</span> <span class='ocrx_word' id='word_1_140' title='bbox 826 1287 1019 1338; x_wconf 87' lang='grc' dir='ltr'>συγκλητου</span> <span class='ocrx_word' id='word_1_141' title='bbox 1033 1287 1157 1338; x_wconf 85' lang='grc' dir='ltr'>βουλης</span> 
     </span>
     <span class='ocr_line' id='line_1_20' title="bbox 118 1343 1156 1397; baseline -0.002 -15"><span class='ocrx_word' id='word_1_142' title='bbox 118 1344 385 1397; x_wconf 80' lang='grc' dir='ltr'>ἀνῳκοδόμησεν</span> <span class='ocrx_word' id='word_1_143' title='bbox 413 1343 542 1392; x_wconf 86' lang='grc' dir='ltr'>οἴκους,</span> <span class='ocrx_word' id='word_1_144' title='bbox 569 1344 705 1383; x_wconf 85' lang='grc' dir='ltr'>Σενάτα</span> <span class='ocrx_word' id='word_1_145' title='bbox 721 1344 858 1389; x_wconf 84' lang='grc' dir='ltr'>τούτους</span> <span class='ocrx_word' id='word_1_146' title='bbox 883 1345 1076 1396; x_wconf 83' lang='grc' dir='ltr'>ὀνομάσας,</span> <span class='ocrx_word' id='word_1_147' title='bbox 1098 1344 1156 1381; x_wconf 87' lang='grc' dir='ltr'>καὶ</span> 
     </span>
     <span class='ocr_line' id='line_1_21' title="bbox 115 1402 1154 1455; baseline 0.001 -16"><span class='ocrx_word' id='word_1_148' title='bbox 115 1402 178 1448; x_wconf 79' lang='grc' dir='ltr'>τὴν</span> <span class='ocrx_word' id='word_1_149' title='bbox 195 1404 264 1439; x_wconf 83' lang='grc' dir='ltr'>τῶν</span> <span class='ocrx_word' id='word_1_150' title='bbox 280 1402 464 1454; x_wconf 88' lang='grc' dir='ltr'>βασιλείων</span> <span class='ocrx_word' id='word_1_151' title='bbox 493 1403 616 1449; x_wconf 77' lang='grc' dir='ltr'>αὐλήν.</span> <span class='ocrx_word' id='word_1_152' title='bbox 649 1403 708 1455; x_wconf 76' lang='lat'>(42)</span> <span class='ocrx_word' id='word_1_153' title='bbox 733 1404 855 1442; x_wconf 83' lang='grc' dir='ltr'>Πάντα</span> <span class='ocrx_word' id='word_1_154' title='bbox 874 1403 909 1441; x_wconf 82' lang='grc' dir='ltr'>δὲ</span> <span class='ocrx_word' id='word_1_155' title='bbox 925 1402 1015 1441; x_wconf 86' lang='grc' dir='ltr'>κατὰ</span> <span class='ocrx_word' id='word_1_156' title='bbox 1032 1403 1088 1440; x_wconf 82' lang='grc' dir='ltr'>τὸν</span> <span class='ocrx_word' id='word_1_157' title='bbox 1106 1404 1154 1440; x_wconf 89' lang='grc' dir='ltr'>εἶ-</span> 
     </span>
     <span class='ocr_line' id='line_1_22' title="bbox 118 1459 1154 1512; baseline -0.001 -14"><span class='ocrx_word' id='word_1_158' title='bbox 118 1460 265 1512; x_wconf 85' lang='grc' dir='ltr'>ρημένον</span> <span class='ocrx_word' id='word_1_159' title='bbox 291 1460 416 1511; x_wconf 81' lang='grc' dir='ltr'>τρόπον</span> <span class='ocrx_word' id='word_1_160' title='bbox 437 1459 624 1512; x_wconf 80' lang='grc' dir='ltr'>πληρώσας</span> <span class='ocrx_word' id='word_1_161' title='bbox 653 1464 670 1498; x_wconf 89' lang='grc' dir='ltr'>ὁ</span> <span class='ocrx_word' id='word_1_162' title='bbox 700 1463 976 1508; x_wconf 85' lang='grc' dir='ltr'>Κωνσταντῒνος,</span> <span class='ocrx_word' id='word_1_163' title='bbox 1005 1461 1065 1499; x_wconf 83' lang='grc' dir='ltr'>καὶ</span> <span class='ocrx_word' id='word_1_164' title='bbox 1093 1460 1154 1506; x_wconf 81' lang='grc' dir='ltr'>τὴν</span> 
     </span>
     <span class='ocr_line' id='line_1_23' title="bbox 116 1515 1155 1570; baseline 0 -15"><span class='ocrx_word' id='word_1_165' title='bbox 116 1521 184 1556; x_wconf 83' lang='grc' dir='ltr'>τῶν</span> <span class='ocrx_word' id='word_1_166' title='bbox 202 1518 382 1569; x_wconf 84' lang='grc' dir='ltr'>ἕγκαινίων</span> <span class='ocrx_word' id='word_1_167' title='bbox 404 1518 539 1570; x_wconf 78' lang='grc' dir='ltr'>ἡμέραν</span> <span class='ocrx_word' id='word_1_168' title='bbox 559 1519 649 1556; x_wconf 85' lang='grc' dir='ltr'>κατὰ</span> <span class='ocrx_word' id='word_1_169' title='bbox 669 1518 730 1566; x_wconf 81' lang='grc' dir='ltr'>τὴν</span> <span class='ocrx_word' id='word_1_170' title='bbox 748 1519 931 1566; x_wconf 79' lang='grc' dir='ltr'>ἑνδεκάτην</span> <span class='ocrx_word' id='word_1_171' title='bbox 955 1523 1015 1556; x_wconf 79' lang='grc' dir='ltr'>τοῦ</span> <span class='ocrx_word' id='word_1_172' title='bbox 1039 1515 1155 1556; x_wconf 83' lang='grc' dir='ltr'>Μαίου</span> 
     </span>
     <span class='ocr_line' id='line_1_24' title="bbox 117 1575 1155 1630; baseline 0.001 -17"><span class='ocrx_word' id='word_1_173' title='bbox 117 1575 224 1626; x_wconf 78' lang='grc' dir='ltr'>μηνὸς</span> <span class='ocrx_word' id='word_1_174' title='bbox 241 1575 461 1623; x_wconf 85' lang='grc' dir='ltr'>ἐπιτελέσας,</span> <span class='ocrx_word' id='word_1_175' title='bbox 479 1578 514 1614; x_wconf 84' lang='grc' dir='ltr'>ἐν</span> <span class='ocrx_word' id='word_1_176' title='bbox 535 1575 602 1614; x_wconf 85' lang='grc' dir='ltr'>ἔτει</span> <span class='ocrx_word' id='word_1_177' title='bbox 617 1580 677 1623; x_wconf 75' lang='grc' dir='ltr'>τῆς</span> <span class='ocrx_word' id='word_1_178' title='bbox 697 1578 873 1630; x_wconf 84' lang='grc' dir='ltr'>βασιλείας</span> <span class='ocrx_word' id='word_1_179' title='bbox 891 1579 995 1615; x_wconf 79' lang='grc' dir='ltr'>αὐτοῦ</span> <span class='ocrx_word' id='word_1_180' title='bbox 1012 1578 1155 1628; x_wconf 76' lang='grc' dir='ltr'>εἰκοστῷ</span> 
     </span>
     <span class='ocr_line' id='line_1_25' title="bbox 115 1634 1155 1708; baseline 0 -36"><span class='ocrx_word' id='word_1_181' title='bbox 115 1634 289 1687; x_wconf 84' lang='grc' dir='ltr'>πέμπτῳ,</span> <span class='ocrx_word' id='word_1_182' title='bbox 317 1634 547 1708; x_wconf 83' lang='grc' dir='ltr'>ἱπποδρόμιον</span> <span class='ocrx_word' id='word_1_183' title='bbox 577 1636 771 1688; x_wconf 79' lang='grc' dir='ltr'>θεωρήσας,</span> <span class='ocrx_word' id='word_1_184' title='bbox 800 1636 951 1680; x_wconf 80' lang='grc' dir='ltr'>διέταξεν</span> <span class='ocrx_word' id='word_1_185' title='bbox 982 1635 1071 1674; x_wconf 79' lang='grc' dir='ltr'>οὕτω</span> <span class='ocrx_word' id='word_1_186' title='bbox 1093 1635 1155 1682; x_wconf 83' lang='grc' dir='ltr'>τὴν</span> 
     </span>
     <span class='ocr_line' id='line_1_26' title="bbox 115 1693 1153 1746; baseline 0.001 -16"><span class='ocrx_word' id='word_1_187' title='bbox 115 1695 237 1730; x_wconf 79' lang='grc' dir='ltr'>ἑαυτοῦ</span> <span class='ocrx_word' id='word_1_188' title='bbox 266 1693 434 1740; x_wconf 81' lang='grc' dir='ltr'>στήλην’</span> <span class='ocrx_word' id='word_1_189' title='bbox 420 1693 477 1731; x_wconf 87' lang='grc' dir='ltr'>επὶ</span> <span class='ocrx_word' id='word_1_190' title='bbox 496 1709 575 1737; x_wconf 90' lang='grc' dir='ltr'>τους</span> <span class='ocrx_word' id='word_1_191' title='bbox 595 1694 713 1745; x_wconf 79' lang='grc' dir='ltr'>ἐφεξης</span> <span class='ocrx_word' id='word_1_192' title='bbox 740 1694 882 1746; x_wconf 82' lang='grc' dir='ltr'>χρόνους</span> <span class='ocrx_word' id='word_1_193' title='bbox 901 1698 944 1746; x_wconf 82' lang='grc' dir='ltr'>τῇ</span> <span class='ocrx_word' id='word_1_194' title='bbox 967 1697 1035 1732; x_wconf 85' lang='grc' dir='ltr'>τῶν</span> <span class='ocrx_word' id='word_1_195' title='bbox 1057 1710 1153 1745; x_wconf 77' lang='grc' dir='ltr'>γενε-</span> 
     </span>
     <span class='ocr_line' id='line_1_27' title="bbox 114 1750 1155 1822; baseline 0.002 -34"><span class='ocrx_word' id='word_1_196' title='bbox 114 1750 216 1788; x_wconf 86' lang='grc' dir='ltr'>θλιων</span> <span class='ocrx_word' id='word_1_197' title='bbox 237 1751 353 1822; x_wconf 79' lang='grc' dir='ltr'>ἡμέρα</span> <span class='ocrx_word' id='word_1_198' title='bbox 378 1754 523 1803; x_wconf 82' lang='grc' dir='ltr'>ὁρᾶσθαι</span> <span class='ocrx_word' id='word_1_199' title='bbox 549 1752 639 1802; x_wconf 86' lang='grc' dir='ltr'>μετὰ</span> <span class='ocrx_word' id='word_1_200' title='bbox 670 1769 730 1799; x_wconf 90' lang='grc' dir='ltr'>της</span> <span class='ocrx_word' id='word_1_201' title='bbox 759 1753 956 1803; x_wconf 76' lang='grc' dir='ltr'>εἰθισμένης</span> <span class='ocrx_word' id='word_1_202' title='bbox 977 1755 1079 1802; x_wconf 77' lang='grc' dir='ltr'>τιμῆς</span> <span class='ocrx_word' id='word_1_203' title='bbox 1106 1769 1155 1790; x_wconf 87' lang='grc' dir='ltr'>τω</span> 
     </span>
     <span class='ocr_line' id='line_1_28' title="bbox 114 1808 1154 1864; baseline 0 -18"><span class='ocrx_word' id='word_1_204' title='bbox 114 1808 206 1846; x_wconf 85' lang='grc' dir='ltr'>κατὰ</span> <span class='ocrx_word' id='word_1_205' title='bbox 226 1825 345 1862; x_wconf 88' lang='grc' dir='ltr'>καιρον</span> <span class='ocrx_word' id='word_1_206' title='bbox 368 1810 584 1862; x_wconf 83' lang='grc' dir='ltr'>βασιλεύοντι</span> <span class='ocrx_word' id='word_1_207' title='bbox 602 1811 660 1849; x_wconf 83' lang='grc' dir='ltr'>καὶ</span> <span class='ocrx_word' id='word_1_208' title='bbox 680 1827 729 1863; x_wconf 88' lang='grc' dir='ltr'>τω</span> <span class='ocrx_word' id='word_1_209' title='bbox 750 1811 862 1864; x_wconf 79' lang='grc' dir='ltr'>δήμω.</span> <span class='ocrx_word' id='word_1_210' title='bbox 890 1811 994 1850; x_wconf 81' lang='grc' dir='ltr'>Οὕτω</span> <span class='ocrx_word' id='word_1_211' title='bbox 1015 1810 1077 1860; x_wconf 80' lang='grc' dir='ltr'>μὲν</span> <span class='ocrx_word' id='word_1_212' title='bbox 1097 1813 1154 1847; x_wconf 70' lang='grc' dir='ltr'>οὖν</span> 
     </span>
     <span class='ocr_line' id='line_1_29' title="bbox 114 1867 1155 1920; baseline -0.003 -14"><span class='ocrx_word' id='word_1_213' title='bbox 114 1870 136 1913; x_wconf 93' lang='grc' dir='ltr'>ἡ</span> <span class='ocrx_word' id='word_1_214' title='bbox 160 1869 523 1912; x_wconf 85' lang='grc' dir='ltr'>Κωνσταντινούπολις</span> <span class='ocrx_word' id='word_1_215' title='bbox 539 1869 624 1920; x_wconf 83' lang='grc' dir='ltr'>πρὸς</span> <span class='ocrx_word' id='word_1_216' title='bbox 637 1869 714 1907; x_wconf 90' lang='grc' dir='ltr'>τόδε</span> <span class='ocrx_word' id='word_1_217' title='bbox 732 1869 770 1906; x_wconf 87' lang='grc' dir='ltr'>τὸ</span> <span class='ocrx_word' id='word_1_218' title='bbox 791 1869 931 1920; x_wconf 85' lang='grc' dir='ltr'>μέγεθος</span> <span class='ocrx_word' id='word_1_219' title='bbox 948 1867 1155 1919; x_wconf 80' lang='grc' dir='ltr'>ἐξενηνοχεν,</span> 
     </span>
     <span class='ocr_line' id='line_1_30' title="bbox 116 1927 1156 1979; baseline -0.001 -16"><span class='ocrx_word' id='word_1_220' title='bbox 116 1927 156 1963; x_wconf 82' lang='grc' dir='ltr'>ἐκ</span> <span class='ocrx_word' id='word_1_221' title='bbox 201 1927 363 1978; x_wconf 71' lang='grc' dir='ltr'>διαδοχῆς</span> <span class='ocrx_word' id='word_1_222' title='bbox 408 1927 658 1978; x_wconf 85' lang='grc' dir='ltr'>βασιλευομένη</span> <span class='ocrx_word' id='word_1_223' title='bbox 707 1927 811 1979; x_wconf 79' lang='grc' dir='ltr'>μέχρι</span> <span class='ocrx_word' id='word_1_224' title='bbox 850 1943 917 1964; x_wconf 88' lang='grc' dir='ltr'>των</span> <span class='ocrx_word' id='word_1_225' title='bbox 956 1927 1032 1965; x_wconf 87' lang='grc' dir='ltr'>καθ’</span> <span class='ocrx_word' id='word_1_226' title='bbox 1062 1929 1156 1975; x_wconf 76' lang='grc' dir='ltr'>ἡμᾶς</span> 
     </span>
     <span class='ocr_line' id='line_1_31' title="bbox 115 1983 441 2036; baseline 0.006 -14"><span class='ocrx_word' id='word_1_227' title='bbox 115 1983 261 2036; x_wconf 80' lang='grc' dir='ltr'>χρόνων.</span> <span class='ocrx_word' id='word_1_228' title='bbox 279 1987 312 2023; x_wconf 86' lang='grc' dir='ltr'>Τ</span> <span class='ocrx_word' id='word_1_229' title='bbox 322 1984 338 2021; x_wconf 69' lang='grc' dir='ltr'>ε’</span> <span class='ocrx_word' id='word_1_230' title='bbox 349 1985 370 2021; x_wconf 93' lang='grc' dir='ltr'>λ</span> <span class='ocrx_word' id='word_1_231' title='bbox 381 1999 422 2029; x_wconf 84' lang='grc' dir='ltr'>ο,ς</span> <span class='ocrx_word' id='word_1_232' title='bbox 432 2015 441 2024; x_wconf 88' lang='grc'><em>.</em></span> 
     </span>
     <span class='ocr_line' id='line_1_32' title="bbox 612 2055 648 2091; baseline -0.028 0"><span class='ocrx_word' id='word_1_233' title='bbox 612 2055 648 2091; x_wconf 84' lang='lat'>5.</span> 
     </span>
    </p>

    <p class='ocr_par' dir='ltr' id='par_1_3' title="bbox 113 2123 1156 2410">
     <span class='ocr_line' id='line_1_33' title="bbox 167 2123 1155 2176; baseline 0 -17"><span class='ocrx_word' id='word_1_234' title='bbox 167 2125 303 2171; x_wconf 82' lang='lat' dir='ltr'><strong>(Follis</strong></span> <span class='ocrx_word' id='word_1_235' title='bbox 323 2125 532 2175; x_wconf 81' lang='lat' dir='ltr'><strong>tributum)</strong></span> <span class='ocrx_word' id='word_1_236' title='bbox 558 2126 640 2167; x_wconf 88' lang='grc' dir='ltr'>Τοῖς</span> <span class='ocrx_word' id='word_1_237' title='bbox 657 2123 719 2174; x_wconf 81' lang='grc' dir='ltr'>μὲν</span> <span class='ocrx_word' id='word_1_238' title='bbox 739 2127 800 2162; x_wconf 81' lang='grc' dir='ltr'>τοῦ</span> <span class='ocrx_word' id='word_1_239' title='bbox 821 2123 1017 2176; x_wconf 89' lang='grc' dir='ltr'>πρωτίστου</span> <span class='ocrx_word' id='word_1_240' title='bbox 1039 2123 1155 2164; x_wconf 86' lang='grc' dir='ltr'>τέλους</span> 
     </span>
     <span class='ocr_line' id='line_1_34' title="bbox 113 2180 1156 2234; baseline -0.001 -16"><span class='ocrx_word' id='word_1_241' title='bbox 113 2181 204 2219; x_wconf 85' lang='grc' dir='ltr'>ὀκτὼ</span> <span class='ocrx_word' id='word_1_242' title='bbox 218 2181 360 2234; x_wconf 84' lang='grc' dir='ltr'>χρυσίου</span> <span class='ocrx_word' id='word_1_243' title='bbox 373 2182 488 2234; x_wconf 88' lang='grc' dir='ltr'>λίτραι</span> <span class='ocrx_word' id='word_1_244' title='bbox 500 2212 510 2231; x_wconf 89' lang='grc'>,</span> <span class='ocrx_word' id='word_1_245' title='bbox 526 2188 596 2226; x_wconf 87' lang='grc' dir='ltr'>τοῖς</span> <span class='ocrx_word' id='word_1_246' title='bbox 610 2181 645 2220; x_wconf 81' lang='grc' dir='ltr'>δὲ</span> <span class='ocrx_word' id='word_1_247' title='bbox 659 2186 718 2220; x_wconf 74' lang='grc' dir='ltr'>τοῦ</span> <span class='ocrx_word' id='word_1_248' title='bbox 734 2183 889 2234; x_wconf 87' lang='grc' dir='ltr'>δευτέρου</span> <span class='ocrx_word' id='word_1_249' title='bbox 903 2182 1079 2232; x_wconf 88' lang='grc' dir='ltr'>τέσσαρες,</span> <span class='ocrx_word' id='word_1_250' title='bbox 1097 2180 1156 2217; x_wconf 79' lang='grc' dir='ltr'>καὶ</span> 
     </span>
     <span class='ocr_line' id='line_1_35' title="bbox 114 2239 1153 2292; baseline -0.001 -16"><span class='ocrx_word' id='word_1_251' title='bbox 114 2239 174 2276; x_wconf 83' lang='grc' dir='ltr'>δύο</span> <span class='ocrx_word' id='word_1_252' title='bbox 201 2245 270 2282; x_wconf 91' lang='grc' dir='ltr'>τοῖς</span> <span class='ocrx_word' id='word_1_253' title='bbox 295 2239 439 2291; x_wconf 85' lang='grc' dir='ltr'>τρίτοις,</span> <span class='ocrx_word' id='word_1_254' title='bbox 468 2239 514 2284; x_wconf 79' lang='grc' dir='ltr'>ὥς</span> <span class='ocrx_word' id='word_1_255' title='bbox 542 2256 644 2292; x_wconf 79' lang='grc' dir='ltr'>φησιν</span> <span class='ocrx_word' id='word_1_256' title='bbox 674 2240 840 2291; x_wconf 78' lang='grc' dir='ltr'>ἹΙσύχιος</span> <span class='ocrx_word' id='word_1_257' title='bbox 865 2243 882 2277; x_wconf 83' lang='grc' dir='ltr'><strong><em>ὃ</em></strong></span> <span class='ocrx_word' id='word_1_258' title='bbox 908 2240 1153 2290; x_wconf 84' lang='grc' dir='ltr'>Ἰλλούστριος,</span> 
     </span>
     <span class='ocr_line' id='line_1_36' title="bbox 113 2296 1155 2350; baseline -0.001 -16"><span class='ocrx_word' id='word_1_259' title='bbox 113 2299 131 2334; x_wconf 85' lang='grc' dir='ltr'>ὁ</span> <span class='ocrx_word' id='word_1_260' title='bbox 148 2297 363 2349; x_wconf 78' lang='grc' dir='ltr'>Φιλοσοφίας</span> <span class='ocrx_word' id='word_1_261' title='bbox 379 2301 438 2343; x_wconf 67' lang='grc' dir='ltr'>τῆς</span> <span class='ocrx_word' id='word_1_262' title='bbox 454 2299 630 2345; x_wconf 65' lang='grc' dir='ltr'>Μιλησίας</span> <span class='ocrx_word' id='word_1_263' title='bbox 643 2328 652 2346; x_wconf 92' lang='grc'>,</span> <span class='ocrx_word' id='word_1_264' title='bbox 667 2301 701 2336; x_wconf 84' lang='grc' dir='ltr'>ἐν</span> <span class='ocrx_word' id='word_1_265' title='bbox 718 2301 765 2350; x_wconf 84' lang='grc' dir='ltr'>τῷ</span> <span class='ocrx_word' id='word_1_266' title='bbox 781 2299 814 2341; x_wconf 75' lang='grc' dir='ltr'>ς’</span> <span class='ocrx_word' id='word_1_267' title='bbox 835 2299 993 2350; x_wconf 78' lang='grc' dir='ltr'>Χρονικῷ</span> <span class='ocrx_word' id='word_1_268' title='bbox 1009 2296 1155 2342; x_wconf 82' lang='grc' dir='ltr'>διαστή-</span> 
     </span>
     <span class='ocr_line' id='line_1_37' title="bbox 115 2358 454 2410; baseline 0 -18"><span class='ocrx_word' id='word_1_269' title='bbox 115 2371 200 2405; x_wconf 89' lang='grc' dir='ltr'>ματι</span> <span class='ocrx_word' id='word_1_270' title='bbox 217 2359 276 2402; x_wconf 79' lang='grc' dir='ltr'>τῆς</span> <span class='ocrx_word' id='word_1_271' title='bbox 289 2358 454 2410; x_wconf 72' lang='grc' dir='ltr'>ἱστορίας.</span> 
     </span>
    </p>
   </div>
   <div class='ocr_carea' id='block_1_3' title="bbox 958 210 1415 251">
    <p class='ocr_par' dir='ltr' id='par_1_4' title="bbox 958 210 1415 251">
     <span class='ocr_line' id='line_1_38' title="bbox 958 210 1415 251; baseline -0.002 -2"><span class='ocrx_word' id='word_1_272' title='bbox 958 211 1192 251; x_wconf 84' lang='lat' dir='ltr'><strong>llESYCHll</strong></span> <span class='ocrx_word' id='word_1_273' title='bbox 1226 210 1415 249; x_wconf 78' lang='lat' dir='ltr'><strong>MILESll</strong></span> 
     </span>
    </p>
   </div>
   <div class='ocr_carea' id='block_1_4' title="bbox 1212 299 2255 1623">
    <p class='ocr_par' dir='ltr' id='par_1_5' title="bbox 1212 299 2255 1623">
     <span class='ocr_line' id='line_1_39' title="bbox 1212 299 2245 340; baseline -0.003 -7"><span class='ocrx_word' id='word_1_274' title='bbox 1212 302 1296 333; x_wconf 82' lang='lat' dir='ltr'><strong>terea</strong></span> <span class='ocrx_word' id='word_1_275' title='bbox 1312 301 1432 332; x_wconf 77' lang='lat' dir='ltr'>balneis</span> <span class='ocrx_word' id='word_1_276' title='bbox 1446 308 1573 340; x_wconf 86' lang='lat' dir='ltr'><strong>quoquc</strong></span> <span class='ocrx_word' id='word_1_277' title='bbox 1588 299 1619 331; x_wconf 87' lang='lat' dir='ltr'>et</span> <span class='ocrx_word' id='word_1_278' title='bbox 1629 299 1727 336; x_wconf 71' lang='lat' dir='ltr'><strong>,sacris</strong></span> <span class='ocrx_word' id='word_1_279' title='bbox 1743 299 1865 330; x_wconf 80' lang='lat' dir='ltr'><strong>aedibus</strong></span> <span class='ocrx_word' id='word_1_280' title='bbox 1878 299 2079 331; x_wconf 75' lang='lat' dir='ltr'><strong>illustriorem</strong></span> <span class='ocrx_word' id='word_1_281' title='bbox 2096 299 2180 339; x_wconf 79' lang='lat' dir='ltr'><strong>lecit,</strong></span> <span class='ocrx_word' id='word_1_282' title='bbox 2191 299 2245 339; x_wconf 84' lang='lat' dir='ltr'>ju-</span> 
     </span>
     <span class='ocr_line' id='line_1_40' title="bbox 1214 375 2248 417; baseline -0.002 -9"><span class='ocrx_word' id='word_1_283' title='bbox 1214 385 1311 417; x_wconf 87' lang='lat' dir='ltr'><strong>raque</strong></span> <span class='ocrx_word' id='word_1_284' title='bbox 1326 376 1433 407; x_wconf 84' lang='lat' dir='ltr'><strong>omnia</strong></span> <span class='ocrx_word' id='word_1_285' title='bbox 1448 375 1489 407; x_wconf 85' lang='lat' dir='ltr'>ad</span> <span class='ocrx_word' id='word_1_286' title='bbox 1506 375 1618 407; x_wconf 88' lang='lat' dir='ltr'><strong>veteris</strong></span> <span class='ocrx_word' id='word_1_287' title='bbox 1632 377 1742 407; x_wconf 82' lang='lat' dir='ltr'><strong>Romae</strong></span> <span class='ocrx_word' id='word_1_288' title='bbox 1760 376 1893 406; x_wconf 66' lang='lat' dir='ltr'><strong>soi-mauu</strong></span> <span class='ocrx_word' id='word_1_289' title='bbox 1907 375 2010 413; x_wconf 86' lang='lat' dir='ltr'><strong>dedit;</strong></span> <span class='ocrx_word' id='word_1_290' title='bbox 2027 375 2121 415; x_wconf 82' lang='lat' dir='ltr'><strong>idque</strong></span> <span class='ocrx_word' id='word_1_291' title='bbox 2134 375 2165 406; x_wconf 94' lang='lat' dir='ltr'><strong>in</strong></span> <span class='ocrx_word' id='word_1_292' title='bbox 2181 375 2248 406; x_wconf 84' lang='lat' dir='ltr'><strong>soro</strong></span> 
     </span>
     <span class='ocr_line' id='line_1_41' title="bbox 1213 449 2250 494; baseline 0 -12"><span class='ocrx_word' id='word_1_293' title='bbox 1213 451 1386 491; x_wconf 82' lang='lat' dir='ltr'><strong>strategio,</strong></span> <span class='ocrx_word' id='word_1_294' title='bbox 1406 451 1459 482; x_wconf 90' lang='lat' dir='ltr'>ubi</span> <span class='ocrx_word' id='word_1_295' title='bbox 1474 450 1633 491; x_wconf 81' lang='lat' dir='ltr'><strong>quondam</strong></span> <span class='ocrx_word' id='word_1_296' title='bbox 1651 450 1771 482; x_wconf 79' lang='lat' dir='ltr'><strong>militiae</strong></span> <span class='ocrx_word' id='word_1_297' title='bbox 1790 450 1887 494; x_wconf 86' lang='lat' dir='ltr'><strong>duces</strong></span> <span class='ocrx_word' id='word_1_298' title='bbox 1905 451 2040 481; x_wconf 79' lang='lat' dir='ltr'><strong>bonores</strong></span> <span class='ocrx_word' id='word_1_299' title='bbox 2058 449 2187 482; x_wconf 90' lang='lat' dir='ltr'><strong>meritos</strong></span> <span class='ocrx_word' id='word_1_300' title='bbox 2200 459 2250 482; x_wconf 80' lang='lat' dir='ltr'><strong>ac·</strong></span> 
     </span>
     <span class='ocr_line' id='line_1_42' title="bbox 1214 525 2247 566; baseline 0.001 -9"><span class='ocrx_word' id='word_1_301' title='bbox 1214 525 1391 566; x_wconf 84' lang='lat' dir='ltr'><strong>cipiebant,</strong></span> <span class='ocrx_word' id='word_1_302' title='bbox 1424 526 1457 557; x_wconf 88' lang='lat' dir='ltr'><strong>in</strong></span> <span class='ocrx_word' id='word_1_303' title='bbox 1479 526 1627 557; x_wconf 87' lang='lat' dir='ltr'><strong>columna</strong></span> <span class='ocrx_word' id='word_1_304' title='bbox 1654 525 1775 566; x_wconf 83' lang='lat' dir='ltr'><strong>lapidea</strong></span> <span class='ocrx_word' id='word_1_305' title='bbox 1799 526 2002 566; x_wconf 77' lang='lat' dir='ltr'>inscriptione</span> <span class='ocrx_word' id='word_1_306' title='bbox 2029 528 2163 558; x_wconf 85' lang='lat' dir='ltr'><strong>testatus</strong></span> <span class='ocrx_word' id='word_1_307' title='bbox 2189 527 2247 558; x_wconf 83' lang='lat' dir='ltr'><strong>est.</strong></span> 
     </span>
     <span class='ocr_line' id='line_1_43' title="bbox 1215 601 2251 642; baseline -0.001 -8"><span class='ocrx_word' id='word_1_308' title='bbox 1215 602 1280 642; x_wconf 76' lang='lat'>(40)</span> <span class='ocrx_word' id='word_1_309' title='bbox 1301 601 1411 633; x_wconf 83' lang='lat' dir='ltr'><strong>Matris</strong></span> <span class='ocrx_word' id='word_1_310' title='bbox 1435 601 1513 632; x_wconf 88' lang='lat' dir='ltr'><strong>item</strong></span> <span class='ocrx_word' id='word_1_311' title='bbox 1537 601 1665 633; x_wconf 83' lang='lat' dir='ltr'><strong>Helenae</strong></span> <span class='ocrx_word' id='word_1_312' title='bbox 1687 601 1822 640; x_wconf 74' lang='lat' dir='ltr'><strong>effigiem</strong></span> <span class='ocrx_word' id='word_1_313' title='bbox 1849 601 1881 632; x_wconf 88' lang='lat' dir='ltr'><strong>in</strong></span> <span class='ocrx_word' id='word_1_314' title='bbox 1901 601 2051 632; x_wconf 80' lang='lat' dir='ltr'><strong>columna</strong></span> <span class='ocrx_word' id='word_1_315' title='bbox 2067 601 2251 640; x_wconf 87' lang='lat' dir='ltr'><strong>constituit,</strong></span> 
     </span>
     <span class='ocr_line' id='line_1_44' title="bbox 1215 676 2253 718; baseline 0.001 -10"><span class='ocrx_word' id='word_1_316' title='bbox 1215 677 1384 716; x_wconf 85' lang='lat' dir='ltr'><strong>locumque</strong></span> <span class='ocrx_word' id='word_1_317' title='bbox 1394 678 1591 716; x_wconf 84' lang='lat' dir='ltr'><strong>Augusteum</strong></span> <span class='ocrx_word' id='word_1_318' title='bbox 1604 676 1775 716; x_wconf 83' lang='lat' dir='ltr'><strong>appellavit</strong></span> <span class='ocrx_word' id='word_1_319' title='bbox 1787 685 1794 706; x_wconf 72' lang='grc' dir='ltr'>ε</span> <span class='ocrx_word' id='word_1_320' title='bbox 1810 676 1887 717; x_wconf 87' lang='lat' dir='ltr'><strong>quin</strong></span> <span class='ocrx_word' id='word_1_321' title='bbox 1897 678 1930 708; x_wconf 89' lang='lat' dir='ltr'>et</span> <span class='ocrx_word' id='word_1_322' title='bbox 1938 677 2138 709; x_wconf 83' lang='lat' dir='ltr'><strong>senatoribus</strong></span> <span class='ocrx_word' id='word_1_323' title='bbox 2149 677 2253 718; x_wconf 81' lang='lat' dir='ltr'><strong>ipsum</strong></span> 
     </span>
     <span class='ocr_line' id='line_1_45' title="bbox 1216 750 2252 790; baseline 0.001 -7"><span class='ocrx_word' id='word_1_324' title='bbox 1216 752 1336 785; x_wconf 84' lang='lat' dir='ltr'><strong>secutis</strong></span> <span class='ocrx_word' id='word_1_325' title='bbox 1350 751 1434 783; x_wconf 84' lang='lat' dir='ltr'><strong>aedes</strong></span> <span class='ocrx_word' id='word_1_326' title='bbox 1460 760 1479 782; x_wconf 89' lang='lat' dir='ltr'><strong>a</strong></span> <span class='ocrx_word' id='word_1_327' title='bbox 1499 760 1534 783; x_wconf 79' lang='lat' dir='ltr'>se</span> <span class='ocrx_word' id='word_1_328' title='bbox 1561 752 1738 783; x_wconf 80' lang='lat' dir='ltr'><strong>exstructas</strong></span> <span class='ocrx_word' id='word_1_329' title='bbox 1757 750 1898 782; x_wconf 78' lang='lat' dir='ltr'><strong>donavit.</strong></span> <span class='ocrx_word' id='word_1_330' title='bbox 1918 750 1984 790; x_wconf 81' lang='lat'>(41)</span> <span class='ocrx_word' id='word_1_331' title='bbox 1999 750 2050 783; x_wconf 79' lang='lat' dir='ltr'>Ad</span> <span class='ocrx_word' id='word_1_332' title='bbox 2080 751 2150 783; x_wconf 82' lang='lat' dir='ltr'><strong>haec</strong></span> <span class='ocrx_word' id='word_1_333' title='bbox 2167 753 2252 784; x_wconf 87' lang='lat' dir='ltr'><strong>Con-</strong></span> 
     </span>
     <span class='ocr_line' id='line_1_46' title="bbox 1215 825 2254 868; baseline 0 -9"><span class='ocrx_word' id='word_1_334' title='bbox 1215 827 1354 859; x_wconf 81' lang='lat' dir='ltr'><strong>stantino</strong></span> <span class='ocrx_word' id='word_1_335' title='bbox 1372 827 1547 868; x_wconf 82' lang='lat' dir='ltr'><strong>imperante</strong></span> <span class='ocrx_word' id='word_1_336' title='bbox 1568 826 1695 858; x_wconf 86' lang='lat' dir='ltr'><strong>additus</strong></span> <span class='ocrx_word' id='word_1_337' title='bbox 1708 826 1779 857; x_wconf 91' lang='lat' dir='ltr'><strong>urbi</strong></span> <span class='ocrx_word' id='word_1_338' title='bbox 1792 827 1838 858; x_wconf 86' lang='lat' dir='ltr'>est</span> <span class='ocrx_word' id='word_1_339' title='bbox 1852 825 2063 866; x_wconf 73' lang='lat' dir='ltr'><strong>aquaeductus</strong></span> <span class='ocrx_word' id='word_1_340' title='bbox 2073 850 2082 865; x_wconf 93' lang='lat'><strong>,</strong></span> <span class='ocrx_word' id='word_1_341' title='bbox 2093 827 2254 868; x_wconf 79' lang='lat' dir='ltr'><strong>erectique</strong></span> 
     </span>
     <span class='ocr_line' id='line_1_47' title="bbox 1215 887 2253 943; baseline 0 -9"><span class='ocrx_word' id='word_1_342' title='bbox 1215 902 1249 934; x_wconf 92' lang='lat' dir='ltr'><strong>in</strong></span> <span class='ocrx_word' id='word_1_343' title='bbox 1262 902 1330 934; x_wconf 85' lang='lat' dir='ltr'><strong>soro</strong></span> <span class='ocrx_word' id='word_1_344' title='bbox 1343 902 1478 934; x_wconf 79' lang='lat' dir='ltr'><strong>fornices</strong></span> <span class='ocrx_word' id='word_1_345' title='bbox 1494 902 1621 942; x_wconf 83' lang='lat' dir='ltr'><strong>duo,et</strong></span> <span class='ocrx_word' id='word_1_346' title='bbox 1643 887 1771 943; x_wconf 78' lang='lat' dir='ltr'><strong>insignis</strong></span> <span class='ocrx_word' id='word_1_347' title='bbox 1787 901 1842 933; x_wconf 84' lang='lat' dir='ltr'>ina</span> <span class='ocrx_word' id='word_1_348' title='bbox 1865 901 2014 932; x_wconf 86' lang='lat' dir='ltr'><strong>columna</strong></span> <span class='ocrx_word' id='word_1_349' title='bbox 2030 910 2206 942; x_wconf 81' lang='lat' dir='ltr'><strong>purpurea,</strong></span> <span class='ocrx_word' id='word_1_350' title='bbox 2221 901 2253 934; x_wconf 87' lang='lat' dir='ltr'><strong>in</strong></span> 
     </span>
     <span class='ocr_line' id='line_1_48' title="bbox 1217 976 2255 1018; baseline -0.002 -9"><span class='ocrx_word' id='word_1_351' title='bbox 1217 986 1280 1018; x_wconf 84' lang='lat' dir='ltr'>qua</span> <span class='ocrx_word' id='word_1_352' title='bbox 1289 977 1481 1010; x_wconf 82' lang='lat' dir='ltr'><strong>collocatum</strong></span> <span class='ocrx_word' id='word_1_353' title='bbox 1498 978 1743 1011; x_wconf 84' lang='lat' dir='ltr'><strong>Constantinum</strong></span> <span class='ocrx_word' id='word_1_354' title='bbox 1757 977 1920 1015; x_wconf 87' lang='lat' dir='ltr'><strong>videmus,</strong></span> <span class='ocrx_word' id='word_1_355' title='bbox 1943 976 2018 1008; x_wconf 84' lang='lat' dir='ltr'><strong>solis</strong></span> <span class='ocrx_word' id='word_1_356' title='bbox 2035 977 2133 1008; x_wconf 80' lang='lat' dir='ltr'><strong>instar</strong></span> <span class='ocrx_word' id='word_1_357' title='bbox 2150 976 2255 1008; x_wconf 84' lang='lat' dir='ltr'><strong>radios</strong></span> 
     </span>
     <span class='ocr_line' id='line_1_49' title="bbox 1218 1051 2252 1093; baseline -0.002 -9"><span class='ocrx_word' id='word_1_358' title='bbox 1218 1053 1342 1084; x_wconf 89' lang='lat' dir='ltr'><strong>civibus</strong></span> <span class='ocrx_word' id='word_1_359' title='bbox 1357 1054 1568 1093; x_wconf 79' lang='lat' dir='ltr'><strong>spargentem.</strong></span> <span class='ocrx_word' id='word_1_360' title='bbox 1588 1053 1755 1085; x_wconf 82' lang='lat' dir='ltr'><strong>AEditicata</strong></span> <span class='ocrx_word' id='word_1_361' title='bbox 1778 1061 1909 1093; x_wconf 89' lang='lat' dir='ltr'><strong>quoque</strong></span> <span class='ocrx_word' id='word_1_362' title='bbox 1924 1053 2108 1084; x_wconf 84' lang='lat' dir='ltr'><strong>senatorum</strong></span> <span class='ocrx_word' id='word_1_363' title='bbox 2124 1051 2252 1083; x_wconf 84' lang='lat' dir='ltr'><strong>domici-</strong></span> 
     </span>
     <span class='ocr_line' id='line_1_50' title="bbox 1218 1127 2253 1169; baseline -0.001 -9"><span class='ocrx_word' id='word_1_364' title='bbox 1218 1128 1278 1168; x_wconf 85' lang='lat' dir='ltr'><strong>lia,</strong></span> <span class='ocrx_word' id='word_1_365' title='bbox 1299 1137 1372 1169; x_wconf 84' lang='lat' dir='ltr'><strong>quae</strong></span> <span class='ocrx_word' id='word_1_366' title='bbox 1388 1130 1502 1161; x_wconf 81' lang='lat' dir='ltr'><strong>senata</strong></span> <span class='ocrx_word' id='word_1_367' title='bbox 1521 1130 1688 1168; x_wconf 88' lang='lat' dir='ltr'><strong>vocantur,</strong></span> <span class='ocrx_word' id='word_1_368' title='bbox 1710 1130 1741 1160; x_wconf 85' lang='lat' dir='ltr'>et</span> <span class='ocrx_word' id='word_1_369' title='bbox 1765 1127 1872 1168; x_wconf 86' lang='lat' dir='ltr'><strong>palatii</strong></span> <span class='ocrx_word' id='word_1_370' title='bbox 1887 1128 1970 1159; x_wconf 79' lang='lat' dir='ltr'><strong>aula.</strong></span> <span class='ocrx_word' id='word_1_371' title='bbox 1989 1127 2053 1167; x_wconf 83' lang='lat'>(42)</span> <span class='ocrx_word' id='word_1_372' title='bbox 2071 1127 2253 1160; x_wconf 83' lang='lat' dir='ltr'><strong>Constanti-</strong></span> 
     </span>
     <span class='ocr_line' id='line_1_51' title="bbox 1218 1202 2254 1244; baseline -0.001 -9"><span class='ocrx_word' id='word_1_373' title='bbox 1218 1213 1278 1236; x_wconf 89' lang='lat' dir='ltr'>nus</span> <span class='ocrx_word' id='word_1_374' title='bbox 1297 1213 1389 1244; x_wconf 86' lang='lat' dir='ltr'><strong>vero,</strong></span> <span class='ocrx_word' id='word_1_375' title='bbox 1408 1204 1557 1236; x_wconf 87' lang='lat' dir='ltr'><strong>omnibus</strong></span> <span class='ocrx_word' id='word_1_376' title='bbox 1578 1205 1622 1235; x_wconf 88' lang='lat' dir='ltr'>ita</span> <span class='ocrx_word' id='word_1_377' title='bbox 1646 1203 1780 1244; x_wconf 75' lang='lat' dir='ltr'><strong>peractis</strong></span> <span class='ocrx_word' id='word_1_378' title='bbox 1799 1205 1830 1234; x_wconf 85' lang='lat' dir='ltr'>et</span> <span class='ocrx_word' id='word_1_379' title='bbox 1854 1203 2001 1234; x_wconf 66' lang='lat' dir='ltr'><strong>encaeniis</strong></span> <span class='ocrx_word' id='word_1_380' title='bbox 2021 1202 2071 1235; x_wconf 87' lang='lat' dir='ltr'>die</span> <span class='ocrx_word' id='word_1_381' title='bbox 2087 1202 2254 1234; x_wconf 85' lang='lat' dir='ltr'><strong>undecimo</strong></span> 
     </span>
     <span class='ocr_line' id='line_1_52' title="bbox 1218 1278 2255 1320; baseline -0.001 -8"><span class='ocrx_word' id='word_1_382' title='bbox 1218 1280 1291 1312; x_wconf 82' lang='lat' dir='ltr'><strong>Maii</strong></span> <span class='ocrx_word' id='word_1_383' title='bbox 1317 1280 1433 1312; x_wconf 76' lang='lat' dir='ltr'><strong>mensis</strong></span> <span class='ocrx_word' id='word_1_384' title='bbox 1458 1280 1643 1319; x_wconf 86' lang='lat' dir='ltr'><strong>celebratis,</strong></span> <span class='ocrx_word' id='word_1_385' title='bbox 1660 1288 1744 1311; x_wconf 82' lang='lat' dir='ltr'><strong>anno</strong></span> <span class='ocrx_word' id='word_1_386' title='bbox 1763 1279 1886 1320; x_wconf 87' lang='lat' dir='ltr'><strong>imperii</strong></span> <span class='ocrx_word' id='word_1_387' title='bbox 1901 1279 1949 1311; x_wconf 88' lang='lat' dir='ltr'>sui</span> <span class='ocrx_word' id='word_1_388' title='bbox 1965 1279 2115 1311; x_wconf 80' lang='lat' dir='ltr'><strong>vicesimo</strong></span> <span class='ocrx_word' id='word_1_389' title='bbox 2131 1278 2255 1320; x_wconf 86' lang='lat' dir='ltr'><strong>quinto,</strong></span> 
     </span>
     <span class='ocr_line' id='line_1_53' title="bbox 1218 1354 2254 1396; baseline -0.001 -9"><span class='ocrx_word' id='word_1_390' title='bbox 1218 1356 1308 1388; x_wconf 86' lang='lat' dir='ltr'><strong>editis</strong></span> <span class='ocrx_word' id='word_1_391' title='bbox 1324 1356 1516 1388; x_wconf 84' lang='lat' dir='ltr'><strong>circensibus</strong></span> <span class='ocrx_word' id='word_1_392' title='bbox 1537 1355 1708 1395; x_wconf 88' lang='lat' dir='ltr'><strong>ordinavit,</strong></span> <span class='ocrx_word' id='word_1_393' title='bbox 1724 1355 1770 1387; x_wconf 88' lang='lat' dir='ltr'>uti</span> <span class='ocrx_word' id='word_1_394' title='bbox 1788 1355 1936 1396; x_wconf 79' lang='lat' dir='ltr'><strong>deinceps</strong></span> <span class='ocrx_word' id='word_1_395' title='bbox 1949 1355 2010 1387; x_wconf 82' lang='lat' dir='ltr'><strong>lioc</strong></span> <span class='ocrx_word' id='word_1_396' title='bbox 2027 1354 2147 1386; x_wconf 81' lang='lat' dir='ltr'><strong>bonore</strong></span> <span class='ocrx_word' id='word_1_397' title='bbox 2163 1363 2184 1386; x_wconf 83' lang='lat' dir='ltr'><strong>a</strong></span> <span class='ocrx_word' id='word_1_398' title='bbox 2207 1363 2254 1386; x_wconf 83' lang='lat' dir='ltr'>se-</span> 
     </span>
     <span class='ocr_line' id='line_1_54' title="bbox 1218 1430 2255 1472; baseline -0.002 -8"><span class='ocrx_word' id='word_1_399' title='bbox 1218 1433 1341 1464; x_wconf 87' lang='lat' dir='ltr'><strong>cuturis</strong></span> <span class='ocrx_word' id='word_1_400' title='bbox 1366 1432 1607 1472; x_wconf 83' lang='lat' dir='ltr'><strong>imperatoribus</strong></span> <span class='ocrx_word' id='word_1_401' title='bbox 1633 1432 1832 1472; x_wconf 85' lang='lat' dir='ltr'><strong>populoque,</strong></span> <span class='ocrx_word' id='word_1_402' title='bbox 1850 1430 1901 1462; x_wconf 87' lang='lat' dir='ltr'>die</span> <span class='ocrx_word' id='word_1_403' title='bbox 1923 1430 2012 1462; x_wconf 85' lang='lat' dir='ltr'><strong>urbis</strong></span> <span class='ocrx_word' id='word_1_404' title='bbox 2034 1430 2132 1462; x_wconf 83' lang='lat' dir='ltr'><strong>natali</strong></span> <span class='ocrx_word' id='word_1_405' title='bbox 2151 1433 2255 1462; x_wconf 79' lang='lat' dir='ltr'><strong>statua</strong></span> 
     </span>
     <span class='ocr_line' id='line_1_55' title="bbox 1217 1494 2254 1547; baseline 0 -10"><span class='ocrx_word' id='word_1_406' title='bbox 1217 1515 1275 1538; x_wconf 86' lang='lat' dir='ltr'>sua</span> <span class='ocrx_word' id='word_1_407' title='bbox 1299 1508 1505 1547; x_wconf 79' lang='lat' dir='ltr'><strong>spectaretur.</strong></span> <span class='ocrx_word' id='word_1_408' title='bbox 1536 1508 1575 1538; x_wconf 82' lang='lat' dir='ltr'>Et</span> <span class='ocrx_word' id='word_1_409' title='bbox 1600 1507 1660 1538; x_wconf 88' lang='lat' dir='ltr'><strong>isto</strong></span> <span class='ocrx_word' id='word_1_410' title='bbox 1685 1506 1780 1538; x_wconf 91' lang='lat' dir='ltr'><strong>modo</strong></span> <span class='ocrx_word' id='word_1_411' title='bbox 1802 1506 2089 1546; x_wconf 83' lang='lat' dir='ltr'><strong>Constantinopolis</strong></span> <span class='ocrx_word' id='word_1_412' title='bbox 2109 1506 2149 1538; x_wconf 82' lang='lat' dir='ltr'>ad</span> <span class='ocrx_word' id='word_1_413' title='bbox 2174 1494 2254 1538; x_wconf 78' lang='lat' dir='ltr'><strong>lianc</strong></span> 
     </span>
     <span class='ocr_line' id='line_1_56' title="bbox 1217 1582 2251 1623; baseline 0 -9"><span class='ocrx_word' id='word_1_414' title='bbox 1217 1582 1468 1623; x_wconf 78' lang='lat' dir='ltr'><strong>magnitudinem</strong></span> <span class='ocrx_word' id='word_1_415' title='bbox 1483 1583 1644 1623; x_wconf 83' lang='lat' dir='ltr'><strong>pervenit,</strong></span> <span class='ocrx_word' id='word_1_416' title='bbox 1662 1592 1716 1623; x_wconf 85' lang='lat' dir='ltr'>per</span> <span class='ocrx_word' id='word_1_417' title='bbox 1733 1583 1941 1623; x_wconf 84' lang='lat' dir='ltr'><strong>imperatores</strong></span> <span class='ocrx_word' id='word_1_418' title='bbox 1953 1582 2134 1615; x_wconf 82' lang='lat' dir='ltr'><strong>alternatim</strong></span> <span class='ocrx_word' id='word_1_419' title='bbox 2146 1591 2251 1614; x_wconf 86' lang='lat' dir='ltr'><strong>succe-</strong></span> 
     </span>
    </p>
   </div>
   <div class='ocr_carea' id='block_1_5' title="bbox 1217 1658 2053 1699">
    <p class='ocr_par' dir='ltr' id='par_1_6' title="bbox 1217 1658 2053 1699">
     <span class='ocr_line' id='line_1_57' title="bbox 1217 1658 2053 1699; baseline -0.002 -8"><span class='ocrx_word' id='word_1_420' title='bbox 1217 1658 1326 1691; x_wconf 86' lang='lat' dir='ltr'><strong>dentes</strong></span> <span class='ocrx_word' id='word_1_421' title='bbox 1340 1659 1381 1690; x_wconf 87' lang='lat' dir='ltr'>ad</span> <span class='ocrx_word' id='word_1_422' title='bbox 1394 1659 1463 1690; x_wconf 66' lang='lat' dir='ltr'><strong>llaec</strong></span> <span class='ocrx_word' id='word_1_423' title='bbox 1476 1667 1574 1699; x_wconf 88' lang='lat' dir='ltr'><strong>usque</strong></span> <span class='ocrx_word' id='word_1_424' title='bbox 1586 1659 1730 1699; x_wconf 85' lang='lat' dir='ltr'><strong>tempora</strong></span> <span class='ocrx_word' id='word_1_425' title='bbox 1743 1658 1927 1699; x_wconf 77' lang='lat' dir='ltr'><strong>gubernata.</strong></span> <span class='ocrx_word' id='word_1_426' title='bbox 1945 1660 2053 1691; x_wconf 74' lang='lat' dir='ltr'><strong>Finis.</strong></span> 
     </span>
    </p>
   </div>
   <div class='ocr_carea' id='block_1_6' title="bbox 1715 2061 1749 2093">
    <p class='ocr_par' dir='ltr' id='par_1_7' title="bbox 1715 2061 1749 2093">
     <span class='ocr_line' id='line_1_58' title="bbox 1715 2061 1749 2093; baseline -0.029 0"><span class='ocrx_word' id='word_1_427' title='bbox 1715 2061 1749 2093; x_wconf 86' lang='lat'>5.</span> 
     </span>
    </p>
   </div>
   <div class='ocr_carea' id='block_1_7' title="bbox 1217 2131 2255 2329">
    <p class='ocr_par' dir='ltr' id='par_1_8' title="bbox 1217 2131 2255 2329">
     <span class='ocr_line' id='line_1_59' title="bbox 1259 2131 2252 2174; baseline 0.003 -11"><span class='ocrx_word' id='word_1_428' title='bbox 1259 2132 1364 2164; x_wconf 83' lang='lat' dir='ltr'><strong>Prima</strong></span> <span class='ocrx_word' id='word_1_429' title='bbox 1379 2131 1486 2164; x_wconf 85' lang='lat' dir='ltr'><strong>classis</strong></span> <span class='ocrx_word' id='word_1_430' title='bbox 1495 2139 1605 2163; x_wconf 86' lang='lat' dir='ltr'><strong>eorum</strong></span> <span class='ocrx_word' id='word_1_431' title='bbox 1615 2156 1624 2172; x_wconf 94' lang='lat'>,</span> <span class='ocrx_word' id='word_1_432' title='bbox 1634 2140 1652 2163; x_wconf 85' lang='lat' dir='ltr'><strong>a</strong></span> <span class='ocrx_word' id='word_1_433' title='bbox 1662 2132 1779 2173; x_wconf 83' lang='lat' dir='ltr'><strong>quibus</strong></span> <span class='ocrx_word' id='word_1_434' title='bbox 1795 2131 1877 2164; x_wconf 79' lang='lat' dir='ltr'><strong>sollis</strong></span> <span class='ocrx_word' id='word_1_435' title='bbox 1887 2132 2042 2164; x_wconf 84' lang='lat' dir='ltr'><strong>tributum</strong></span> <span class='ocrx_word' id='word_1_436' title='bbox 2056 2133 2252 2174; x_wconf 73' lang='lat' dir='ltr'><strong>exigebatur,</strong></span> 
     </span>
     <span class='ocr_line' id='line_1_60' title="bbox 1217 2211 2255 2252; baseline 0.001 -8"><span class='ocrx_word' id='word_1_437' title='bbox 1217 2211 1383 2244; x_wconf 85' lang='lat' dir='ltr'><strong>solvebant</strong></span> <span class='ocrx_word' id='word_1_438' title='bbox 1409 2212 1482 2242; x_wconf 90' lang='lat' dir='ltr'><strong>octo</strong></span> <span class='ocrx_word' id='word_1_439' title='bbox 1498 2211 1567 2242; x_wconf 80' lang='lat' dir='ltr'><strong>auri</strong></span> <span class='ocrx_word' id='word_1_440' title='bbox 1581 2211 1687 2251; x_wconf 85' lang='lat' dir='ltr'><strong>litras‚</strong></span> <span class='ocrx_word' id='word_1_441' title='bbox 1714 2211 1852 2243; x_wconf 84' lang='lat' dir='ltr'><strong>secunda</strong></span> <span class='ocrx_word' id='word_1_442' title='bbox 1868 2212 1958 2243; x_wconf 74' lang='lat' dir='ltr'><strong>liti-as</strong></span> <span class='ocrx_word' id='word_1_443' title='bbox 1981 2213 2146 2252; x_wconf 81' lang='lat' dir='ltr'><strong>quattuor,</strong></span> <span class='ocrx_word' id='word_1_444' title='bbox 2161 2214 2255 2245; x_wconf 74' lang='lat' dir='ltr'><strong>tertia</strong></span> 
     </span>
     <span class='ocr_line' id='line_1_61' title="bbox 1217 2276 2254 2329; baseline 0 -10"><span class='ocrx_word' id='word_1_445' title='bbox 1217 2289 1295 2320; x_wconf 81' lang='lat' dir='ltr'><strong>duas</strong></span> <span class='ocrx_word' id='word_1_446' title='bbox 1318 2276 1426 2326; x_wconf 72' lang='lat' dir='ltr'><strong>litras&#39;,</strong></span> <span class='ocrx_word' id='word_1_447' title='bbox 1453 2289 1488 2318; x_wconf 88' lang='lat' dir='ltr'>ut</span> <span class='ocrx_word' id='word_1_448' title='bbox 1518 2287 1689 2327; x_wconf 80' lang='lat' dir='ltr'><strong>Hesychius</strong></span> <span class='ocrx_word' id='word_1_449' title='bbox 1706 2286 1858 2329; x_wconf 63' lang='lat' dir='ltr'><strong>illustris,</strong></span> <span class='ocrx_word' id='word_1_450' title='bbox 1889 2286 2100 2326; x_wconf 66' lang='lat' dir='ltr'><strong>Philosophia}</strong></span> <span class='ocrx_word' id='word_1_451' title='bbox 2125 2286 2254 2319; x_wconf 76' lang='lat' dir='ltr'><strong>Milesiae</strong></span> 
     </span>
    </p>
   </div>
   <div class='ocr_carea' id='block_1_8' title="bbox 1218 2357 1982 2398">
    <p class='ocr_par' dir='ltr' id='par_1_9' title="bbox 1218 2357 1982 2398">
     <span class='ocr_line' id='line_1_62' title="bbox 1218 2357 1982 2398; baseline -0.004 -7"><span class='ocrx_word' id='word_1_452' title='bbox 1218 2360 1316 2398; x_wconf 83' lang='lat' dir='ltr'><strong>lilius,</strong></span> <span class='ocrx_word' id='word_1_453' title='bbox 1330 2359 1411 2390; x_wconf 84' lang='lat' dir='ltr'><strong>libro</strong></span> <span class='ocrx_word' id='word_1_454' title='bbox 1427 2360 1517 2390; x_wconf 85' lang='lat' dir='ltr'><strong>sexto</strong></span> <span class='ocrx_word' id='word_1_455' title='bbox 1534 2358 1680 2390; x_wconf 78' lang='lat' dir='ltr'><strong>Historiae</strong></span> <span class='ocrx_word' id='word_1_456' title='bbox 1697 2357 1863 2390; x_wconf 83' lang='lat' dir='ltr'><strong>chronicae</strong></span> <span class='ocrx_word' id='word_1_457' title='bbox 1879 2357 1982 2388; x_wconf 77' lang='lat' dir='ltr'><strong>refert.</strong></span> 
     </span>
    </p>
   </div>
   <div class='ocr_carea' id='block_1_9' title="bbox 128 2429 2254 2447">
    <p class='ocr_par' dir='ltr' id='par_1_10' title="bbox 128 2429 2254 2447">
     <span class='ocr_line' id='line_1_63' title="bbox 128 2429 2254 2447; baseline 0 1277"><span class='ocrx_word' id='word_1_458' title='bbox 128 2429 2254 2447; x_wconf 95' lang='lat' dir='ltr'> </span> 
     </span>
    </p>
   </div>
   <div class='ocr_carea' id='block_1_10' title="bbox 113 2461 2254 3480">
    <p class='ocr_par' dir='ltr' id='par_1_11' title="bbox 113 2461 2254 3339">
     <span class='ocr_line' id='line_1_64' title="bbox 115 2461 2253 2505; baseline 0 -11"><span class='ocrx_word' id='word_1_459' title='bbox 115 2464 187 2505; x_wconf 82' lang='grc' dir='ltr'>ἄχρι</span> <span class='ocrx_word' id='word_1_460' title='bbox 213 2468 266 2502; x_wconf 85' lang='grc' dir='ltr'>τῆς</span> <span class='ocrx_word' id='word_1_461' title='bbox 281 2463 440 2504; x_wconf 82' lang='grc' dir='ltr'>βασιλείας</span> <span class='ocrx_word' id='word_1_462' title='bbox 453 2468 508 2495; x_wconf 82' lang='grc' dir='ltr'>τοῦ</span> <span class='ocrx_word' id='word_1_463' title='bbox 524 2465 659 2505; x_wconf 85' lang='grc' dir='ltr'>μεγάλου</span> <span class='ocrx_word' id='word_1_464' title='bbox 675 2465 922 2496; x_wconf 78' lang='grc' dir='ltr'>Κωνσταντίνου.</span> <span class='ocrx_word' id='word_1_465' title='bbox 938 2465 990 2495; x_wconf 88' lang='grc' dir='ltr'>Ἐν</span> <span class='ocrx_word' id='word_1_466' title='bbox 1004 2465 1035 2495; x_wconf 82' lang='grc' dir='ltr'>δὲ</span> <span class='ocrx_word' id='word_1_467' title='bbox 1052 2467 1096 2502; x_wconf 83' lang='grc' dir='ltr'>τῷ</span> <span class='ocrx_word' id='word_1_468' title='bbox 1109 2465 1284 2503; x_wconf 82' lang='grc' dir='ltr'>τριακοστῷ</span> <span class='ocrx_word' id='word_1_469' title='bbox 1301 2463 1353 2492; x_wconf 85' lang='grc' dir='ltr'>καί</span> <span class='ocrx_word' id='word_1_470' title='bbox 1368 2463 1524 2502; x_wconf 76' lang='grc' dir='ltr'>ἑξηκοστῷ</span> <span class='ocrx_word' id='word_1_471' title='bbox 1538 2462 1668 2503; x_wconf 81' lang='grc' dir='ltr'>δευτέρῳ</span> <span class='ocrx_word' id='word_1_472' title='bbox 1685 2462 1743 2493; x_wconf 82' lang='grc' dir='ltr'>ἔτει</span> <span class='ocrx_word' id='word_1_473' title='bbox 1757 2462 1818 2493; x_wconf 86' lang='grc' dir='ltr'>ἀπὸ</span> <span class='ocrx_word' id='word_1_474' title='bbox 1833 2461 2012 2498; x_wconf 77' lang='grc' dir='ltr'>Αὐγούστου</span> <span class='ocrx_word' id='word_1_475' title='bbox 2027 2461 2182 2502; x_wconf 86' lang='grc' dir='ltr'>Καίσαρος</span> <span class='ocrx_word' id='word_1_476' title='bbox 2199 2473 2253 2503; x_wconf 84' lang='grc' dir='ltr'>μο-</span> 
     </span>
     <span class='ocr_line' id='line_1_65' title="bbox 114 2509 2253 2552; baseline 0 -11"><span class='ocrx_word' id='word_1_477' title='bbox 114 2510 261 2551; x_wconf 82' lang='grc' dir='ltr'>ναρχίας,</span> <span class='ocrx_word' id='word_1_478' title='bbox 283 2515 336 2549; x_wconf 84' lang='grc' dir='ltr'>τῆς</span> <span class='ocrx_word' id='word_1_479' title='bbox 355 2511 562 2552; x_wconf 71' lang='grc' dir='ltr'>πρεσῧυτέρας</span> <span class='ocrx_word' id='word_1_480' title='bbox 586 2512 707 2552; x_wconf 80' lang='grc' dir='ltr'>Ῥώμης</span> <span class='ocrx_word' id='word_1_481' title='bbox 731 2513 782 2542; x_wconf 87' lang='grc' dir='ltr'>καὶ</span> <span class='ocrx_word' id='word_1_482' title='bbox 805 2515 865 2542; x_wconf 84' lang='grc' dir='ltr'>τῶν</span> <span class='ocrx_word' id='word_1_483' title='bbox 883 2511 1071 2551; x_wconf 81' lang='grc' dir='ltr'>πραγμάτων</span> <span class='ocrx_word' id='word_1_484' title='bbox 1094 2511 1185 2546; x_wconf 76' lang='grc' dir='ltr'>αὐτῆς</span> <span class='ocrx_word' id='word_1_485' title='bbox 1202 2509 1260 2545; x_wconf 79' lang='grc' dir='ltr'>ἤδη</span> <span class='ocrx_word' id='word_1_486' title='bbox 1285 2509 1360 2549; x_wconf 81' lang='grc' dir='ltr'>πρὸς</span> <span class='ocrx_word' id='word_1_487' title='bbox 1376 2510 1410 2539; x_wconf 80' lang='grc' dir='ltr'>τὸ</span> <span class='ocrx_word' id='word_1_488' title='bbox 1427 2510 1525 2549; x_wconf 77' lang='grc' dir='ltr'>πέρας</span> <span class='ocrx_word' id='word_1_489' title='bbox 1536 2509 1727 2549; x_wconf 80' lang='grc' dir='ltr'>ἀφιγμένων,</span> <span class='ocrx_word' id='word_1_490' title='bbox 1748 2512 1980 2544; x_wconf 84' lang='grc' dir='ltr'>Κωνσταντῖνος</span> <span class='ocrx_word' id='word_1_491' title='bbox 1996 2509 2014 2539; x_wconf 79' lang='grc' dir='ltr'><strong>ὁ</strong></span> <span class='ocrx_word' id='word_1_492' title='bbox 2034 2510 2253 2541; x_wconf 87' lang='grc' dir='ltr'>Κωνσταντίου</span> 
     </span>
     <span class='ocr_line' id='line_1_66' title="bbox 113 2554 2254 2598; baseline -0.001 -10"><span class='ocrx_word' id='word_1_493' title='bbox 113 2560 204 2593; x_wconf 84' lang='grc' dir='ltr'>παῖς,</span> <span class='ocrx_word' id='word_1_494' title='bbox 219 2561 279 2589; x_wconf 90' lang='grc' dir='ltr'>τῶν</span> <span class='ocrx_word' id='word_1_495' title='bbox 295 2557 460 2598; x_wconf 86' lang='grc' dir='ltr'>σκήπτρων</span> <span class='ocrx_word' id='word_1_496' title='bbox 475 2558 692 2597; x_wconf 78' lang='grc' dir='ltr'>ἐπιλαὸόμενος</span> <span class='ocrx_word' id='word_1_497' title='bbox 703 2582 711 2595; x_wconf 89' lang='grc'>,</span> <span class='ocrx_word' id='word_1_498' title='bbox 726 2560 779 2595; x_wconf 80' lang='grc' dir='ltr'>τὴν</span> <span class='ocrx_word' id='word_1_499' title='bbox 799 2559 869 2588; x_wconf 79' lang='grc' dir='ltr'>νέαν</span> <span class='ocrx_word' id='word_1_500' title='bbox 882 2558 995 2591; x_wconf 78' lang='grc' dir='ltr'>ταύτην</span> <span class='ocrx_word' id='word_1_501' title='bbox 1011 2558 1064 2587; x_wconf 81' lang='grc' dir='ltr'>καί</span> <span class='ocrx_word' id='word_1_502' title='bbox 1080 2556 1246 2596; x_wconf 82' lang='grc' dir='ltr'>περικαλλῆ</span> <span class='ocrx_word' id='word_1_503' title='bbox 1265 2555 1417 2591; x_wconf 81' lang='grc' dir='ltr'>ἀνέστησε</span> <span class='ocrx_word' id='word_1_504' title='bbox 1431 2556 1519 2586; x_wconf 82' lang='grc' dir='ltr'>πόλιν</span> <span class='ocrx_word' id='word_1_505' title='bbox 1530 2579 1538 2594; x_wconf 89' lang='grc'>,</span> <span class='ocrx_word' id='word_1_506' title='bbox 1553 2557 1607 2592; x_wconf 76' lang='grc' dir='ltr'>τήν</span> <span class='ocrx_word' id='word_1_507' title='bbox 1621 2556 1786 2596; x_wconf 82' lang='grc' dir='ltr'>λεγομένην</span> <span class='ocrx_word' id='word_1_508' title='bbox 1801 2554 2048 2586; x_wconf 83' lang='grc' dir='ltr'>Κωνσταντίνου,</span> <span class='ocrx_word' id='word_1_509' title='bbox 2064 2557 2254 2595; x_wconf 61' lang='grc' dir='ltr'>(θαυμαστὴν</span> 
     </span>
     <span class='ocr_line' id='line_1_67' title="bbox 115 2601 2253 2646; baseline -0.001 -11"><span class='ocrx_word' id='word_1_510' title='bbox 115 2606 174 2646; x_wconf 86' lang='grc' dir='ltr'>γὰρ</span> <span class='ocrx_word' id='word_1_511' title='bbox 187 2603 475 2645; x_wconf 83' lang='grc' dir='ltr'>προσεργασάμενος</span> <span class='ocrx_word' id='word_1_512' title='bbox 489 2608 533 2645; x_wconf 88' lang='grc' dir='ltr'>τῷ</span> <span class='ocrx_word' id='word_1_513' title='bbox 546 2605 649 2635; x_wconf 83' lang='grc' dir='ltr'>κάλλει</span> <span class='ocrx_word' id='word_1_514' title='bbox 661 2628 668 2642; x_wconf 93' lang='grc'>,</span> <span class='ocrx_word' id='word_1_515' title='bbox 686 2604 843 2645; x_wconf 86' lang='grc' dir='ltr'>πόρρωθεν</span> <span class='ocrx_word' id='word_1_516' title='bbox 858 2605 909 2634; x_wconf 83' lang='grc' dir='ltr'>καὶ</span> <span class='ocrx_word' id='word_1_517' title='bbox 924 2604 963 2634; x_wconf 75' lang='grc' dir='ltr'>τὰ</span> <span class='ocrx_word' id='word_1_518' title='bbox 976 2603 1065 2643; x_wconf 86' lang='grc' dir='ltr'>τείχη</span> <span class='ocrx_word' id='word_1_519' title='bbox 1083 2602 1256 2643; x_wconf 84' lang='grc' dir='ltr'>μετέστειλε</span> <span class='ocrx_word' id='word_1_520' title='bbox 1273 2601 1354 2631; x_wconf 76' lang='grc' dir='ltr'>κατὰ</span> <span class='ocrx_word' id='word_1_521' title='bbox 1365 2601 1434 2637; x_wconf 83' lang='grc' dir='ltr'>τοὺς</span> <span class='ocrx_word' id='word_1_522' title='bbox 1451 2602 1648 2642; x_wconf 85' lang='grc' dir='ltr'>Τρωαδικοὺς</span> <span class='ocrx_word' id='word_1_523' title='bbox 1662 2602 1810 2642; x_wconf 76' lang='grc' dir='ltr'>ἑμὸόλους</span> <span class='ocrx_word' id='word_1_524' title='bbox 1825 2625 1834 2640; x_wconf 87' lang='grc'>,</span> <span class='ocrx_word' id='word_1_525' title='bbox 1848 2601 1960 2642; x_wconf 84' lang='grc' dir='ltr'>λουτρά</span> <span class='ocrx_word' id='word_1_526' title='bbox 1972 2612 2005 2632; x_wconf 87' lang='grc' dir='ltr'>τε</span> <span class='ocrx_word' id='word_1_527' title='bbox 2022 2602 2073 2632; x_wconf 91' lang='grc' dir='ltr'>καὶ</span> <span class='ocrx_word' id='word_1_528' title='bbox 2090 2601 2186 2642; x_wconf 85' lang='grc' dir='ltr'>ἱεροὺς</span> <span class='ocrx_word' id='word_1_529' title='bbox 2199 2602 2253 2634; x_wconf 84' lang='grc' dir='ltr'>δύο</span> 
     </span>
     <span class='ocr_line' id='line_1_68' title="bbox 116 2647 2252 2692; baseline -0.001 -9"><span class='ocrx_word' id='word_1_530' title='bbox 116 2654 219 2688; x_wconf 78' lang='grc' dir='ltr'>οἴκους</span> <span class='ocrx_word' id='word_1_531' title='bbox 237 2651 389 2692; x_wconf 83' lang='grc' dir='ltr'>μεγάλους</span> <span class='ocrx_word' id='word_1_532' title='bbox 414 2652 572 2692; x_wconf 85' lang='grc' dir='ltr'>ἀνήγειρε,</span> <span class='ocrx_word' id='word_1_533' title='bbox 589 2652 643 2682; x_wconf 84' lang='grc' dir='ltr'>καὶ</span> <span class='ocrx_word' id='word_1_534' title='bbox 663 2651 693 2681; x_wconf 83' lang='grc' dir='ltr'>ἐν</span> <span class='ocrx_word' id='word_1_535' title='bbox 709 2654 754 2691; x_wconf 89' lang='grc' dir='ltr'>τῷ</span> <span class='ocrx_word' id='word_1_536' title='bbox 777 2650 956 2691; x_wconf 84' lang='grc' dir='ltr'>Στρατηγίῳ</span> <span class='ocrx_word' id='word_1_537' title='bbox 978 2651 1132 2689; x_wconf 84' lang='grc' dir='ltr'>λεγομένῳ</span> <span class='ocrx_word' id='word_1_538' title='bbox 1149 2648 1231 2688; x_wconf 76' lang='grc' dir='ltr'>φόρῳ</span> <span class='ocrx_word' id='word_1_539' title='bbox 1242 2671 1249 2684; x_wconf 87' lang='grc'>,</span> <span class='ocrx_word' id='word_1_540' title='bbox 1269 2647 1340 2678; x_wconf 81' lang='grc' dir='ltr'>ἔνθα</span> <span class='ocrx_word' id='word_1_541' title='bbox 1357 2648 1431 2678; x_wconf 87' lang='grc' dir='ltr'>ποτὲ</span> <span class='ocrx_word' id='word_1_542' title='bbox 1448 2650 1475 2678; x_wconf 89' lang='grc' dir='ltr'>οἱ</span> <span class='ocrx_word' id='word_1_543' title='bbox 1494 2653 1733 2688; x_wconf 79' lang='grc' dir='ltr'>στρατηγοῦντες</span> <span class='ocrx_word' id='word_1_544' title='bbox 1746 2649 1799 2684; x_wconf 86' lang='grc' dir='ltr'>τὰς</span> <span class='ocrx_word' id='word_1_545' title='bbox 1813 2648 1902 2688; x_wconf 73' lang='grc' dir='ltr'>τιμὰς</span> <span class='ocrx_word' id='word_1_546' title='bbox 1924 2648 2025 2679; x_wconf 88' lang='grc' dir='ltr'>αὐτῶν</span> <span class='ocrx_word' id='word_1_547' title='bbox 2047 2647 2252 2688; x_wconf 83' lang='grc' dir='ltr'>ἀπεδέχοντο,</span> 
     </span>
     <span class='ocr_line' id='line_1_69' title="bbox 115 2693 2254 2738; baseline -0.001 -9"><span class='ocrx_word' id='word_1_548' title='bbox 115 2699 223 2730; x_wconf 82' lang='grc' dir='ltr'>ἑαυτὸν</span> <span class='ocrx_word' id='word_1_549' title='bbox 239 2699 286 2729; x_wconf 81' lang='grc' dir='ltr'>ἐπὶ</span> <span class='ocrx_word' id='word_1_550' title='bbox 301 2698 413 2735; x_wconf 81' lang='grc' dir='ltr'>λιθίνης</span> <span class='ocrx_word' id='word_1_551' title='bbox 427 2698 579 2738; x_wconf 82' lang='grc' dir='ltr'>ἀνέγραψε</span> <span class='ocrx_word' id='word_1_552' title='bbox 596 2698 720 2734; x_wconf 82' lang='grc' dir='ltr'>στήλης.</span> <span class='ocrx_word' id='word_1_553' title='bbox 736 2714 776 2719; x_wconf 94' lang='grc'><strong>-</strong></span> <span class='ocrx_word' id='word_1_554' title='bbox 792 2696 810 2736; x_wconf 68' lang='lat'>§¹</span> <span class='ocrx_word' id='word_1_555' title='bbox 825 2699 875 2728; x_wconf 74' lang='lat'>40.</span> <span class='ocrx_word' id='word_1_556' title='bbox 897 2695 1070 2736; x_wconf 76' lang='grc' dir='ltr'>Ἑλένης]</span> <span class='ocrx_word' id='word_1_557' title='bbox 1085 2704 1101 2726; x_wconf 88' lang='lat' dir='ltr'>e</span> <span class='ocrx_word' id='word_1_558' title='bbox 1119 2694 1242 2725; x_wconf 88' lang='lat' dir='ltr'><strong>Codino</strong></span> <span class='ocrx_word' id='word_1_559' title='bbox 1260 2693 1376 2723; x_wconf 82' lang='lat' dir='ltr'><strong>addidi.</strong></span> <span class='ocrx_word' id='word_1_560' title='bbox 1391 2711 1432 2715; x_wconf 92' lang='lat'>—</span> <span class='ocrx_word' id='word_1_561' title='bbox 1446 2695 1495 2725; x_wconf 87' lang='grc' dir='ltr'>ὠν</span> <span class='ocrx_word' id='word_1_562' title='bbox 1506 2694 1650 2734; x_wconf 89' lang='grc' dir='ltr'>όμασεν</span> <span class='ocrx_word' id='word_1_563' title='bbox 1663 2694 1674 2735; x_wconf 93' lang='grc'>]</span> <span class='ocrx_word' id='word_1_564' title='bbox 1689 2695 1834 2726; x_wconf 84' lang='grc' dir='ltr'>ἐκάλεσεν</span> <span class='ocrx_word' id='word_1_565' title='bbox 1850 2694 1929 2726; x_wconf 85' lang='lat' dir='ltr'><strong>God.</strong></span> <span class='ocrx_word' id='word_1_566' title='bbox 1945 2713 1984 2720; x_wconf 94' lang='lat'>—</span> <span class='ocrx_word' id='word_1_567' title='bbox 1997 2695 2062 2725; x_wconf 87' lang='grc' dir='ltr'>καὶ</span> <span class='ocrx_word' id='word_1_568' title='bbox 2077 2698 2158 2731; x_wconf 90' lang='grc' dir='ltr'>τοῖς</span> <span class='ocrx_word' id='word_1_569' title='bbox 2171 2695 2254 2738; x_wconf 55' lang='lat' dir='ltr'><strong>dim]</strong></span> 
     </span>
     <span class='ocr_line' id='line_1_70' title="bbox 115 2739 2253 2783; baseline -0.002 -6"><span class='ocrx_word' id='word_1_570' title='bbox 115 2744 257 2777; x_wconf 84' lang='lat' dir='ltr'><strong>eodinus</strong></span> <span class='ocrx_word' id='word_1_571' title='bbox 276 2757 283 2776; x_wconf 77' lang='lat' dir='ltr'><strong><em>z</em></strong></span> <span class='ocrx_word' id='word_1_572' title='bbox 302 2747 365 2780; x_wconf 88' lang='grc' dir='ltr'>τοῖς</span> <span class='ocrx_word' id='word_1_573' title='bbox 383 2755 416 2775; x_wconf 90' lang='grc' dir='ltr'>τε</span> <span class='ocrx_word' id='word_1_574' title='bbox 433 2745 735 2782; x_wconf 84' lang='grc' dir='ltr'>συνακολουθήσασιν</span> <span class='ocrx_word' id='word_1_575' title='bbox 750 2744 835 2783; x_wconf 84' lang='grc' dir='ltr'>αὐτῷ</span> <span class='ocrx_word' id='word_1_576' title='bbox 849 2744 912 2775; x_wconf 83' lang='grc' dir='ltr'>ἀπὸ</span> <span class='ocrx_word' id='word_1_577' title='bbox 930 2744 1052 2783; x_wconf 83' lang='grc' dir='ltr'>Ῥώμης</span> <span class='ocrx_word' id='word_1_578' title='bbox 1073 2741 1287 2780; x_wconf 80' lang='grc' dir='ltr'>συγκλητικοῖς</span> <span class='ocrx_word' id='word_1_579' title='bbox 1301 2741 1537 2780; x_wconf 65' lang='grc' dir='ltr'>ἐφιλοτιμήσατο</span> <span class='ocrx_word' id='word_1_580' title='bbox 1548 2763 1556 2775; x_wconf 84' lang='grc'>,</span> <span class='ocrx_word' id='word_1_581' title='bbox 1571 2741 1673 2776; x_wconf 73' lang='grc' dir='ltr'>οἴκους</span> <span class='ocrx_word' id='word_1_582' title='bbox 1687 2741 1789 2776; x_wconf 85' lang='grc' dir='ltr'>αὐτοῖς</span> <span class='ocrx_word' id='word_1_583' title='bbox 1803 2739 2019 2781; x_wconf 84' lang='grc' dir='ltr'>δωρησάμενος</span> <span class='ocrx_word' id='word_1_584' title='bbox 2031 2763 2040 2779; x_wconf 90' lang='grc'>,</span> <span class='ocrx_word' id='word_1_585' title='bbox 2055 2740 2106 2776; x_wconf 82' lang='grc' dir='ltr'>οὓς</span> <span class='ocrx_word' id='word_1_586' title='bbox 2125 2741 2155 2776; x_wconf 80' lang='grc' dir='ltr'>ἐξ</span> <span class='ocrx_word' id='word_1_587' title='bbox 2167 2741 2253 2773; x_wconf 82' lang='grc' dir='ltr'>ἰδίων</span> 
     </span>
     <span class='ocr_line' id='line_1_71' title="bbox 117 2786 2251 2832; baseline -0.002 -9"><span class='ocrx_word' id='word_1_588' title='bbox 117 2791 262 2831; x_wconf 85' lang='grc' dir='ltr'>ἐδείματο</span> <span class='ocrx_word' id='word_1_589' title='bbox 281 2790 460 2832; x_wconf 85' lang='grc' dir='ltr'>χρημάτων.</span> <span class='ocrx_word' id='word_1_590' title='bbox 477 2811 517 2817; x_wconf 89' lang='grc'>-</span> <span class='ocrx_word' id='word_1_591' title='bbox 530 2790 548 2831; x_wconf 80' lang='lat'>§</span> <span class='ocrx_word' id='word_1_592' title='bbox 561 2794 613 2823; x_wconf 77' lang='grc'>41.</span> <span class='ocrx_word' id='word_1_593' title='bbox 629 2791 689 2822; x_wconf 87' lang='grc' dir='ltr'>ἐπὶ</span> <span class='ocrx_word' id='word_1_594' title='bbox 708 2791 744 2822; x_wconf 85' lang='grc' dir='ltr'>δὲ</span> <span class='ocrx_word' id='word_1_595' title='bbox 765 2791 831 2821; x_wconf 81' lang='grc' dir='ltr'>τού</span> <span class='ocrx_word' id='word_1_596' title='bbox 841 2801 891 2830; x_wconf 87' lang='grc' dir='ltr'>τῳ</span> <span class='ocrx_word' id='word_1_597' title='bbox 909 2788 997 2829; x_wconf 84' lang='grc' dir='ltr'>κτλ.]</span> <span class='ocrx_word' id='word_1_598' title='bbox 1014 2787 1156 2820; x_wconf 83' lang='lat' dir='ltr'><strong>Codiuus</strong></span> <span class='ocrx_word' id='word_1_599' title='bbox 1172 2800 1179 2818; x_wconf 73' lang='grc' dir='ltr'><strong>ε</strong></span> <span class='ocrx_word' id='word_1_600' title='bbox 1194 2787 1265 2818; x_wconf 87' lang='grc' dir='ltr'>Ἐπὶ</span> <span class='ocrx_word' id='word_1_601' title='bbox 1285 2786 1316 2817; x_wconf 82' lang='grc' dir='ltr'>δὲ</span> <span class='ocrx_word' id='word_1_602' title='bbox 1332 2787 1441 2817; x_wconf 84' lang='grc' dir='ltr'>τούτου</span> <span class='ocrx_word' id='word_1_603' title='bbox 1456 2789 1535 2818; x_wconf 87' lang='grc' dir='ltr'>καὶ·ὸ</span> <span class='ocrx_word' id='word_1_604' title='bbox 1550 2791 1611 2818; x_wconf 85' lang='grc' dir='ltr'>τῶν</span> <span class='ocrx_word' id='word_1_605' title='bbox 1624 2787 1743 2818; x_wconf 75' lang='grc' dir='ltr'>ὑδάτων</span> <span class='ocrx_word' id='word_1_606' title='bbox 1760 2788 1849 2824; x_wconf 83' lang='grc' dir='ltr'>ὁλκὸς</span> <span class='ocrx_word' id='word_1_607' title='bbox 1862 2787 2030 2828; x_wconf 84' lang='grc' dir='ltr'>προσετέθη</span> <span class='ocrx_word' id='word_1_608' title='bbox 2043 2790 2081 2827; x_wconf 79' lang='grc' dir='ltr'>τῇ</span> <span class='ocrx_word' id='word_1_609' title='bbox 2097 2787 2196 2819; x_wconf 88' lang='grc' dir='ltr'>πόλει.</span> <span class='ocrx_word' id='word_1_610' title='bbox 2211 2805 2251 2811; x_wconf 88' lang='lat'>-—</span> 
     </span>
     <span class='ocr_line' id='line_1_72' title="bbox 117 2833 2252 2877; baseline -0.001 -8"><span class='ocrx_word' id='word_1_611' title='bbox 117 2837 336 2875; x_wconf 78' lang='grc' dir='ltr'>ἀνέστησαν</span> <span class='ocrx_word' id='word_1_612' title='bbox 350 2837 441 2877; x_wconf 83' lang='grc' dir='ltr'>κτλ.]</span> <span class='ocrx_word' id='word_1_613' title='bbox 464 2838 537 2868; x_wconf 88' lang='lat' dir='ltr'><strong>Loci</strong></span> <span class='ocrx_word' id='word_1_614' title='bbox 554 2838 635 2868; x_wconf 84' lang='lat' dir='ltr'><strong>ratio</strong></span> <span class='ocrx_word' id='word_1_615' title='bbox 651 2838 857 2877; x_wconf 78' lang='lat' dir='ltr'><strong>grammatica</strong></span> <span class='ocrx_word' id='word_1_616' title='bbox 871 2836 1005 2868; x_wconf 83' lang='lat' dir='ltr'><strong>laborat.</strong></span> <span class='ocrx_word' id='word_1_617' title='bbox 1031 2834 1174 2867; x_wconf 89' lang='lat' dir='ltr'><strong>Codinus</strong></span> <span class='ocrx_word' id='word_1_618' title='bbox 1197 2833 1312 2864; x_wconf 89' lang='lat' dir='ltr'><strong>iterum</strong></span> <span class='ocrx_word' id='word_1_619' title='bbox 1333 2833 1422 2872; x_wconf 85' lang='lat' dir='ltr'><strong>plura</strong></span> <span class='ocrx_word' id='word_1_620' title='bbox 1447 2833 1649 2872; x_wconf 86' lang='lat' dir='ltr'><strong>interponens</strong></span> <span class='ocrx_word' id='word_1_621' title='bbox 1665 2835 1709 2864; x_wconf 82' lang='lat' dir='ltr'><strong>ila</strong></span> <span class='ocrx_word' id='word_1_622' title='bbox 1734 2833 1830 2864; x_wconf 86' lang='lat' dir='ltr'><strong>babet</strong></span> <span class='ocrx_word' id='word_1_623' title='bbox 1857 2846 1864 2864; x_wconf 72' lang='grc' dir='ltr'>ε</span> <span class='ocrx_word' id='word_1_624' title='bbox 1891 2833 2052 2870; x_wconf 84' lang='grc' dir='ltr'>Ἀνέστησε</span> <span class='ocrx_word' id='word_1_625' title='bbox 2075 2833 2107 2864; x_wconf 86' lang='grc' dir='ltr'>δὲ</span> <span class='ocrx_word' id='word_1_626' title='bbox 2122 2834 2175 2865; x_wconf 85' lang='grc' dir='ltr'>καὶ</span> <span class='ocrx_word' id='word_1_627' title='bbox 2198 2835 2252 2866; x_wconf 79' lang='grc' dir='ltr'>δύο</span> 
     </span>
     <span class='ocr_line' id='line_1_73' title="bbox 117 2879 2252 2925; baseline -0.001 -10"><span class='ocrx_word' id='word_1_628' title='bbox 117 2885 230 2925; x_wconf 83' lang='grc' dir='ltr'>ἁψῖδας</span> <span class='ocrx_word' id='word_1_629' title='bbox 243 2885 317 2924; x_wconf 84' lang='grc' dir='ltr'>πρὸς</span> <span class='ocrx_word' id='word_1_630' title='bbox 331 2884 382 2914; x_wconf 85' lang='grc' dir='ltr'>τὸν</span> <span class='ocrx_word' id='word_1_631' title='bbox 396 2884 584 2925; x_wconf 70' lang='grc' dir='ltr'>καλούμενον</span> <span class='ocrx_word' id='word_1_632' title='bbox 599 2884 688 2924; x_wconf 71' lang='grc' dir='ltr'>φόρον</span> <span class='ocrx_word' id='word_1_633' title='bbox 702 2907 710 2922; x_wconf 95' lang='grc'>,</span> <span class='ocrx_word' id='word_1_634' title='bbox 726 2885 778 2915; x_wconf 89' lang='grc' dir='ltr'>καὶ</span> <span class='ocrx_word' id='word_1_635' title='bbox 794 2884 810 2914; x_wconf 89' lang='grc' dir='ltr'>ὁ</span> <span class='ocrx_word' id='word_1_636' title='bbox 823 2885 991 2923; x_wconf 79' lang='grc' dir='ltr'>πορφυροῦς</span> <span class='ocrx_word' id='word_1_637' title='bbox 1006 2882 1059 2912; x_wconf 86' lang='grc' dir='ltr'>καὶ</span> <span class='ocrx_word' id='word_1_638' title='bbox 1072 2881 1268 2922; x_wconf 73' lang='grc' dir='ltr'>περίόλεπτος</span> <span class='ocrx_word' id='word_1_639' title='bbox 1284 2880 1360 2910; x_wconf 89' lang='grc' dir='ltr'>κίων</span> <span class='ocrx_word' id='word_1_640' title='bbox 1375 2879 1419 2919; x_wconf 80' lang='grc' dir='ltr'>ἐφ’</span> <span class='ocrx_word' id='word_1_641' title='bbox 1434 2880 1527 2920; x_wconf 78' lang='grc' dir='ltr'>οὗπερ</span> <span class='ocrx_word' id='word_1_642' title='bbox 1543 2881 1661 2919; x_wconf 80' lang='grc' dir='ltr'>ἵδρυται</span> <span class='ocrx_word' id='word_1_643' title='bbox 1689 2881 1920 2915; x_wconf 85' lang='grc' dir='ltr'>Κωνσταντῖνος</span> <span class='ocrx_word' id='word_1_644' title='bbox 1931 2901 1940 2917; x_wconf 85' lang='grc'>,</span> <span class='ocrx_word' id='word_1_645' title='bbox 1963 2879 1998 2910; x_wconf 87' lang='grc' dir='ltr'>ὃν</span> <span class='ocrx_word' id='word_1_646' title='bbox 2022 2879 2140 2919; x_wconf 87' lang='grc' dir='ltr'>ὁρῶμεν</span> <span class='ocrx_word' id='word_1_647' title='bbox 2163 2880 2252 2918; x_wconf 86' lang='grc' dir='ltr'>δίκην</span> 
     </span>
     <span class='ocr_line' id='line_1_74' title="bbox 117 2926 2253 2970; baseline -0 -9"><span class='ocrx_word' id='word_1_648' title='bbox 117 2931 205 2969; x_wconf 81' lang='grc' dir='ltr'>ἡλίου</span> <span class='ocrx_word' id='word_1_649' title='bbox 219 2934 282 2966; x_wconf 86' lang='grc' dir='ltr'>τοῖς</span> <span class='ocrx_word' id='word_1_650' title='bbox 297 2930 436 2966; x_wconf 84' lang='grc' dir='ltr'>πολίταις</span> <span class='ocrx_word' id='word_1_651' title='bbox 450 2931 658 2970; x_wconf 83' lang='grc' dir='ltr'>ἐκλάμποντα.</span> <span class='ocrx_word' id='word_1_652' title='bbox 674 2932 774 2962; x_wconf 85' lang='grc' dir='ltr'>Τοῦτο</span> <span class='ocrx_word' id='word_1_653' title='bbox 788 2932 862 2970; x_wconf 80' lang='grc' dir='ltr'>γοῦν</span> <span class='ocrx_word' id='word_1_654' title='bbox 875 2929 910 2960; x_wconf 87' lang='grc' dir='ltr'>τὸ</span> <span class='ocrx_word' id='word_1_655' title='bbox 924 2929 1049 2969; x_wconf 79' lang='grc' dir='ltr'>ἄγαλμα</span> <span class='ocrx_word' id='word_1_656' title='bbox 1062 2928 1233 2959; x_wconf 82' lang='grc' dir='ltr'>κατέπεσεν</span> <span class='ocrx_word' id='word_1_657' title='bbox 1247 2927 1310 2958; x_wconf 79' lang='grc' dir='ltr'>ἀπὸ</span> <span class='ocrx_word' id='word_1_658' title='bbox 1323 2930 1379 2957; x_wconf 82' lang='grc' dir='ltr'>τοῦ</span> <span class='ocrx_word' id='word_1_659' title='bbox 1392 2926 1492 2962; x_wconf 87' lang='grc' dir='ltr'>κίονος</span> <span class='ocrx_word' id='word_1_660' title='bbox 1502 2951 1511 2965; x_wconf 88' lang='grc'>,</span> <span class='ocrx_word' id='word_1_661' title='bbox 1526 2928 1578 2958; x_wconf 87' lang='grc' dir='ltr'>καὶ</span> <span class='ocrx_word' id='word_1_662' title='bbox 1595 2927 1684 2967; x_wconf 78' lang='grc' dir='ltr'>φόνον</span> <span class='ocrx_word' id='word_1_663' title='bbox 1697 2930 1758 2956; x_wconf 86' lang='grc' dir='ltr'>τῶν</span> <span class='ocrx_word' id='word_1_664' title='bbox 1772 2926 1871 2957; x_wconf 84' lang='grc' dir='ltr'>ἐκεῖσε</span> <span class='ocrx_word' id='word_1_665' title='bbox 1884 2926 2062 2966; x_wconf 83' lang='grc' dir='ltr'>εὑρεθέντων</span> <span class='ocrx_word' id='word_1_666' title='bbox 2083 2927 2199 2966; x_wconf 83' lang='grc' dir='ltr'>ἀνδρῶν</span> <span class='ocrx_word' id='word_1_667' title='bbox 2221 2939 2253 2960; x_wconf 86' lang='grc' dir='ltr'>τε</span> 
     </span>
     <span class='ocr_line' id='line_1_75' title="bbox 117 2971 2252 3018; baseline -0.001 -10"><span class='ocrx_word' id='word_1_668' title='bbox 117 2979 171 3009; x_wconf 78' lang='grc' dir='ltr'>καὶ</span> <span class='ocrx_word' id='word_1_669' title='bbox 185 2980 339 3018; x_wconf 87' lang='grc' dir='ltr'>γυναικῶν</span> <span class='ocrx_word' id='word_1_670' title='bbox 354 2978 428 3008; x_wconf 81' lang='grc' dir='ltr'>ὡσεὶ</span> <span class='ocrx_word' id='word_1_671' title='bbox 443 2977 518 3008; x_wconf 80' lang='grc' dir='ltr'>δέκα</span> <span class='ocrx_word' id='word_1_672' title='bbox 532 2976 696 3017; x_wconf 85' lang='grc' dir='ltr'>εἰργάσατο</span> <span class='ocrx_word' id='word_1_673' title='bbox 708 2999 716 3014; x_wconf 94' lang='grc'>,</span> <span class='ocrx_word' id='word_1_674' title='bbox 731 2977 812 3007; x_wconf 80' lang='grc' dir='ltr'>κατὰ</span> <span class='ocrx_word' id='word_1_675' title='bbox 825 2977 882 3014; x_wconf 87' lang='grc' dir='ltr'>τήν</span> <span class='ocrx_word' id='word_1_676' title='bbox 895 2976 1036 3015; x_wconf 83' lang='grc' dir='ltr'>πέμπτην</span> <span class='ocrx_word' id='word_1_677' title='bbox 1051 2975 1165 3012; x_wconf 83' lang='grc' dir='ltr'>δηλαδὴ</span> <span class='ocrx_word' id='word_1_678' title='bbox 1179 2976 1234 3005; x_wconf 79' lang='grc' dir='ltr'>τοῦ</span> <span class='ocrx_word' id='word_1_679' title='bbox 1248 2973 1416 3014; x_wconf 84' lang='grc' dir='ltr'>Ἀπριλλίου</span> <span class='ocrx_word' id='word_1_680' title='bbox 1430 2974 1522 3013; x_wconf 86' lang='grc' dir='ltr'>μηνὸς</span> <span class='ocrx_word' id='word_1_681' title='bbox 1533 2997 1541 3011; x_wconf 88' lang='grc'>,</span> <span class='ocrx_word' id='word_1_682' title='bbox 1555 2977 1608 3011; x_wconf 81' lang='grc' dir='ltr'>τῆς</span> <span class='ocrx_word' id='word_1_683' title='bbox 1621 2971 1960 3013; x_wconf 81' lang='grc' dir='ltr'>τεσσαρεσκαιδεκάτης</span> <span class='ocrx_word' id='word_1_684' title='bbox 1977 2973 2164 3009; x_wconf 83' lang='grc' dir='ltr'>ἱνδικτιῶνος</span> <span class='ocrx_word' id='word_1_685' title='bbox 2174 2997 2183 3012; x_wconf 88' lang='grc'>,</span> <span class='ocrx_word' id='word_1_686' title='bbox 2198 2978 2252 3006; x_wconf 83' lang='grc' dir='ltr'>τοῦ</span> 
     </span>
     <span class='ocr_line' id='line_1_76' title="bbox 118 3018 2252 3064; baseline -0.001 -9"><span class='ocrx_word' id='word_1_687' title='bbox 118 3024 384 3064; x_wconf 83' lang='grc' dir='ltr'>ἑξακισχιλιοστοῦ</span> <span class='ocrx_word' id='word_1_688' title='bbox 397 3025 450 3054; x_wconf 84' lang='grc' dir='ltr'>καὶ</span> <span class='ocrx_word' id='word_1_689' title='bbox 464 3024 683 3059; x_wconf 79' lang='grc' dir='ltr'>ἑξακοσιοστοῦ</span> <span class='ocrx_word' id='word_1_690' title='bbox 706 3021 1045 3063; x_wconf 76' lang='grc' dir='ltr'>τεσσαρεσκαιδεκάτου</span> <span class='ocrx_word' id='word_1_691' title='bbox 1059 3022 1163 3061; x_wconf 76' lang='grc' dir='ltr'>ἔτους,</span> <span class='ocrx_word' id='word_1_692' title='bbox 1187 3021 1327 3052; x_wconf 79' lang='grc' dir='ltr'>εἰκοστὸν</span> <span class='ocrx_word' id='word_1_693' title='bbox 1350 3020 1415 3056; x_wconf 82' lang='grc' dir='ltr'>ἔτος</span> <span class='ocrx_word' id='word_1_694' title='bbox 1433 3021 1568 3061; x_wconf 79' lang='grc' dir='ltr'>ἀγούσης</span> <span class='ocrx_word' id='word_1_695' title='bbox 1591 3024 1644 3058; x_wconf 82' lang='grc' dir='ltr'>τῆς</span> <span class='ocrx_word' id='word_1_696' title='bbox 1669 3019 1824 3060; x_wconf 82' lang='grc' dir='ltr'>βασιλείας</span> <span class='ocrx_word' id='word_1_697' title='bbox 1846 3022 1902 3049; x_wconf 83' lang='grc' dir='ltr'>τοῦ</span> <span class='ocrx_word' id='word_1_698' title='bbox 1918 3018 2024 3059; x_wconf 88' lang='grc' dir='ltr'>κυρίου</span> <span class='ocrx_word' id='word_1_699' title='bbox 2047 3019 2174 3055; x_wconf 84' lang='grc' dir='ltr'>Ἀλεξίου</span> <span class='ocrx_word' id='word_1_700' title='bbox 2196 3025 2252 3052; x_wconf 85' lang='grc' dir='ltr'>τοῦ</span> 
     </span>
     <span class='ocr_line' id='line_1_77' title="bbox 119 3065 2251 3111; baseline -0.001 -10"><span class='ocrx_word' id='word_1_701' title='bbox 119 3072 294 3111; x_wconf 82' lang='grc' dir='ltr'>Κομνηνοῦ.</span> <span class='ocrx_word' id='word_1_702' title='bbox 309 3070 392 3110; x_wconf 83' lang='grc' dir='ltr'>’Ώρα</span> <span class='ocrx_word' id='word_1_703' title='bbox 409 3069 446 3107; x_wconf 77' lang='grc' dir='ltr'>ἦν</span> <span class='ocrx_word' id='word_1_704' title='bbox 466 3071 541 3100; x_wconf 87' lang='grc' dir='ltr'>ὡσεὶ</span> <span class='ocrx_word' id='word_1_705' title='bbox 560 3069 645 3109; x_wconf 88' lang='grc' dir='ltr'>τρίτη</span> <span class='ocrx_word' id='word_1_706' title='bbox 658 3093 666 3108; x_wconf 91' lang='grc'>,</span> <span class='ocrx_word' id='word_1_707' title='bbox 685 3070 736 3100; x_wconf 86' lang='grc' dir='ltr'>ὅτε</span> <span class='ocrx_word' id='word_1_708' title='bbox 751 3070 860 3109; x_wconf 82' lang='grc' dir='ltr'>γνόφος</span> <span class='ocrx_word' id='word_1_709' title='bbox 876 3069 994 3108; x_wconf 83' lang='grc' dir='ltr'>ἐγένετο</span> <span class='ocrx_word' id='word_1_710' title='bbox 1008 3069 1060 3099; x_wconf 85' lang='grc' dir='ltr'>καὶ</span> <span class='ocrx_word' id='word_1_711' title='bbox 1075 3068 1174 3109; x_wconf 85' lang='grc' dir='ltr'>βίαιος</span> <span class='ocrx_word' id='word_1_712' title='bbox 1186 3067 1272 3103; x_wconf 83' lang='grc' dir='ltr'>νότος</span> <span class='ocrx_word' id='word_1_713' title='bbox 1286 3066 1413 3098; x_wconf 80' lang='grc' dir='ltr'>ἔπνευσε</span> <span class='ocrx_word' id='word_1_714' title='bbox 1426 3067 1575 3107; x_wconf 85' lang='grc' dir='ltr'>σφοδρὸς,</span> <span class='ocrx_word' id='word_1_715' title='bbox 1591 3069 1645 3097; x_wconf 80' lang='grc' dir='ltr'>τοῦ</span> <span class='ocrx_word' id='word_1_716' title='bbox 1659 3066 1797 3106; x_wconf 87' lang='grc' dir='ltr'>κομήτου</span> <span class='ocrx_word' id='word_1_717' title='bbox 1814 3065 1942 3105; x_wconf 87' lang='grc' dir='ltr'>ἀστέρος</span> <span class='ocrx_word' id='word_1_718' title='bbox 1954 3068 2008 3096; x_wconf 88' lang='grc' dir='ltr'>τοῦ</span> <span class='ocrx_word' id='word_1_719' title='bbox 2023 3065 2167 3097; x_wconf 82' lang='grc' dir='ltr'>ἀκοντίου</span> <span class='ocrx_word' id='word_1_720' title='bbox 2181 3068 2251 3104; x_wconf 88' lang='grc' dir='ltr'>κλη-</span> 
     </span>
     <span class='ocr_line' id='line_1_78' title="bbox 118 3111 2250 3171; baseline -0.002 -24"><span class='ocrx_word' id='word_1_721' title='bbox 118 3118 219 3153; x_wconf 87' lang='grc' dir='ltr'>θεντος</span> <span class='ocrx_word' id='word_1_722' title='bbox 231 3117 284 3148; x_wconf 83' lang='grc' dir='ltr'>τὸν</span> <span class='ocrx_word' id='word_1_723' title='bbox 300 3127 438 3147; x_wconf 88' lang='grc' dir='ltr'>τοιουτον</span> <span class='ocrx_word' id='word_1_724' title='bbox 450 3119 506 3146; x_wconf 80' lang='grc' dir='ltr'>τοῦ</span> <span class='ocrx_word' id='word_1_725' title='bbox 521 3116 606 3156; x_wconf 87' lang='grc' dir='ltr'>ἀερος</span> <span class='ocrx_word' id='word_1_726' title='bbox 621 3116 755 3156; x_wconf 87' lang='grc' dir='ltr'>τάραχον</span> <span class='ocrx_word' id='word_1_727' title='bbox 772 3116 1032 3171; x_wconf 75' lang='grc' dir='ltr'>ἐξεργασαμένου,</span> <span class='ocrx_word' id='word_1_728' title='bbox 1046 3118 1101 3146; x_wconf 86' lang='grc' dir='ltr'>τοῦ</span> <span class='ocrx_word' id='word_1_729' title='bbox 1115 3115 1256 3155; x_wconf 84' lang='grc' dir='ltr'>φανέντος</span> <span class='ocrx_word' id='word_1_730' title='bbox 1270 3113 1350 3143; x_wconf 84' lang='grc' dir='ltr'>κατὰ</span> <span class='ocrx_word' id='word_1_731' title='bbox 1363 3113 1417 3149; x_wconf 77' lang='grc' dir='ltr'>τὴν</span> <span class='ocrx_word' id='word_1_732' title='bbox 1431 3113 1562 3153; x_wconf 83' lang='grc' dir='ltr'>ἑσπέραν</span> <span class='ocrx_word' id='word_1_733' title='bbox 1578 3116 1631 3150; x_wconf 89' lang='grc' dir='ltr'>τῆς</span> <span class='ocrx_word' id='word_1_734' title='bbox 1646 3114 1843 3166; x_wconf 82' lang='grc' dir='ltr'>παρασκευῆς</span> <span class='ocrx_word' id='word_1_735' title='bbox 1859 3114 1911 3148; x_wconf 85' lang='grc' dir='ltr'>τῆς</span> <span class='ocrx_word' id='word_1_736' title='bbox 1933 3112 2056 3152; x_wconf 83' lang='grc' dir='ltr'>πρώτης</span> <span class='ocrx_word' id='word_1_737' title='bbox 2071 3111 2250 3152; x_wconf 74' lang='grc' dir='ltr'>ἑὸδομάδος.</span> 
     </span>
     <span class='ocr_line' id='line_1_79' title="bbox 120 3156 2251 3201; baseline -0.001 -7"><span class='ocrx_word' id='word_1_738' title='bbox 120 3163 221 3199; x_wconf 80' lang='grc' dir='ltr'>Οὗτος</span> <span class='ocrx_word' id='word_1_739' title='bbox 234 3163 267 3194; x_wconf 81' lang='grc' dir='ltr'>δὲ</span> <span class='ocrx_word' id='word_1_740' title='bbox 282 3166 335 3199; x_wconf 90' lang='grc' dir='ltr'>τῆς</span> <span class='ocrx_word' id='word_1_741' title='bbox 349 3162 523 3201; x_wconf 88' lang='grc' dir='ltr'>συγκλήτου</span> <span class='ocrx_word' id='word_1_742' title='bbox 538 3163 648 3201; x_wconf 83' lang='grc' dir='ltr'>βουλῆς</span> <span class='ocrx_word' id='word_1_743' title='bbox 665 3161 809 3198; x_wconf 83' lang='grc' dir='ltr'>ἐποίησεν</span> <span class='ocrx_word' id='word_1_744' title='bbox 823 3162 926 3198; x_wconf 80' lang='grc' dir='ltr'>οἱκους</span> <span class='ocrx_word' id='word_1_745' title='bbox 937 3186 945 3201; x_wconf 95' lang='grc'>,</span> <span class='ocrx_word' id='word_1_746' title='bbox 960 3163 1012 3193; x_wconf 89' lang='grc' dir='ltr'>καὶ</span> <span class='ocrx_word' id='word_1_747' title='bbox 1030 3161 1159 3192; x_wconf 87' lang='grc' dir='ltr'>Σενάτον</span> <span class='ocrx_word' id='word_1_748' title='bbox 1171 3161 1223 3192; x_wconf 83' lang='grc' dir='ltr'>τὸν</span> <span class='ocrx_word' id='word_1_749' title='bbox 1236 3159 1330 3190; x_wconf 87' lang='grc' dir='ltr'>τόπον</span> <span class='ocrx_word' id='word_1_750' title='bbox 1344 3159 1523 3199; x_wconf 87' lang='grc' dir='ltr'>ὠνόμασεν,</span> <span class='ocrx_word' id='word_1_751' title='bbox 1539 3160 1570 3189; x_wconf 83' lang='grc' dir='ltr'>ὲν</span> <span class='ocrx_word' id='word_1_752' title='bbox 1584 3159 1628 3195; x_wconf 84' lang='grc' dir='ltr'>οἱς</span> <span class='ocrx_word' id='word_1_753' title='bbox 1648 3159 1700 3188; x_wconf 90' lang='grc' dir='ltr'>καὶ</span> <span class='ocrx_word' id='word_1_754' title='bbox 1720 3158 1754 3188; x_wconf 90' lang='grc' dir='ltr'>τὸ</span> <span class='ocrx_word' id='word_1_755' title='bbox 1773 3169 1828 3188; x_wconf 92' lang='grc' dir='ltr'>του</span> <span class='ocrx_word' id='word_1_756' title='bbox 1842 3156 2028 3189; x_wconf 81' lang='grc' dir='ltr'>Δωδωναίου</span> <span class='ocrx_word' id='word_1_757' title='bbox 2045 3158 2116 3196; x_wconf 79' lang='grc' dir='ltr'>ᾼιὸς</span> <span class='ocrx_word' id='word_1_758' title='bbox 2129 3158 2251 3191; x_wconf 84' lang='grc' dir='ltr'>ἵσταται</span> 
     </span>
     <span class='ocr_line' id='line_1_80' title="bbox 119 3195 2251 3250; baseline -0.001 -10"><span class='ocrx_word' id='word_1_759' title='bbox 119 3209 246 3250; x_wconf 84' lang='grc' dir='ltr'>ἄγαλμα</span> <span class='ocrx_word' id='word_1_760' title='bbox 258 3209 310 3239; x_wconf 86' lang='grc' dir='ltr'>καὶ</span> <span class='ocrx_word' id='word_1_761' title='bbox 324 3209 378 3239; x_wconf 85' lang='grc' dir='ltr'>δύο</span> <span class='ocrx_word' id='word_1_762' title='bbox 394 3212 446 3246; x_wconf 84' lang='grc' dir='ltr'>τῆς</span> <span class='ocrx_word' id='word_1_763' title='bbox 467 3208 646 3244; x_wconf 84' lang='grc' dir='ltr'>Παλλάδος</span> <span class='ocrx_word' id='word_1_764' title='bbox 640 3208 800 3248; x_wconf 84' lang='grc' dir='ltr'>ιδρυματα.</span> <span class='ocrx_word' id='word_1_765' title='bbox 825 3208 944 3239; x_wconf 86' lang='lat' dir='ltr'><strong>Deinde</strong></span> <span class='ocrx_word' id='word_1_766' title='bbox 966 3209 1216 3247; x_wconf 69' lang='lat' dir='ltr'><strong>aliasequuntur</strong></span> <span class='ocrx_word' id='word_1_767' title='bbox 1229 3208 1277 3238; x_wconf 81' lang='lat' dir='ltr'>sat</span> <span class='ocrx_word' id='word_1_768' title='bbox 1294 3206 1394 3236; x_wconf 77' lang='lat' dir='ltr'><strong>multa</strong></span> <span class='ocrx_word' id='word_1_769' title='bbox 1410 3206 1450 3237; x_wconf 89' lang='lat' dir='ltr'>de</span> <span class='ocrx_word' id='word_1_770' title='bbox 1473 3205 1614 3236; x_wconf 85' lang='lat' dir='ltr'><strong>aediliciis</strong></span> <span class='ocrx_word' id='word_1_771' title='bbox 1633 3214 1652 3236; x_wconf 87' lang='lat' dir='ltr'><strong>a</strong></span> <span class='ocrx_word' id='word_1_772' title='bbox 1665 3195 1873 3236; x_wconf 85' lang='lat' dir='ltr'><strong>C&#39;onstantiuo</strong></span> <span class='ocrx_word' id='word_1_773' title='bbox 1886 3205 2057 3236; x_wconf 78' lang='lat' dir='ltr'><strong>exstructis</strong></span> <span class='ocrx_word' id='word_1_774' title='bbox 2075 3207 2128 3244; x_wconf 90' lang='lat' dir='ltr'><strong>(p.</strong></span> <span class='ocrx_word' id='word_1_775' title='bbox 2155 3209 2208 3238; x_wconf 82' lang='grc'>16-</span> <span class='ocrx_word' id='word_1_776' title='bbox 2213 3209 2251 3238; x_wconf 78' lang='grc'>23</span> 
     </span>
     <span class='ocr_line' id='line_1_81' title="bbox 120 3251 2251 3305; baseline -0.002 -17"><span class='ocrx_word' id='word_1_777' title='bbox 120 3256 170 3288; x_wconf 89' lang='lat' dir='ltr'>ed.</span> <span class='ocrx_word' id='word_1_778' title='bbox 185 3255 315 3288; x_wconf 73' lang='lat' dir='ltr'><strong>bekker.</strong></span> <span class='ocrx_word' id='word_1_779' title='bbox 330 3255 360 3294; x_wconf 91' lang='lat'>)‚</span> <span class='ocrx_word' id='word_1_780' title='bbox 381 3263 518 3294; x_wconf 88' lang='lat' dir='ltr'><strong>quorum</strong></span> <span class='ocrx_word' id='word_1_781' title='bbox 533 3256 656 3294; x_wconf 85' lang='lat' dir='ltr'><strong>partem</strong></span> <span class='ocrx_word' id='word_1_782' title='bbox 673 3254 757 3285; x_wconf 84' lang='lat' dir='ltr'><strong>baud</strong></span> <span class='ocrx_word' id='word_1_783' title='bbox 774 3254 869 3285; x_wconf 91' lang='lat' dir='ltr'><strong>dubie</strong></span> <span class='ocrx_word' id='word_1_784' title='bbox 886 3255 982 3286; x_wconf 83' lang='lat' dir='ltr'><strong>etiam</strong></span> <span class='ocrx_word' id='word_1_785' title='bbox 1000 3255 1031 3285; x_wconf 89' lang='lat' dir='ltr'><strong>in</strong></span> <span class='ocrx_word' id='word_1_786' title='bbox 1049 3253 1195 3305; x_wconf 81' lang='lat' dir='ltr'><strong>tlesycliii</strong></span> <span class='ocrx_word' id='word_1_787' title='bbox 1217 3252 1384 3285; x_wconf 85' lang='lat' dir='ltr'><strong>Clnonicis</strong></span> <span class='ocrx_word' id='word_1_788' title='bbox 1396 3253 1498 3292; x_wconf 83' lang='lat' dir='ltr'><strong>legere</strong></span> <span class='ocrx_word' id='word_1_789' title='bbox 1514 3254 1600 3291; x_wconf 83' lang='lat' dir='ltr'><strong>erat;</strong></span> <span class='ocrx_word' id='word_1_790' title='bbox 1617 3261 1730 3284; x_wconf 80' lang='lat' dir='ltr'><strong>verum</strong></span> <span class='ocrx_word' id='word_1_791' title='bbox 1746 3251 1887 3284; x_wconf 88' lang='lat' dir='ltr'><strong>Codiuus</strong></span> <span class='ocrx_word' id='word_1_792' title='bbox 1902 3253 1957 3282; x_wconf 88' lang='lat' dir='ltr'>aut</span> <span class='ocrx_word' id='word_1_793' title='bbox 1971 3251 2165 3291; x_wconf 79' lang='lat' dir='ltr'><strong>Hesycliiana</strong></span> <span class='ocrx_word' id='word_1_794' title='bbox 2177 3262 2251 3284; x_wconf 90' lang='lat' dir='ltr'>cum</span> 
     </span>
     <span class='ocr_line' id='line_1_82' title="bbox 120 3297 1986 3339; baseline -0.002 -8"><span class='ocrx_word' id='word_1_795' title='bbox 120 3300 188 3332; x_wconf 73' lang='lat' dir='ltr'><strong>aliis</strong></span> <span class='ocrx_word' id='word_1_796' title='bbox 206 3298 375 3331; x_wconf 88' lang='lat' dir='ltr'><strong>serioribus</strong></span> <span class='ocrx_word' id='word_1_797' title='bbox 388 3299 516 3330; x_wconf 79' lang='lat' dir='ltr'><strong>miscuit</strong></span> <span class='ocrx_word' id='word_1_798' title='bbox 526 3323 534 3336; x_wconf 82' lang='lat'><em>,</em></span> <span class='ocrx_word' id='word_1_799' title='bbox 549 3300 606 3330; x_wconf 81' lang='lat' dir='ltr'>aut</span> <span class='ocrx_word' id='word_1_800' title='bbox 618 3299 725 3330; x_wconf 88' lang='lat' dir='ltr'><strong>omnia</strong></span> <span class='ocrx_word' id='word_1_801' title='bbox 737 3307 794 3330; x_wconf 81' lang='lat' dir='ltr'>sua</span> <span class='ocrx_word' id='word_1_802' title='bbox 807 3308 847 3330; x_wconf 86' lang='lat' dir='ltr'>ex</span> <span class='ocrx_word' id='word_1_803' title='bbox 861 3299 1015 3330; x_wconf 76' lang='lat' dir='ltr'><strong>inferioris</strong></span> <span class='ocrx_word' id='word_1_804' title='bbox 1028 3300 1088 3330; x_wconf 78' lang='lat' dir='ltr'><strong>aevi</strong></span> <span class='ocrx_word' id='word_1_805' title='bbox 1101 3299 1232 3329; x_wconf 85' lang='lat' dir='ltr'><strong>auctore</strong></span> <span class='ocrx_word' id='word_1_806' title='bbox 1245 3298 1367 3337; x_wconf 80' lang='lat' dir='ltr'><strong>hausit,</strong></span> <span class='ocrx_word' id='word_1_807' title='bbox 1385 3299 1439 3338; x_wconf 80' lang='lat' dir='ltr'>qui</span> <span class='ocrx_word' id='word_1_808' title='bbox 1454 3299 1558 3339; x_wconf 90' lang='lat' dir='ltr'><strong>ipsum</strong></span> <span class='ocrx_word' id='word_1_809' title='bbox 1574 3299 1768 3338; x_wconf 76' lang='lat' dir='ltr'><strong>tlesycliium</strong></span> <span class='ocrx_word' id='word_1_810' title='bbox 1785 3297 1986 3329; x_wconf 83' lang='lat' dir='ltr'><strong>adhibuerat.</strong></span> 
     </span>
    </p>

    <p class='ocr_par' dir='ltr' id='par_1_12' title="bbox 122 3345 2252 3480">
     <span class='ocr_line' id='line_1_83' title="bbox 163 3345 2252 3387; baseline -0.001 -8"><span class='ocrx_word' id='word_1_811' title='bbox 163 3349 220 3379; x_wconf 85' lang='lat' dir='ltr'>Fr.</span> <span class='ocrx_word' id='word_1_812' title='bbox 237 3352 265 3379; x_wconf 82' lang='lat'>5.</span> <span class='ocrx_word' id='word_1_813' title='bbox 283 3348 446 3386; x_wconf 79' lang='lat' dir='ltr'><strong>Leguntur</strong></span> <span class='ocrx_word' id='word_1_814' title='bbox 460 3346 530 3377; x_wconf 78' lang='lat' dir='ltr'><strong>lioec</strong></span> <span class='ocrx_word' id='word_1_815' title='bbox 546 3346 578 3377; x_wconf 90' lang='lat' dir='ltr'><strong>in</strong></span> <span class='ocrx_word' id='word_1_816' title='bbox 595 3347 714 3378; x_wconf 86' lang='lat' dir='ltr'><strong>Glossis</strong></span> <span class='ocrx_word' id='word_1_817' title='bbox 730 3347 900 3378; x_wconf 86' lang='lat' dir='ltr'><strong>verborum</strong></span> <span class='ocrx_word' id='word_1_818' title='bbox 918 3347 999 3387; x_wconf 76' lang='lat' dir='ltr'><strong>jin-is</strong></span> <span class='ocrx_word' id='word_1_819' title='bbox 1017 3346 1047 3377; x_wconf 91' lang='lat' dir='ltr'><strong>in</strong></span> <span class='ocrx_word' id='word_1_820' title='bbox 1067 3346 1192 3378; x_wconf 90' lang='lat' dir='ltr'><strong>Ottonis</strong></span> <span class='ocrx_word' id='word_1_821' title='bbox 1205 3346 1297 3378; x_wconf 84' lang='lat' dir='ltr'><strong>Thes.</strong></span> <span class='ocrx_word' id='word_1_822' title='bbox 1310 3346 1373 3386; x_wconf 89' lang='lat' dir='ltr'><strong>jur.</strong></span> <span class='ocrx_word' id='word_1_823' title='bbox 1390 3347 1468 3378; x_wconf 88' lang='lat' dir='ltr'><strong>tom.</strong></span> <span class='ocrx_word' id='word_1_824' title='bbox 1487 3348 1550 3382; x_wconf 88' lang='grc'>111,</span> <span class='ocrx_word' id='word_1_825' title='bbox 1568 3355 1598 3385; x_wconf 89' lang='lat' dir='ltr'><strong>p.</strong></span> <span class='ocrx_word' id='word_1_826' title='bbox 1619 3350 1714 3383; x_wconf 83' lang='grc'>1818,</span> <span class='ocrx_word' id='word_1_827' title='bbox 1732 3354 1761 3376; x_wconf 88' lang='lat' dir='ltr'>v.</span> <span class='ocrx_word' id='word_1_828' title='bbox 1778 3345 1940 3383; x_wconf 80' lang='grc' dir='ltr'>Φόλλις,</span> <span class='ocrx_word' id='word_1_829' title='bbox 1960 3345 2012 3376; x_wconf 89' lang='lat' dir='ltr'>ubi</span> <span class='ocrx_word' id='word_1_830' title='bbox 2028 3354 2132 3376; x_wconf 87' lang='lat' dir='ltr'><strong>sermo</strong></span> <span class='ocrx_word' id='word_1_831' title='bbox 2147 3347 2193 3377; x_wconf 87' lang='lat' dir='ltr'>est</span> <span class='ocrx_word' id='word_1_832' title='bbox 2211 3346 2252 3378; x_wconf 85' lang='lat' dir='ltr'>de</span> 
     </span>
     <span class='ocr_line' id='line_1_84' title="bbox 122 3391 2246 3434; baseline 0 -10"><span class='ocrx_word' id='word_1_833' title='bbox 122 3393 200 3427; x_wconf 83' lang='lat' dir='ltr'><strong>Folli</strong></span> <span class='ocrx_word' id='word_1_834' title='bbox 216 3393 333 3424; x_wconf 90' lang='lat' dir='ltr'><strong>tributo</strong></span> <span class='ocrx_word' id='word_1_835' title='bbox 346 3417 355 3432; x_wconf 90' lang='lat'>‚</span> <span class='ocrx_word' id='word_1_836' title='bbox 373 3392 458 3433; x_wconf 89' lang='lat' dir='ltr'><strong>quod</strong></span> <span class='ocrx_word' id='word_1_837' title='bbox 476 3402 494 3424; x_wconf 83' lang='lat' dir='ltr'><strong>a</strong></span> <span class='ocrx_word' id='word_1_838' title='bbox 513 3393 715 3424; x_wconf 79' lang='lat' dir='ltr'><strong>nobilissimis</strong></span> <span class='ocrx_word' id='word_1_839' title='bbox 732 3394 817 3432; x_wconf 80' lang='lat' dir='ltr'><strong>viris,</strong></span> <span class='ocrx_word' id='word_1_840' title='bbox 834 3394 889 3433; x_wconf 89' lang='lat' dir='ltr'>qui</span> <span class='ocrx_word' id='word_1_841' title='bbox 909 3393 946 3425; x_wconf 80' lang='lat' dir='ltr'>ud</span> <span class='ocrx_word' id='word_1_842' title='bbox 974 3395 1128 3434; x_wconf 56' lang='lat' dir='ltr'><strong>praeturas</strong></span> <span class='ocrx_word' id='word_1_843' title='bbox 1152 3393 1255 3424; x_wconf 84' lang='lat' dir='ltr'><strong>evecti</strong></span> <span class='ocrx_word' id='word_1_844' title='bbox 1274 3393 1376 3424; x_wconf 73' lang='lat' dir='ltr'><strong>essent</strong></span> <span class='ocrx_word' id='word_1_845' title='bbox 1389 3415 1397 3430; x_wconf 92' lang='lat'>‚</span> <span class='ocrx_word' id='word_1_846' title='bbox 1415 3392 1643 3424; x_wconf 86' lang='lat' dir='ltr'><strong>Constantinus</strong></span> <span class='ocrx_word' id='word_1_847' title='bbox 1662 3392 1744 3432; x_wconf 75' lang='lat' dir='ltr'><strong>exigi</strong></span> <span class='ocrx_word' id='word_1_848' title='bbox 1764 3391 1855 3431; x_wconf 79' lang='lat' dir='ltr'><strong>jussit</strong></span> <span class='ocrx_word' id='word_1_849' title='bbox 1879 3393 1927 3430; x_wconf 85' lang='grc' dir='ltr'>(ν.</span> <span class='ocrx_word' id='word_1_850' title='bbox 1956 3392 2070 3424; x_wconf 83' lang='lat' dir='ltr'><strong>Zosim.</strong></span> <span class='ocrx_word' id='word_1_851' title='bbox 2100 3393 2127 3422; x_wconf 92' lang='lat' dir='ltr'>ll</span> <span class='ocrx_word' id='word_1_852' title='bbox 2140 3415 2148 3430; x_wconf 95' lang='lat'><strong>‚</strong></span> <span class='ocrx_word' id='word_1_853' title='bbox 2175 3395 2246 3432; x_wconf 84' lang='grc'><strong><em>38).</em></strong></span> 
     </span>
     <span class='ocr_line' id='line_1_85' title="bbox 122 3439 897 3480; baseline -0.004 -6"><span class='ocrx_word' id='word_1_854' title='bbox 122 3439 241 3474; x_wconf 70' lang='lat' dir='ltr'><strong>Eadem</strong></span> <span class='ocrx_word' id='word_1_855' title='bbox 258 3439 362 3480; x_wconf 87' lang='lat' dir='ltr'><strong>paullo</strong></span> <span class='ocrx_word' id='word_1_856' title='bbox 378 3440 448 3480; x_wconf 80' lang='lat' dir='ltr'><strong>post</strong></span> <span class='ocrx_word' id='word_1_857' title='bbox 465 3442 756 3472; x_wconf 80' lang='lat' dir='ltr'><strong>commemorantur</strong></span> <span class='ocrx_word' id='word_1_858' title='bbox 772 3440 897 3471; x_wconf 85' lang='lat' dir='ltr'><strong>iterum.</strong></span> 
     </span>
    </p>
   </div>
   <div class='ocr_carea' id='block_1_11' title="bbox 2312 3101 2326 3724">
    <p class='ocr_par' dir='ltr' id='par_1_13' title="bbox 2312 3101 2326 3724">
     <span class='ocr_line' id='line_1_86' title="bbox 2312 3101 2326 3724; textangle 90"><span class='ocrx_word' id='word_1_859' title='bbox 2316 3653 2326 3724; x_wconf 44' lang='grc' dir='ltr'>-.ηιμ</span> <span class='ocrx_word' id='word_1_860' title='bbox 2318 3555 2326 3647; x_wconf 47' lang='lat' dir='ltr'><strong>..n-...mm</strong></span> <span class='ocrx_word' id='word_1_861' title='bbox 2317 3284 2326 3549; x_wconf 42' lang='lat' dir='ltr'>...amm-1*</span> <span class='ocrx_word' id='word_1_862' title='bbox 2312 3213 2326 3277; x_wconf 60' lang='lat' dir='ltr'>Au-</span> <span class='ocrx_word' id='word_1_863' title='bbox 2318 3156 2326 3205; x_wconf 72' lang='lat'><strong>...-</strong></span> <span class='ocrx_word' id='word_1_864' title='bbox 2320 3101 2326 3146; x_wconf 50' lang='grc' dir='ltr'>ν...-</span> 
     </span>
    </p>
   </div>
  </div>
 </body>
</html>
