2372 3704
904 249 961 288 IN
988 249 1261 289 VOLUMINE
1291 249 1358 288 111.

51 338 165 378 στειλε
197 340 268 388 leg.
292 335 488 384 ἐπέστειλε,
521 344 698 373 monente
724 337 920 375 Diibnero.
951 357 1003 364 —-
1031 337 1090 374 lb.

49 406 136 448 post
152 405 234 435 not.
273 395 309 436 5.
338 395 496 433 Piccolo
529 397 698 446 scripsit,
732 398 934 446 φανεῖσθαι,
954 395 1094 432 τοσοῦδε

49 456 215 506 ὀνόματος
231 455 290 493 καὶ
312 457 423 507 ἀρχῆς
445 454 528 506 [οὐ]
546 453 834 507 παραχωρήσων.

102 514 195 565 Pag.
219 514 398 561 438,lin.
424 514 461 552 6.
477 535 532 541 —
549 514 629 552 Τῶν
661 512 894 564 συμπάντων]
926 515 951 551 Ι.
972 514 1020 564 τῷ
1045 527 1095 559 σ.,

51 575 265 622 corrigente
285 573 483 609 Diibnero.
500 595 552 600 --
565 575 652 609 Not.
672 573 709 610 8.
731 589 746 605 «
766 575 871 610 Fort.
887 573 960 621 leg.
986 570 1094 623 φίλων

50 629 139 675 τινὲς
155 630 178 669 ἃ
193 631 253 669 καὶ
274 649 290 664 »
315 631 496 669 P1ccom.
517 634 669 668 -Not.
685 645 722 680 9.
742 648 757 663 «ι
778 633 882 668 Fort.
899 633 972 679 leg.
999 645 1007 667 ε
1027 630 1094 667 κά-

50 689 181 734 κείνους
210 689 428 743 [προάγειν]
452 692 498 733 εἷς
518 691 580 736 τὴν
601 689 687 742 ὑπὲρ
705 692 809 728 αὐτοῦ
841 689 1012 736 ε’πέΕοδον,
1036 688 1096 727 ἄλ-

53 749 124 792 λως
150 763 188 786 τε
204 748 264 786 καὶ
283 751 343 786 τοῦ
362 748 530 799 ὀνόματος
547 749 715 800 [οἰωνοῦ]
734 748 887 799 μεγάλου
906 747 1051 799 [ὄντος]
1080 764 1094 781 n

51 807 112 846 In.
132 809 222 844 Post
245 816 327 846 not.
361 821 421 847 10.
443 805 716 858 Συναγωνίζειν]
740 806 968 850 ἀνακαινίζειν
996 806 1096 853 conj.

52 867 221 906 Diibner‚
243 885 295 893 ——
316 867 397 903 Lin.
417 866 437 902 3
459 866 505 902 ab
531 866 605 902 ima
630 879 639 902 z
667 863 778 915 ὅπως]
800 865 901 902 ὁποῖα
921 865 1093 901 Diibner.

52 922 165 972 ὁπόσοι
181 923 351 961 Piccolo.
367 944 420 953 --
442 926 528 962 Lin.
550 925 620 965 ult.
640 922 718 961 οὔτε
740 922 925 975 πρότερον]
953 925 981 962 l.
1002 921 1098 960 οὔπω

52 996 115 1034 πρ.
132 996 219 1019 cum
234 984 376 1029 Diibn„
390 984 451 1019 vel
463 981 588 1020 οὔποτε
604 997 664 1033 πρ.
680 991 722 1018 ut
736 982 904 1020 Piccolo.

105 1040 197 1090 Pag.
210 1041 301 1091 439,
313 1042 380 1078 lin.
404 1047 443 1085 4.
453 1063 505 1068 -
517 1039 673 1083 Κάσσιός
683 1055 720 1078 τε
730 1039 813 1091 καὶ]
826 1042 910 1077 dele
925 1054 978 1089 τε,
991 1053 1095 1077 mon.

54 1100 152 1136 Picc.
164 1100 269 1136 —1
261 1113 311 1135 ln.
333 1099 370 1138 8.
392 1116 408 1132 κ
421 1098 516 1151 εἴρην
539 1096 612 1150 βίον
633 1091 726 1149 εἶχον
746 1101 838 1135 nihil
859 1106 946 1135 sunt
963 1099 1033 1134 nisi
1055 1098 1099 1134 εἷ-

56 1173 194 1209 ρηνικον
217 1161 341 1210 εἰχονε
366 1173 454 1196 nam
482 1162 522 1196 in
542 1161 699 1196 vetustis
723 1160 920 1195 codicibus
941 1160 975 1209 βι
1003 1165 1039 1194 et
1065 1172 1098 1194 ικ

54 1216 215 1265 figuram
227 1218 397 1254 habent
387 1219 525 1255 inversi
539 1231 590 1266 ια,
607 1219 658 1254 sic
680 1226 723 1254 ut
750 1220 788 1254 in
816 1219 935 1254 altero
952 1217 1098 1253 medius

56 1273 193 1310 ductus
219 1276 380 1311 emineat
394 1277 516 1312 altior.
541 1277 599 1311 De
628 1278 762 1312 ceteris
778 1277 888 1312 talem
906 1275 1097 1322 conjectu-

55 1344 137 1368 ram
157 1345 363 1381 propono:
378 1331 516 1370 ἐκείνου
530 1331 566 1370 δὲ
589 1331 816 1380 ηττηθέντος,
836 1331 1044 1382 γενόμενοιε
1032 1331 1098 1369 υπὸ

58 1387 225 1441 Καίσαρι,
241 1389 280 1427 τὸ
290 1389 351 1427 ἀπ’
366 1391 469 1428 αὐτοῦ
487 1390 658 1442 εἰρηνικὸν
679 1394 772 1442 εἰχον
793 1390 935 1438 ἀδεὲς,
951 1389 1099 1441 πράως

56 1446 130 1484 καὶ
153 1446 406 1498 φιλανθρώπως
421 1448 685 1499 προσαγομένου
707 1447 872 1486 ἕκαστον·
895 1463 934 1486 το
953 1448 982 1485 δ’
1002 1450 1036 1485 ἐν
1056 1451 1098 1500 τῇ

56 1505 191 1558 διανοίᾳ
208 1504 352 1544 δύσελπι
373 1507 486 1543 αὐτῶν
505 1507 713 1559 ἀφῃρεῖτο
735 1506 973 1556 ἀμνησίκακος
993 1503 1041 1542 ὢν
1060 1505 1099 1543 τὸ

57 1559 137 1611 ἦθος
153 1573 228 1604 etc.
241 1567 287 1602 In
300 1566 438 1614 quibus
452 1565 571 1617 πράως
590 1565 650 1603 καὶ
669 1574 757 1602 sunt
780 1567 939 1602 meliora
964 1578 1099 1614 exspe-

58 1626 212 1671 ctantis,
228 1625 294 1662 sed
312 1623 409 1667 ἀδεὲς
424 1638 496 1673 pro
523 1624 601 1670 οὐδὲ
620 1626 832 1674 repositum
850 1626 1022 1673 exemplo
1047 1626 1101 1659 ni-

57 1684 163 1730 titur,
181 1697 264 1732 cap.
292 1683 336 1720 31
350 1711 360 1730 ‚
376 1691 459 1721 not.
484 1696 506 1720 2
519 1712 529 1729 ,
544 1684 612 1719 ubi
629 1682 741 1725 οὐδεὲς
754 1683 876 1719 codex
888 1696 961 1732 pro
982 1681 1098 1729 ἀδεές,

59 1749 97 1778 et
113 1754 198 1791 cap.
223 1742 291 1788 30,
306 1749 389 1780 not.
414 1754 446 1787 1,
460 1742 527 1777 ubi
542 1742 631 1792 ὁρῶν
643 1755 716 1791 pro
736 1742 880 1792 ὁρῶντα.
905 1758 921 1774 »
946 1744 1099 1777 Dumm-

58 1813 143 1839 nus.
166 1802 221 1837 Ex
236 1802 294 1836 his
308 1800 511 1849 proficiens
528 1802 692 1837 P1ccono
709 1802 763 1836 ita
778 1801 925 1849 scripsit
943 1812 952 1838 τ
975 1798 1014 1836 τὸ
1040 1799 1100 1835 ἀπ’

59 1859 165 1896 αὐτοῦ
180 1858 349 1910 εἰρηνικὸν
368 1851 461 1910 εἶχον
477 1856 571 1901 ἀδεὲς
583 1873 591 1881 ·
612 1859 704 1909 [ὡς]
724 1858 832 1901 οὐδεὶς
848 1858 914 1910 γὰρ
933 1857 1035 1900 ἄλλος
1046 1871 1101 1908 φι-

58 1916 270 1969 λανθρώποις
298 1916 562 1967 προσαγόμενος
583 1914 728 1954 ἕκαστον
743 1947 753 1964 ,
780 1916 819 1954 τὸ
852 1918 886 1953 ἐν
906 1918 948 1968 τῇ
969 1915 1101 1967 διανοίᾳ

59 1974 203 2014 δύσελπι
221 1976 335 2012 αὐτῶν
353 1977 538 2027 ἀφῃρεῖτο,
555 1974 794 2024 ἀμνησίκακος
810 1971 858 2011 ὢν
877 1974 915 2011 τὸ
929 1969 1007 2021 ἦθος
1021 1975 1098 2012 κτλ.

60 2060 111 2064 -—
130 2036 216 2072 Lin.
255 2034 319 2071 33.
348 2031 513 2080 Ἀσμενοί
548 2047 586 2069 τε
619 2030 682 2083 ἂν]
712 2031 857 2082 ἄσμενοι
891 2031 1101 2069 κατένευσαν

57 2095 208 2142 scripsit
224 2091 393 2131 Piccolo.
427 2113 476 2120 —-
494 2094 567 2130 Lin
594 2093 614 2128 3
633 2092 680 2128 ab
701 2093 788 2127 ima.
807 2091 885 2127 ἀλλ’
918 2084 990 2141 ὧν]
1025 2090 1102 2126 ἀλλ’

60 2150 141 2188 οἴων
157 2152 305 2200 scripsit
326 2150 501 2188 Piccolo.
528 2152 646 2187 Linea
664 2163 743 2198 seq.
760 2163 830 2198 pro
851 2148 997 2200 ἤχθοντο
1013 2140 1115 2185 τὸ...Ι

61 2211 235 2248 σεσῶσθαι
248 2208 468 2255 πεποιηκότι,
486 2211 657 2247 Diibner.
673 2217 710 2245 et
726 2210 826 2246 Pice.
845 2207 992 2258 ἤχθοντο
1005 2208 1101 2259 τῷ...

62 2270 284 2307 σεσῶσθαι...
321 2267 565 2314 πεποιηκότος.
589 2269 825 2316 Quamquam
858 2268 947 2303 ferri
978 2274 1105 2316 potest

62 2327 168 2376 quod
183 2327 303 2363 codex
314 2328 467 2376 praebet.

114 2385 389 2434 Pag.440,1in.
427 2390 465 2428 4.
491 2407 541 2413 —
571 2402 585 2418 «
607 2387 666 2421 Ita
684 2386 895 2433 scripserim
926 2396 936 2422 z
963 2383 1021 2421 καὶ
1043 2382 1103 2432 μὲν

62 2443 104 2489 δὴ
130 2442 298 2481 κάκείνων
320 2443 520 2493 (nimirum
544 2444 612 2479 τῶν
640 2442 858 2494 κρατούντων
877 2442 921 2493 [i’]
943 2441 951 2492 )
973 2441 1017 2479 τὰ
1044 2441 1104 2488 ἔθη

64 2499 154 2539 αὐτὰ
179 2500 326 2553 διάφορα
353 2499 422 2546 ἤδη
450 2494 506 2546 ἦν,
527 2502 595 2537 τῶν
626 2515 662 2537 τε
687 2498 1012 2553 συστρατευομένων
1038 2501 1105 2537 πά-

63 2560 123 2597 λαι
139 2559 174 2597 ἐν
188 2560 333 2597 ἰδιωτῶν
348 2558 451 2610 μοίρᾳ
466 2560 533 2596 τῶν
550 2573 586 2596 τε
594 2557 775 2609 ἡγεμόνων
785 2558 843 2597 καὶ
861 2560 953 2607 (hoc
966 2560 1106 2595 deleve-

63 2618 157 2669 rim)
179 2619 217 2656 οὗ
240 2620 343 2668 τιμῆς
364 2617 667 2667 μεταποιουμένων
682 2617 722 2655 τὸ
741 2621 799 2654 νῦν
820 2616 879 2668 (τὸ
897 2616 958 2667 μὲν
976 2619 1065 2655 cod.
1079 2618 1105 2667 ),

63 2676 116 2714 ὅτι
133 2675 432 2727 συγκατετέτακτο
448 2677 495 2718 εἷς
512 2675 550 2712 τὸ
562 2677 705 2728 ἀρχαῖον
721 2675 969 2728 στρατιωτικὸν
986 2675 1025 2713 τὸ
1043 2690 1105 2713 πο-

64 2734 162 2787 λέμῳ
186 2735 290 2773 ἇλοῦν
312 2743 383 2774 etc.
419 2752 434 2768 ν
461 2738 678 2774 ΒῦΒΝΕιιυε.
715 2737 910 2772 Piccolous
935 2749 1024 2772 vero
1055 2737 1107 2771 ita

64 2797 193 2833 locum
213 2796 408 2846 constituit
426 2809 433 2830 :
457 2793 516 2831 καὶ
532 2793 594 2843 μὲν
606 2792 646 2839 δὴ
661 2794 805 2831 κάκεῖνα
823 2792 866 2830 τὰ
881 2792 977 2839 ἔθνη
996 2794 1107 2845 αὐτῷ

65 2852 213 2905 διάφορα
239 2852 306 2899 ἤδη
329 2846 387 2899 ἦν,
408 2854 476 2890 τῶν
511 2868 548 2890 τε
579 2851 907 2905 συστρατευομένων
933 2852 1044 2888 πάλαι
1073 2852 1106 2888 ἐν

66 2912 212 2949 ἰδιωτῶν
230 2910 336 2963 μοίρᾳ
353 2910 483 2962 [ὄντων
492 2911 520 2962 ],
537 2913 604 2948 τῶν
620 2909 654 2948 δὲ
678 2909 855 2961 ἡγεμόνων
875 2910 913 2947 οὐ
933 2913 1035 2959 τιμῆς
1052 2925 1108 2959 με-

66 2970 327 3019 ταποιουμένων
349 2969 388 3007 τὸ
408 2973 479 3017 νῦν,
496 2968 548 3007 ὅτι
579 2969 886 3019 συγκατατέτακτο
909 2969 984 3007 κτλ.
1006 2972 1106 3017 Quo-

67 3042 152 3067 rum
165 3030 259 3065 illud
279 3027 323 3065 τὰ
343 3027 421 3075 ἔθνη
438 3031 661 3078 perelegans
681 3029 919 3076 conjectura,
947 3030 1008 3064 cui
1028 3036 1108 3064 turn

68 3102 112 3125 ex
129 3090 210 3124 aliis
232 3088 483 3137 scriptoribus
506 3089 739 3137 patrocinari
761 3089 877 3136 possis
901 3088 955 3136 (v.
976 3088 1103 3136 Steph.

67 3161 104 3185 v.
123 3145 257 3196 ἔθνος),
276 3154 356 3182 tum
376 3148 488 3183 etiam
500 3148 583 3195 ipso
597 3148 773 3193 Nicola03
790 3159 878 3182 nam
904 3147 1033 3194 paullo
1050 3147 1105 3180 in-

68 3207 124 3245 fra
157 3206 288 3253 paucis
305 3206 629 3253 comprehendens
656 3213 790 3241 auctor
821 3206 949 3240 classes
971 3205 1048 3249 vel,
1068 3210 1110 3238 ut

70 3278 155 3301 cum
174 3265 355 3301 Cicerone
382 3265 510 3300 dicere
540 3265 643 3308 licet,
665 3268 835 3299 matrones
859 3276 1012 3307 eorum,
1044 3263 1109 3310 qui

69 3324 201 3361 Caesari
219 3323 488 3368 irascebantur,
511 3324 680 3358 similiter
703 3324 821 3358 utitur
847 3323 966 3357 verbo
991 3320 1108 3371 φῦλα;

73 3379 289 3419 Παντοδαπὰ
305 3373 363 3417 οῦν
381 3380 527 3426 συνέστη
546 3381 638 3432 φῦλα
654 3381 709 3417 ἐπ’
728 3378 829 3416 αὐτὸν
848 3381 926 3416 κτλ.
940 3381 1110 3415 Ceterum

72 3441 183 3481 ctiam
201 3440 272 3484 sic,
286 3452 362 3475 non
378 3441 523 3476 Nicolai
538 3467 547 3484 ,
573 3440 638 3475 scd
663 3440 894 3487 excerptoris
910 3439 1019 3474 verba
1042 3451 1110 3473 nos

2119 262 2196 296 667

1164 337 1304 373 habere
1325 344 1419 385 puto
1441 350 1448 372 t
1469 350 1555 373 nam
1585 339 1677 374 illud
1705 340 1848 376 κάκεῖνα
1878 342 1925 378 ad
1949 343 2200 395 praecedentia

1159 396 1287 431 referri
1306 408 1391 431 usus
1411 397 1620 431 communis
1635 399 1811 445 postulat.
1830 401 1998 436 Fortasse
2024 402 2200 437 Nicotaus

1158 455 1197 489 in
1216 455 1312 490 hanc
1329 454 1403 489 scre
1413 455 1632 490 sententiam
1647 457 1824 503 scripsit:
1844 456 1902 493 καὶ
1917 455 1978 506 μὲν
1995 456 2037 502 δὴ
2054 458 2199 495 κάκεῖνα

1157 511 1200 549 τὰ
1221 510 1299 558 ἔθνη
1333 511 1534 564 (δεινότατα
1566 511 1698 558 διετέθη
1719 516 1777 550 vel
1801 517 1927 562 potius
1948 515 2074 561 διετίθη
2091 515 2196 568 πρὸς)

1158 571 1273 608 αὐτόν·
1294 568 1440 623 διάφοροι
1460 570 1519 621 [δὲ
1529 568 1543 625 ]
1561 571 1628 617 ἤδη
1653 574 1693 617 ἠν
1715 572 1798 623 [και
1818 572 1886 623 τὰ]
1904 588 1970 610 των
1991 574 2069 613 κτλ.
2092 596 2140 603 -
2155 576 2201 610 In

1158 630 1401 677 sequentibus
1428 631 1547 666 nolim
1565 629 1770 680 suppleri*
1751 645 1879 676 οντων,
1905 644 2021 679 quum
2051 645 2129 667 non
2154 633 2201 668 de

1159 690 1411 725 exauctoratis
1427 690 1628 735 militibus,
1650 691 1714 726 sed
1740 691 1786 726 de
1805 691 2002 738 gregariiS,
2026 691 2091 737 qui
2114 691 2201 726 inde

1160 760 1180 783 a
1200 748 1312 796 longe
1339 755 1511 796 tempore
1527 748 1741 784 militabant
1767 747 2112 798 (συστρατευομένων
2132 748 2201 785 πά-

1159 804 1237 855 λαι)
1251 834 1261 851 ,
1282 818 1404 842 sermo
1434 818 1510 842 esse
1529 806 1716 843 videatur.
1744 807 1917 853 Denique
1934 803 1971 842 τὸ
1993 803 2055 853 μὲν
2073 808 2201 842 nescio

1159 877 1204 900 an
1223 877 1300 900 non
1317 865 1542 900 mutandum
1571 865 1619 900 sit
1635 866 1673 899 in
1687 863 1725 901 τὸ
1744 867 1802 900 νῦν
1818 877 1828 913 ;
1853 865 1971 900 facilis
1993 865 2092 900 enim
2109 878 2202 900 con-

1154 921 1300 968 jectura
1318 930 1371 959 est
1386 930 1474 971 post
1491 920 1530 958 τὸ
1552 919 1613 971 μὲν
1640 918 1692 958 δ’τι
1726 929 1796 958 etc.
1828 923 2008 958 excidisse
2040 923 2203 958 alterum

1160 982 1273 1017 colon
1301 995 1309 1017 :
1332 980 1371 1018 τὸ
1390 980 1426 1018 δὲ
1446 979 1498 1017 δ’τι
1517 989 1588 1019 etc.
1610 983 1699 1028 Quae
1729 988 1873 1018 servata
1899 989 2006 1028 sunt,
2035 989 2206 1029 spectant

1161 1040 1330 1086 querelas
1346 1041 1629 1089 gregariorum3
1646 1053 1728 1088 quae
1743 1041 1963 1076 exciderunt
1980 1040 2026 1075 de
2042 1040 2203 1076 ducibus

1160 1106 1280 1134 erant.
1314 1120 1364 1126 ——
1382 1099 1442 1137 lb.
1465 1106 1546 1136 not.
1586 1098 1647 1134 16.
1680 1097 1976 1148 ὖποτιμωμένων]
2005 1099 2057 1134 sic
2080 1099 2202 1136 Nicol.

1158 1169 1195 1204 p.
1209 1156 1298 1202 435,
1312 1170 1395 1206 cap.
1418 1170 1477 1204 17,
1492 1159 1558 1196 lin.
1576 1170 1614 1194 2.
1628 1154 1898 1204 ὖποτεινομένων
1915 1157 2083 1200 Piccolo,
2099 1156 2203 1204 quod

1159 1216 1316 1263 propius
1342 1228 1363 1252 a
1382 1216 1527 1251 traditis
1548 1216 1666 1253 abest.
1698 1238 1744 1243 —
1762 1215 1821 1251 Ib.
1852 1228 1936 1263 cap.
1956 1227 2024 1260 20,
2053 1222 2134 1252 not.
2166 1228 2199 1252 1.

1158 1271 1327 1324 [ἄλλαις]
1361 1273 1415 1310 ἐπ’
1437 1273 1579 1324 ἄλλαις]
1600 1276 1652 1310 sic
1680 1275 1859 1311 Nicolaus
1889 1275 2000 1310 etiam
2030 1287 2070 1322 p.
2105 1278 2201 1322 449,

1159 1333 1226 1372 lin.
1241 1333 1264 1368 6
1278 1334 1324 1369 ab
1342 1334 1434 1379 ima3
1451 1331 1658 1378 ἐπαλλήλοις
1673 1334 1862 1382 eleganter
1873 1333 1971 1379 conj.
1988 1333 2201 1369 Diihnerus.

1212 1390 1305 1440 Pag.
1330 1396 1401 1434 441
1417 1420 1427 1438 ,
1457 1393 1484 1429 l.
1509 1391 1546 1429 5.
1575 1390 1777 1441 -Τόσον]
1817 1393 1842 1426 l.
1872 1389 2000 1428 τοιόνδε
2029 1403 2074 1427 ex
2098 1390 2199 1437 conj.

1159 1449 1345 1486 Diibneri.
1359 1448 1574 1498 Καινοτόμον
1586 1449 1688 1496 conj.
1705 1451 1871 1487 Piccolo.
1884 1471 1935 1476 —
1945 1452 1991 1487 L.
2006 1449 2028 1485 8
2045 1447 2080 1485 δὲ
2091 1448 2205 1499 πάνυ]

1161 1505 1202 1551 δὴ
1232 1522 1271 1543 π.
1295 1509 1437 1544 mavult
1455 1509 1583 1545 Diibn.
1620 1508 1766 1544 Deinde
1796 1508 1983 1544 debebam
2002 1505 2086 1558 πρὸς
2121 1506 2205 1544 αὐτὸ

1161 1578 1247 1601 eum
1269 1567 1423 1602 Piccolo
1438 1567 1497 1602 vel
1512 1567 1626 1603 τοῦτο.
1653 1567 1698 1601 In
1724 1567 1788 1604 lat.
1805 1567 1877 1614 leg.
1894 1567 1937 1601 id
1954 1578 2043 1602 vero
2066 1567 2201 1602 Roma-

1161 1628 1264 1663 m'S...
1279 1634 1485 1672 suspectum
1505 1637 1582 1660 esse
1600 1625 1706 1662 solet.
1727 1646 1778 1651 —
1796 1625 1880 1660 Lin.
1909 1637 1971 1662 10.
2004 1623 2120 1662 ε’πελθ.
2145 1621 2203 1673 δὲ]

1162 1696 1210 1719 an
1242 1682 1313 1729 δὴῖ
1340 1685 1444 1723 Pice.
1474 1706 1525 1711 --—
1550 1685 1635 1721 Lin.
1669 1697 1728 1729 17.
1749 1682 1884 1733 οὐκέτι]
1908 1681 1985 1719 οὔτε
2010 1683 2137 1721 Diibn.
2169 1691 2206 1719 et

1162 1743 1264 1781 Pice.
1282 1733 1332 1770 ‘-
1349 1744 1434 1788 Lin.
1469 1755 1530 1779 20.
1553 1741 1709 1793 ἐρῶντα]
1731 1742 1817 1779 cod.
1843 1742 1931 1780 hab.
1950 1739 2112 1792 εὔροντα,
2128 1753 2205 1777 non

1163 1799 1318 1850 εὖρόντα.
1334 1821 1388 1829 -
1406 1802 1465 1838 lb.
1490 1802 1558 1838 lin.
1576 1801 1708 1836 ultima
1720 1829 1731 1847 ‚
1752 1801 2019 1849 parentheseos
2038 1801 2204 1848 signum,

1163 1860 1268 1907 quod
1287 1867 1341 1895 est
1357 1867 1443 1908 post
1461 1872 1536 1896 sec.
1568 1856 1809 1908 συναρχόντων
1841 1871 1942 1908 pone
1960 1865 2048 1907 post
2074 1858 2115 1895 ν.
2132 1856 2206 1902 ἐδη-

1165 1915 1323 1968 μηγόρει.
1343 1919 1493 1954 Monuit
1509 1918 1726 1954 Diibnerus.

1216 1975 1309 2024 Pag.
1345 1981 1440 2021 442,
1459 1977 1528 2013 lin.
1554 1989 1589 2013 1.
1620 1996 1670 2003 --
1691 1974 1860 2024 Τίθεται]
1888 1976 1915 2012 l.
1953 1972 2086 2019 τίθησι;
2125 1986 2206 2009 cor-

1163 2036 1260 2070 rexit
1279 2035 1454 2079 Piccolo;
1476 2034 1574 2069 idem
1596 2034 1806 2069 orationem
1823 2040 1949 2081 aperte
1974 2038 2205 2068 contractam

1166 2091 1319 2128 fortasse
1336 2093 1437 2128 hunc
1452 2093 1492 2128 in
1507 2091 1665 2127 modum
1677 2090 1931 2139 refingendam
1949 2086 2202 2127 esse'censet...

1166 2151 1312 2200 βοῶντος
1325 2149 1360 2187 δὲ
1381 2153 1441 2187 τοῦ
1459 2149 1570 2198 δήμου
1586 2147 1641 2186 ἐπὶ
1657 2147 1718 2194 τὴν
1736 2147 1889 2200 κεφαλὴν
1907 2146 2083 2185 τιθέναι.
2108 2145 2204 2197 [Καὶ

1165 2206 1206 2253 δὴ
1228 2207 1355 2245 ἐποίει·
1378 2206 1608 2260 Καίσαροςιδὲ
1641 2205 1934 2257 ἀγανακτοῦντος]
1964 2203 2024 2242 καὶ
2048 2203 2104 2241 ἐπὶ
2133 2206 2205 2240 τοῦ·

1164 2281 1221 2303 τον
1238 2266 1313 2304 κτλ.
1330 2268 1436 2303 Idem
1456 2267 1503 2303 de
1519 2268 1677 2302 sanitate
1695 2266 1901 2301 verborum
1919 2262 1976 2300 ἐπὶ
1997 2265 2116 2300 τοῦτον
2136 2263 2204 2299 du-

1164 2326 1260 2363 bius.
1276 2326 1423 2363 ——Lin.
1445 2326 1507 2362 32.
1530 2326 1633 2370 τῆς...
1658 2321 1836 2374 γλώττης]
1861 2324 1904 2373 τῇ
1926 2319 2064 2372 γλώττῃ
2093 2334 2207 2370 repo-

1165 2385 1238 2420 suit
1253 2385 1351 2420 Picc.

1219 2441 1312 2490 Pag.
1339 2443 1428 2487 443,
1455 2442 1521 2479 lin.
1549 2445 1586 2484 4.
1616 2462 1667 2468 --
1693 2438 1865 2485 Ῥωμαῖοι
1892 2437 2047 2490 ἄριστοι]
2067 2439 2093 2476 l.
2118 2436 2208 2474 Ῥω-

1168 2499 1280 2549 μαίων
1295 2498 1372 2551 ἅρ.,
1384 2513 1486 2536 mon.
1501 2500 1667 2536 Piccolo.
1680 2499 1825 2534 —Lin.
1841 2510 1902 2533 2ο.
1918 2494 2103 2545 Συνόντες]
2123 2510 2208 2545 συγ-

1166 2557 1300 2608 γνόντες
1320 2559 1422 2605 conj.
1440 2559 1607 2594 Piccolo.
1631 2557 1739 2592 Idem
1755 2557 1822 2594 lin.
1847 2560 1894 2598 24
1915 2568 1987 2603 pro
2007 2552 2208 2605 βουλόμενοι

1167 2619 1317 2666 supplet
1337 2614 1538 2668 πεφυκότες.
1567 2637 1619 2642 -
1638 2617 1722 2653 Lin.
1747 2614 1767 2649 5
1789 2615 1836 2650 ab
1857 2616 1932 2650 ima
1947 2641 1957 2659 ,
1990 2615 2071 2661 lege
2095 2610 2210 2656 ἐπιΟή·

1168 2690 1286 2713 σονται
1305 2675 1365 2713 καὶ
1385 2677 1469 2721 ὀποῦ
1483 2704 1492 2720 ,
1518 2682 1673 2710 auctore
1691 2674 1860 2709 Diibner.

1220 2735 1312 2785 Pag.
1328 2736 1498 2783 444,1“ιη.
1521 2748 1557 2780 7.
1572 2755 1625 2761 —
1637 2733 1760 2770 Verba
1773 2732 1810 2769 οὐ
1830 2730 1936 2782 γὰρ...
1949 2731 2054 2775 αὐτῆς
2071 2743 2208 2778 paren-

1171 2796 1314 2831 theseos
1353 2795 1466 2842 signis
1492 2793 1644 2828 include
1659 2820 1669 2839 ,
1707 2798 1897 2840 praeeunte
1921 2791 2113 2826 Piccoloo.
2155 2808 2206 2816 --

1170 2855 1249 2891 liin.
1271 2867 1334 2902 29.
1352 2851 1504 2900 μάλιστα
1526 2849 1655 2902 φίλοις]
1682 2856 1830 2898 praestat
1861 2863 1902 2897 μ,
1924 2846 2034 2899 φίλος,
2056 2855 2099 2883 ut
2133 2848 2208 2882 Pic-

1170 2913 1254 2947 colo
1279 2911 1442 2958 scripsit.

1223 2970 1312 3018 Pag.
1335 2967 1424 3014 445,
1444 2969 1468 3005 l.
1489 2966 1522 3003 5.
1540 2988 1590 2994 --
1609 2964 1707 3004 Πολὺ
1722 2963 1898 3014 μάλιστα]
1916 2962 1983 3010 ἤδη
1999 2978 2039 3012 μ.
2058 2963 2206 3006 Diibn.;

1170 3026 1271 3064 πάλιν
1290 3042 1328 3075 μ.
1345 3027 1509 3062 Piccolo.
1523 3027 1669 3061 -Lin.
1692 3038 1728 3071 7.
1746 3021 1951 3072 Ἐκέλευσε]
1967 3023 2036 3070 leg.
2049 3019 2207 3057 ἐπένευσε

1170 3098 1215 3121 ex
1230 3085 1329 3132 conj.
1347 3084 1531 3121 Piccoloi.
1543 3084 1689 3120 —Lin.
1714 3094 1773 3129 19.
1790 3079 1962 3129 Τύλλιος]
1984 3079 2206 3115 servandum

1175 3151 1228 3179 est
1242 3141 1399 3188 Τίλλιος,
1419 3149 1596 3178 monente
1618 3141 1784 3177 Piccolo.
1808 3140 1952 3175 —Lin.
1971 3138 2034 3175 23.
2055 3137 2206 3173 Piccolo

1170 3216 1305 3238 succu1
1307 3214 1388 3238 rere
1422 3203 1508 3237 loco
1542 3200 1667 3236 studet
1703 3197 2006 3246 interpungendo
2037 3197 2137 3231 hunc
2169 3195 2207 3228 in

1171 3262 1354 3298 modum:
1374 3259 1433 3297 καί
1448 3274 1480 3296 τι
1505 3257 1730 3309 θρασύτερον,
1748 3255 1830 3293 εἴσω
1849 3254 1908 3297 τὰς
1929 3259 2046 3304 χεῖρας
2073 3251 2207 3301 ἔχοντος

1172 3318 1280 3357 ἐδόκει
1299 3319 1394 3370 δρᾶν.
1418 3318 1552 3354 Idem'
1543 3331 1582 3352 ln
1599 3324 1689 3352 nota
1707 3316 1844 3352 addit:
1868 3330 1883 3345 «
1904 3314 2104 3349 Fortasse.
2125 3307 2206 3344 εἴσω

1172 3377 1231 3420 τὰς
1247 3382 1365 3429 γεῖρας
1397 3375 1480 3413 ἑλὼν
1503 3374 1698 3417 ἄκοντος.»
1720 3375 1848 3409 Malim
1877 3368 1935 3407 καί
1960 3384 1991 3405 τι
2023 3370 2074 3418 θρ.
2105 3365 2205 3402 αὐτὸν

1172 3435 1253 3473 εἴσω
1271 3451 1300 3471 τ.
1316 3449 1353 3486 χ.
1371 3433 1494 3486 ἔχοντα
1515 3433 1561 3469 εδ.
1585 3433 1683 3484 δρᾶν,
1704 3433 1759 3467 vel
1773 3433 1831 3467 τοῦ
1846 3428 1954 3466 εἴσω..
1961 3425 2120 3476 ,ἔχοντος
2134 3422 2205 3461 ἐδό-
