2326 3724
116 236 188 268 126

111 317 195 367 παρ’
227 316 333 353 αὐτοῦ
359 315 540 360 σταλέντες
572 315 754 368 πρέσὸεις,
778 315 894 367 ἔλεγον
913 317 966 356 ὅτι
991 316 1062 355 δέοι
1089 332 1151 355 τα-

113 373 202 424 χέως
218 373 297 426 περὶ
313 373 453 411 πάντων
471 374 708 426 αὐτοκράτορα
728 376 822 412 αὖτω
835 375 1049 427 πρεσὸευτῆν
1066 379 1153 413 ἄπο-

115 433 267 478 στεῖλαι,
296 435 342 475 ὡς
368 433 433 484 οὐχ
461 431 521 484 οἵῳ
552 448 604 492 τε*
615 434 745 479 πλῆθος
778 433 918 486 ἄπειρον
944 433 1067 486 ειργειν
1096 434 1154 472 ἐπὶ

113 489 256 527 πλείονα
275 489 396 543 χρόνον
418 493 479 536 τῆς
499 492 558 542 ἀφ’
578 494 625 528 ὧν
647 490 688 528 ἂν
709 490 867 529 δύναιντο
886 491 1031 542 βλάὸης.
1054 490 1100 530 ‘O
1118 490 1153 529 δὲ

113 547 340 595 Ἄδαμάντιον
372 548 428 585 τὸν
460 547 623 587 Βιὸιανοῦ
653 550 784 596 παῖδα,
803 548 984 601 πατρίκιόν
1013 564 1050 586 τε
1071 548 1153 586 ὄντα

115 605 174 643 καὶ
194 605 502 656 πολιαρχῆσαντα,
522 607 680 658 προσθεὶς
702 607 797 660 αὐτῷ
817 606 878 644 καὶ
904 605 1008 656 τιμὴν
1030 609 1154 643 ὑπατι-

115 663 194 710 κὴν,
215 662 347 715 ἔπεμψε
365 664 625 714 παραγγείλας,
647 664 764 716 χώραν
787 664 849 715 μὲν
870 665 964 716 αὐτῷ
985 665 1100 702 δοῦναι
1119 665 1154 701 ἐν

115 722 302 772 Παυταλίᾳ
315 751 324 766 ,
341 720 363 767 ἣ
379 724 438 767 τῆς
453 722 514 771 μὲν
531 721 723 773 Ἰλλυρικῆς
737 723 860 775 μοίρας
875 723 968 760 ἐστὶν
984 722 1152 773 ἐπαρχία,

71 819 76 823 ,
116 781 154 816 οὐ
172 778 259 816 πολὺ
277 779 312 816 δὲ
329 779 508 831 ἀπέχουσα
524 783 592 818 τῶν
610 780 775 819 εἷσὸολῶν
792 783 851 826 τῆς
867 779 1023 833 Θρᾴκης,
1042 779 1133 822 ὅπως
1144 808 1154 826 ,

116 835 183 873 εἴτε
199 835 408 888 Θευδέριχος
426 840 443 874 ὁ
459 837 626 889 Τριαρίου
641 837 813 890 ἐγχειροίη
831 853 865 875 τι
881 843 999 884 κινεῖν,
1014 837 1153 889 ἔφεδρον

116 892 190 944 ἔχοι
211 893 313 931 αὐτὸν
333 894 471 946 ἐγγύθεν
488 898 566 946 κατ’
587 896 716 933 ἐκείνου
729 925 739 945 ,
757 895 824 933 εἴτε
850 895 951 938 αὐτὸς
972 894 1153 946 ταράττειν

116 951 160 988 τὰ
177 952 385 1002 συγκείμενα
406 953 516 1000 θέλοι,
534 955 568 991 ἐν
590 953 686 1003 μέσῳ
704 953 806 990 αὐτὸν
825 953 914 1004 ἔχων
939 954 1005 989 τῶν
1025 967 1063 989 τε
1084 951 1154 990 Ἰλ-

115 1010 264 1061 λυρικῶν
278 1010 415 1048 καὶτῶν
430 1010 595 1062 Θρᾳκίων
611 1012 789 1060 δυνάμεων
805 1009 1033 1062 εὐκολώτερον
1049 1011 1153 1047 αὐτοῦ

116 1074 286 1120 περιεῖναι
306 1069 456 1108 δύναιτο.
483 1072 524 1109 Ei
545 1070 580 1108 δὲ
599 1073 733 1123 τροφῶν
758 1072 898 1122 ἀπορεῖν
919 1072 968 1121 τῷ
989 1068 1155 1119 στρατεύ-

117 1142 202 1176 ματι
221 1127 315 1178 λέγοι
331 1127 388 1165 τὸν
404 1127 560 1178 παρόντα
578 1129 747 1178 ἐνιαυτὸν,
767 1127 827 1165 ἅτε
849 1128 937 1177 μήτε
961 1129 994 1165 ἐν
1016 1127 1155 1179 σπόροις

117 1185 205 1233 μήτε
226 1189 359 1237 καρποῦ
381 1187 503 1223 ἐλπίδα
525 1186 613 1238 ἔχων
631 1189 665 1224 ἐν
683 1186 871 1238 Παυταλίᾳ
883 1217 892 1233 ,
911 1185 1018 1224 ἔδωκε
1036 1186 1155 1237 λίτρας

114 1242 258 1294 χρυσίου
303 1243 438 1281 ἀπιόντι
476 1244 672 1294 διακοσίας,
708 1244 748 1288 ἃς
787 1244 922 1282 ἐκέλευε
963 1244 1066 1281 δόντα
1105 1246 1154 1295 τῷ

117 1302 266 1354 ὑπάρχῳ
281 1305 330 1354 τῷ
352 1303 423 1340 ἐκεῖ
440 1306 583 1348 ποιῆσαι
598 1302 660 1349 τὴν
683 1303 840 1349 δαπάνην
858 1305 973 1345 αὐτοῖς
990 1304 1036 1345 εἷς
1057 1305 1154 1341 Παυ-

115 1361 238 1397 ταλίαν
259 1364 456 1411 χορηγῆσαι
486 1360 547 1407 τὴν
581 1364 814 1414 ἐπαρκοῦσαν.
838 1360 917 1400 ’Ἔτι
938 1361 973 1399 δὲ
993 1365 1051 1398 τοῦ
1072 1376 1156 1412 πρε-

116 1417 260 1456 σῧευτοῧ
279 1421 373 1463 ὄντος
404 1421 438 1456 ἐν
455 1420 653 1472 Βυζαντίῳ,
682 1422 893 1471 στρατιῶται
911 1419 1095 1462 συστάντες
1121 1421 1154 1456 ἐν

116 1477 359 1528 Θεσσαλονίκῃ
392 1477 448 1515 τὸν
483 1477 640 1529 ὕπαρχον
670 1477 833 1524 Ἰωάννην
859 1478 1024 1529 προϊόντα
1046 1478 1154 1529 φυλά-

118 1532 235 1577 ξαντες
257 1535 405 1587 ξιφήρεις
423 1535 604 1587 ὥρμησαν·
622 1535 681 1574 καὶ
705 1536 833 1589 ὡρίσθη
861 1535 959 1589 παρὰ
986 1538 1053 1573 τῶν
1076 1539 1155 1587 (τοῦ

116 1595 234 1632 Bekk.
253 1594 263 1643 )
279 1594 437 1639 Ζήνωνος
454 1594 700 1644 Ἀδαμάντιος,
715 1594 775 1632 καὶ
795 1598 905 1632 ταῦτα
925 1593 1151 1640 κατέστησεν.

118 1649 162 1689 Ὁ
182 1652 217 1688 δὲ
239 1651 455 1703 Βαλαμήρου
469 1682 479 1702 ,
497 1654 530 1689 ἐν
545 1647 572 1704 ᾧ
589 1652 632 1689 τὰ
651 1656 711 1698 τῆς
727 1652 987 1698 Θεσσαλονίκης
1002 1651 1155 1702 ἐγένετο,

117 1708 196 1759 περὶ
214 1708 425 1761 ἹΙράκλειαν
446 1710 578 1760 ἔμενεν,
602 1709 662 1747 καὶ
679 1710 736 1747 ἐπὶ
752 1709 815 1757 τὴν
834 1709 1003 1761 Ἤπειρον
1024 1709 1156 1757 πέμπει

118 1767 202 1818 πρὸς
222 1769 459 1818 Σιὸιμοῦνδον,
475 1770 513 1805 ἐκ
531 1767 592 1818 μὲν
610 1771 671 1814 τῆς
688 1770 794 1815 αὐτῆς
810 1770 919 1820 φυλῆς
935 1768 973 1806 τὸ
991 1767 1156 1806 ἀνέκαθεν

116 1824 221 1871 ὄντα,
253 1826 418 1863 δοκοῦντα
446 1825 482 1863 δὲ
502 1826 579 1864 τότε
600 1821 686 1864 εἶναι
708 1826 898 1876 Ῥωμαίοις
926 1826 1156 1873 ὑπόσπονδον,

116 1882 178 1920 καὶ
197 1883 231 1920 ἐν
259 1886 302 1935 τῇ
323 1885 399 1921 κατ’
423 1882 638 1932 Ἐπίδαμνον
669 1883 825 1936 Ἠπείρῳ
854 1883 972 1936 χώραν
992 1900 1030 1922 τε
1049 1883 1156 1934 νεμό-

117 1955 218 1989 μενον
236 1940 296 1978 καὶ
313 1939 500 1991 εὐδαίμονα
518 1942 657 1992 κλῆρον,
675 1941 735 1978 καὶ
757 1940 855 1992 παρὰ
874 1941 1042 1994 βασιλέως
1059 1941 1155 1993 δεχό·

116 2045 196 2077 rime
217 2046 283 2078 lieri
309 2049 430 2087 posset,
448 2048 587 2087 legatum
614 2049 740 2081 mittere
765 2048 878 2080 idonea
894 2048 1084 2080 auctoritate
1105 2048 1156 2079 in-

115 2100 284 2131 structum.
309 2102 373 2131 Nec
400 2100 483 2131 enim
505 2101 535 2131 in
553 2100 620 2140 ejus
637 2102 791 2141 potestate
804 2109 888 2139 esse,
906 2101 999 2140 longo
1014 2102 1158 2140 tempore

117 2151 238 2181 tantam
263 2150 400 2182 militum
427 2151 554 2182 tuibam
573 2160 592 2183 a
619 2152 744 2184 damnis
763 2161 819 2192 pro
836 2152 964 2184 libidine
990 2152 1160 2184 inserendis

116 2201 290 2232 continere.
309 2203 525 2238 Quamobrem
549 2203 722 2243 imperator
737 2204 824 2235 misit
838 2204 1062 2236 Adamantium
1074 2229 1082 2244 ,
1101 2204 1159 2236 Vi-

117 2252 199 2283 viani
211 2252 310 2283 filium
320 2277 328 2291 ,
343 2254 510 2292 patricium
522 2255 553 2285 et
565 2254 641 2286 olim
653 2255 722 2286 urbi
734 2256 918 2295 praesectum
933 2279 941 2294 ‚
955 2265 1050 2296 quem
1064 2256 1159 2287 etiam

117 2302 270 2341 dignitate
283 2304 440 2335 consulari
455 2305 563 2343 auxit,
572 2305 728 2345 jussitque
742 2307 899 2345 regionem
914 2307 945 2338 in
961 2308 1103 2338 Pautalia
1117 2307 1160 2338 illi

117 2355 273 2394 assignare
284 2378 293 2393 ,
308 2365 382 2395 quae
400 2357 533 2396 illyricae
552 2358 649 2398 partis
673 2360 720 2390 est
737 2359 897 2399 provincia
913 2368 976 2390 non
993 2360 1086 2398 longo
1110 2359 1160 2390 in·

118 2405 251 2437 tervallo
264 2406 383 2438 distans
398 2407 439 2438 ab
457 2408 594 2446 ingressu
614 2409 769 2441 Thraciae.
789 2410 882 2446 Quod
899 2419 937 2441 eo
963 2410 1096 2441 consilio
1114 2411 1159 2441 sa-

118 2457 238 2496 ciebat,
260 2459 307 2496 ut,
334 2458 361 2488 si
377 2467 439 2498 qua
453 2459 709 2498 'l'lueudericlius,
725 2461 836 2491 'triarii
854 2461 953 2499 lilius,
967 2470 1001 2492 se
1022 2470 1162 2492 commo-

118 2518 194 2540 vere
215 2510 409 2549 susciperet,
433 2511 522 2541 illum
538 2511 754 2543 adversarium
769 2513 843 2543 liuic
854 2513 1035 2553 oppositum
1048 2513 1160 2552 sciret,

118 2563 215 2600 atque
227 2561 323 2591 etiam
334 2586 343 2600 ,
357 2562 382 2592 si
396 2562 476 2593 alter
490 2565 581 2602 pacta
596 2564 714 2595 violare
726 2565 758 2595 et
780 2573 889 2604 paceni
906 2564 1035 2596 turbare
1052 2565 1161 2604 vellet,

118 2621 220 2652 quum
231 2613 312 2644 inter
319 2613 399 2644 duos
415 2614 585 2653 exercitus,
600 2615 762 2655 illyricum
771 2617 802 2647 et
816 2616 1007 2656 Thracium,
1021 2616 1161 2656 degeret,

119 2674 194 2696 eum
221 2666 344 2697 facilius
361 2666 540 2706 opprimere
558 2668 674 2707 posset.
702 2667 823 2705 Quodsi
849 2669 909 2699 lioc
931 2677 1016 2700 anno
1040 2669 1162 2700 exerci—

120 2720 190 2748 tum
203 2726 296 2748 suum
312 2718 416 2758 inopia
434 2719 577 2750 laborare
590 2719 830 2751 Theudericlius
845 2720 980 2760 diceret,
997 2723 1163 2760 propterea

121 2768 206 2809 quod
223 2769 348 2800 nullum
370 2778 476 2801 semen
492 2770 585 2802 terris
604 2771 790 2803 mandatum
813 2773 913 2811 esset,
942 2780 1045 2812 neque
1065 2772 1162 2803 ullam

121 2829 209 2861 spem
231 2821 506 2861 percipiendorum
525 2824 557 2854 in
576 2823 720 2855 Pautalia
739 2824 901 2855 fructuum
918 2823 1060 2862 liaberet,
1076 2823 1164 2856 dedit

122 2873 309 2905 ,adamantio
328 2874 538 2914 proficiscenti
550 2875 702 2907 ducentas
717 2876 786 2908 auri
805 2876 911 2915 libras,
928 2876 1106 2917 quasjussit
1118 2886 1161 2909 re·

122 2925 222 2965 gionis
235 2926 317 2958 illius
330 2927 480 2967 praesecto
497 2928 633 2968 tradere,
642 2931 679 2960 ut
692 2938 744 2960 eas
753 2929 792 2960 ad
807 2929 1030 2961 convellendos
1045 2929 1076 2960 in
1088 2932 1164 2961 Pau·

122 2978 232 3010 taliam
243 2981 441 3011 commeatus
451 3004 459 3018 ‚
471 2981 524 3020 qui
534 2981 594 3012 illis
606 2981 726 3013 alendis
739 2982 815 3013 satis
828 2983 943 3021 essent,
958 2982 1163 3027 impenderet.

124 3031 232 3066 Quum
241 3030 362 3069 legatus
368 3031 473 3062 adhuc
480 3034 560 3063 esset
569 3033 721 3072 Byzantii,
731 3033 858 3073 milites,
866 3034 920 3074 qui
929 3033 1164 3066 Thessalonicae

123 3081 155 3112 in
169 3081 321 3121 prfesidiis
337 3083 438 3120 erant,
456 3084 612 3114 Joannem
628 3085 813 3123 praesectum
823 3109 831 3124 ,
845 3094 909 3125 qua
927 3085 1046 3124 exiret,
1060 3085 1164 3116 obser·

122 3134 234 3163 vantes
249 3132 360 3172 gladiis
376 3133 510 3173 aggressi
528 3136 614 3165 sunt.
635 3135 716 3166 Huic
740 3137 868 3175 negotio
895 3135 991 3167 finem
1014 3135 1165 3176 imposuit

124 3183 332 3216 Adamantius
344 3193 384 3216 ex
409 3186 593 3226 praescripto
611 3186 745 3217 Zenonis
760 3189 791 3219 et
817 3187 886 3219 llaec
916 3187 1053 3227 pacavit.
1079 3190 1164 3219 Dum

125 3235 195 3266 haec
230 3235 460 3268 Thessalonicae
494 3237 696 3277 gerebantur,
729 3238 984 3276 Theuderichus,
1012 3239 1165 3270 Valamiri

126 3286 232 3326 silius,
249 3286 331 3318 circa
360 3288 545 3319 Heracleam
568 3290 793 3328 commoratus,
813 3289 846 3320 in
871 3290 1002 3329 Epirum
1026 3289 1065 3321 ad
1082 3290 1166 3321 Sidi-

126 3337 282 3369 mundum
299 3337 409 3369 mittit.
425 3341 466 3377 is,
484 3348 524 3371 ex
540 3339 652 3371 eodem
674 3349 787 3379 genere
813 3342 845 3372 et
860 3340 1035 3380 majoribus
1060 3342 1167 3381 ortus,

125 3390 203 3420 tnnc
218 3389 368 3428 temporis
382 3389 570 3422 credebatur
585 3392 797 3423 Romanorum
812 3392 932 3423 amicus
945 3400 1022 3424 esse.
1042 3393 1164 3424 Etenim

820 229 1014 270 MALcflt
1044 230 1518 271 PHILADELPHENSIS

1214 332 1314 367 μενον
1336 317 1523 362 συντάξεις.
1547 316 1699 371 Ἀνεψιὸς
1718 317 1753 356 δὲ
1770 312 1812 365 ἦν
1831 312 1927 363 οὗτος
1944 316 2130 372 Αἶδοΐγγου
2143 349 2153 368 ,
2174 323 2246 370 Βη·

1215 375 1308 427 ρίνης
1340 391 1378 413 τε
1416 375 1570 426 μάλιστα
1604 375 1699 419 ὄντος
1731 376 1941 415 οἰκειοτάτου
1977 377 2037 415 καὶ
2077 378 2140 425 τὴν
2178 381 2246 418 τῶν

1213 433 1406 483 λεγομένων
1425 433 1674 484 δομεστίκων’
1656 434 1811 486 αρχὴν
1788 449 1953 486 αρχοντος
1965 465 1976 486 ,
1996 436 2153 486 μεγάλην
2169 436 2248 475 τινὰ

1215 506 1319 528 ουσαν
1353 493 1422 528 τῶν
1457 491 1538 543 περὶ
1563 492 1721 543 βασιλέα.
1749 493 1841 544 Πρὸς
1865 496 1984 531 τοῦτον
2003 496 2061 532 οὖν
2090 494 2248 546 ἔπεμπε,

1214 552 1273 594 τῆς
1292 564 1328 586 τε
1357 551 1510 593 παλαιᾶς
1528 550 1630 588 αὐτὸν
1655 551 1852 601 συγγενείας
1870 551 2160 602 ἀναμιμνήσκων,
2189 553 2250 592 καὶ

1215 606 1316 650 ἀξιῶν
1347 606 1492 659 ἐξευρεῖν
1521 607 1580 646 καὶ
1612 607 1812 660 συμπρᾶξαι
1840 609 1981 661 τρόπον,
2009 610 2052 648 δι’
2073 606 2112 649 οῧ
2131 614 2194 659 τῆς
2211 626 2250 650 τε

1215 663 1434 714 Ἐπιδάμνου
1451 665 1511 702 καὶ
1524 668 1586 711 τῆς
1602 666 1709 712 ἄλλης
1721 666 1888 718 Ἠπείρου
1903 668 2059 716 δυνηθείη
2073 670 2252 721 κρατήσας

1215 725 1337 767 στῆναι
1369 725 1430 768 τῆς
1457 725 1587 770 πολλῆς
1615 724 1770 770 πλάνης,
1807 724 1867 762 καὶ
1897 725 2037 778 ἱδρύσας
2068 726 2190 765 ἑαυτὸν
2214 729 2249 766 ἐν

1216 779 1315 817 πόλει
1341 779 1402 817 καὶ
1430 780 1580 831 τείχεσιν
1607 782 1761 819 ἐντεῦθεν
1781 783 1827 825 ὣς
1857 781 1899 819 ἂν
1927 783 2010 835 διδῷ
2029 783 2191 836 δέχεσθαι
2211 783 2252 824 τὸ

1216 836 1422 887 συμὸαἴνον.
1447 839 1673 889 Σιδιμοῧνδος
1693 838 1728 877 δὲ
1747 843 1857 877 ταῦτα
1879 843 1962 892 παρ’
1982 842 2086 879 αὖτοῦ
2104 841 2252 893 δεξάμε-

1215 910 1291 942 νος,
1316 911 1375 933 και
1406 896 1579 949 βάρὸαρος
1610 897 1776 950 βαρὸάρῳ
1809 901 1977 936 συνοικεῖν
2007 899 2030 946 ἢ
2061 899 2252 950 Ῥωμαίοις

1215 953 1436 1004 ἡγησάμενος
1465 960 1632 1006 κρεῖττον,
1653 955 1760 994 ἐλθὼν
1781 957 1826 1000 εἷς
1854 956 2068 1008 Ἐπίδαμνον
2097 974 2158 996 και
2181 959 2252 997 ἰδία

1218 1010 1344 1061 μετιὼν
1372 1014 1443 1049 τῶν
1466 1013 1614 1050 πολιτων
1647 1012 1792 1051 ἕκαστον
1819 1015 1866 1057 ὡς
1894 1015 1993 1061 δῆθεν
2018 1018 2096 1054 κατ’
2116 1015 2251 1055 εὔνοιαν

1217 1068 1459 1107 συνεόούλευεν
1476 1071 1611 1120 αὐτοῖς,
1629 1070 1652 1108 ἅ
1668 1086 1704 1109 τε
1724 1070 1867 1114 ἕκαστος
1883 1071 1978 1123 ἔχει,
1997 1076 2152 1112 θᾶττονε
2139 1089 2252 1112 υπεκ-

1215 1127 1390 1174 τίθεσθαι,
1407 1127 1466 1165 καὶ
1483 1128 1604 1172 αὐτοὺς
1621 1127 1643 1174 ἢ
1661 1130 1708 1172 εἷς
1723 1129 1847 1176 νήσους
1859 1129 1882 1175 ἢ
1896 1130 1994 1168 πόλιν
2008 1146 2068 1170 ποι
2081 1131 2252 1176 σώζεσθαι

1216 1185 1339 1236 λέγων,
1363 1188 1408 1229 ὡς
1430 1185 1604 1238 βάρὸαρος
1627 1186 1684 1224 ἐπι
1702 1186 1830 1234 ταύτην
1847 1203 2028 1239 ωρμηται,
2053 1188 2113 1227 καὶ
2131 1187 2184 1227 ὅτι
2201 1191 2253 1228 τῶ

1219 1245 1356 1295 βασιλεῖ
1382 1249 1492 1282 ταῦτα
1513 1244 1712 1282 δοκουντά’
1697 1261 1790 1291 εστι,
1807 1245 1901 1283 καὶ*
1883 1262 1930 1290 ως
1949 1245 2175 1297 Ἀδαμάντιος
2194 1229 2252 1286 ἐπ’ὶ.

1216 1305 1326 1339 ταῦτα
1357 1301 1548 1354 πεμφθείη·
1574 1308 1727 1354 κρεῖττον
1758 1297 1815 1341 οῧν
1844 1308 1931 1342 εἶναι
1963 1305 2096 1354 αὐτοῖς,
2121 1306 2183 1349 ἕως
2203 1305 2252 1344 ἔτι

1218 1359 1376 1407 ἄπεστιν,
1394 1360 1484 1397 κατὰ
1500 1360 1643 1398 πλείονα
1661 1361 1790 1412 σχολην
1809 1361 1852 1398 τὰ
1872 1364 1950 1400 κατ’
1972 1362 2094 1407 αὐτους
2119 1363 2253 1410 διοική-

1219 1422 1360 1458 σασθαι.
1383 1422 1508 1458 Ἰαῧτα
1535 1419 1595 1457 καὶ
1626 1423 1695 1462 τοῖς
1714 1421 1943 1472 στρατιώταις
1973 1422 2094 1474 [Λέγων
2121 1425 2252 1470 Nieb.]

1217 1479 1288 1519 τοῖς
1305 1479 1377 1514 ἐκεῖ
1392 1477 1635 1529 φυλάττουσιν,
1654 1481 1748 1516 οὐσιν
1765 1482 1811 1522 ὡς
1827 1480 2025 1531 δισχιλίοις,
2043 1479 2075 1519 οἳ
2091 1480 2150 1518 καὶ
2168 1481 2255 1531 ἀμύ-

1216 1538 1340 1572 νασθαι
1369 1535 1510 1573 ἐπιόντα
1534 1537 1618 1586 πρός
1648 1552 1687 1587 γε
1715 1537 1754 1574 τὸ
1779 1541 1999 1589 παραχρῆμα
2020 1539 2146 1591 ῥαδίως
2165 1538 2254 1586 ἠδύ-

1218 1608 1338 1640 ναντο,
1355 1592 1490 1631 ἔπεισεν
1511 1597 1597 1644 ὁμοῦ
1620 1595 1752 1638 πάντας
1772 1598 1925 1634 ἐκλιπεῖν
1943 1596 2174 1647 Ἐπίδαμνον,
2194 1597 2254 1635 καὶ

1217 1650 1328 1701 λέγων
1347 1651 1407 1690 καὶ
1425 1653 1620 1705 ταράττων,
1637 1653 1695 1691 καὶ
1710 1653 1829 1705 φήμην
1844 1654 1896 1691 ἀεὶ
1909 1655 2030 1701 καινὴν
2044 1655 2256 1708 πειρώμενος

1217 1708 1415 1758 ἐμδάλλειν,
1452 1710 1511 1747 καὶ
1551 1709 1603 1748 ὅτι
1643 1713 1780 1763 βασιλεῖ
1820 1712 2076 1764 ἀπεχθήσονται
2121 1714 2255 1763 μᾶλλον

1219 1770 1421 1813 ἀντιστῆναι
1442 1768 1611 1816 θέλοντες,
1629 1769 1688 1807 καὶ
1707 1769 1792 1822 πρὸς
1815 1769 1873 1807 τὸν
1894 1769 2110 1821 Βαλαμήρου
2134 1770 2256 1814 εὐθέως

1218 1825 1437 1873 ἐπέστελλεν,
1459 1829 1505 1870 ὡς
1523 1827 1629 1878 τάχος
1648 1827 1860 1880 ἐπείγεσθαι.
1883 1827 1928 1867 ‘O
1949 1828 1985 1866 δὲ
2014 1829 2055 1866 τὸ
2081 1832 2140 1866 τοῦ
2159 1829 2256 1868 Σιδι-

1220 1883 1364 1934 μούνδου
1380 1883 1525 1935 ἐπέμενε
1542 1885 1687 1935 δήλωμα
1699 1915 1709 1935 ,
1722 1886 1781 1923 καὶ
1797 1886 1859 1931 τὴν
1877 1888 1980 1923 αὑτοῦ
1995 1885 2146 1938 ἀδελφὴν
2163 1886 2254 1938 νόσῳ

1219 1942 1469 1993 κατεχομένην,
1494 1941 1528 1986 ἐξ
1553 1938 1592 1989 ἧς
1618 1943 1834 1990 ἐτελεύτησε.
1857 1942 2020 1995 Φανερὰν
2051 1942 2167 1993 μέντοι
2193 1945 2257 1989 τῆς

1216 2050 1375 2090 regionem
1391 2051 1474 2082 circa
1486 2051 1698 2091 Epidamnum
1712 2051 1881 2091 incolebat,
1892 2059 1964 2091 quae
1974 2050 2019 2082 illi
2031 2059 2072 2082 ex
2084 2049 2257 2082 hereditate

1215 2102 1366 2141 opulenta
1381 2102 1574 2142 obvenerat,
1592 2103 1624 2134 et
1639 2103 1699 2134 sub
1714 2102 1907 2142 imperatore
1922 2101 2078 2141 stipendia
2101 2100 2254 2133 merebat.

1217 2154 1294 2184 Erat
1320 2154 1371 2184 liic
1397 2153 1542 2193 AEdoingi
1565 2153 1732 2194 patruelis,
1749 2153 1805 2194 qui
1821 2153 1914 2184 valde
1932 2153 2126 2184 familiariter
2139 2151 2258 2184 verina

1217 2204 1380 2243 utebatur,
1393 2206 1425 2236 et
1437 2213 1492 2236 eos
1503 2229 1512 2244 ‚
1539 2205 1593 2245 qui
1606 2205 1771 2236 domestici
1783 2206 1950 2242 vocantur,
1965 2204 2104 2244 regebat,
2122 2212 2194 2244 quae
2209 2203 2257 2234 di-

1217 2256 1319 2295 gnitas
1332 2265 1478 2295 magnam
1492 2256 1589 2288 habet
1604 2256 1636 2287 in
1658 2255 1739 2295 regia
1755 2255 1989 2287 auctoritatem.
2005 2254 2052 2286 Ad
2065 2255 2150 2286 liunc
2165 2254 2259 2294 igitur

1217 2308 1320 2348 misit,
1345 2308 1508 2348 antiquam
1538 2309 1757 2349 cognationem
1781 2308 1814 2339 in
1832 2307 2019 2339 memoriam
2047 2315 2199 2338 revocans
2225 2307 2258 2338 et

1217 2370 1329 2398 orans,
1355 2363 1393 2392 ut
1411 2361 1495 2391 viam
1522 2361 1673 2401 reperiret
1702 2363 1734 2392 et
1755 2361 1914 2399 efficeret,
1936 2368 2000 2400 qua
2025 2359 2199 2399 Epidamno
2225 2360 2258 2390 et

1218 2412 1348 2452 reliquae
1365 2413 1451 2453 Epiri
1466 2413 1630 2444 dominatu
1645 2413 1812 2453 potiretur,
1827 2412 1881 2443 ubi
1897 2413 1968 2452 post
1986 2413 2035 2443 tot
2047 2419 2168 2443 errores
2180 2419 2257 2442 con·

1217 2462 1327 2494 sistere
1338 2466 1460 2503 posset,
1477 2466 1509 2495 et
1521 2464 1587 2495 suis
1599 2464 1694 2495 rebus
1705 2463 1784 2495 urbe
1793 2464 1825 2494 et
1838 2462 1997 2494 moenibus
2009 2462 2152 2501 firmatis,
2166 2470 2258 2494 casus

1219 2523 1299 2553 quos
1313 2515 1438 2546 fortuna
1453 2515 1560 2554 daret,
1573 2516 1779 2554 exspectaret.
1797 2516 1837 2546 Ut
1850 2513 2056 2546 Sidimundus
2069 2513 2138 2544 liaeo
2153 2513 2194 2544 ab
2205 2513 2258 2544 illo

1218 2566 1352 2604 accepit,
1378 2566 1532 2597 barbarus
1551 2575 1624 2597 cnm
1642 2565 1778 2597 barbaro
1793 2564 1959 2604 conjungi,
1973 2573 2070 2605 quam
2095 2573 2170 2596 cum
2195 2566 2258 2596 Ro·

1219 2618 1332 2657 manis,
1350 2619 1447 2649 satius
1457 2627 1525 2650 esse
1540 2618 1645 2650 duxit.
1667 2621 1778 2659 ltaque
1794 2618 2004 2658 Epidamnum
2020 2617 2126 2655 venit,
2145 2618 2178 2649 et
2192 2616 2258 2657 pri-

1219 2669 1318 2700 vatim
1333 2678 1593 2709 unumquemque
1606 2670 1724 2701 civium
1737 2669 1936 2706 circumiens,
1952 2670 2105 2709 tanquam
2118 2668 2259 2708 ipsorum

1220 2720 1313 2751 saluti
1329 2720 1509 2760 providens,
1527 2720 1693 2751 consilium
1710 2720 1815 2759 dedit,
1834 2722 1873 2751 ut
1893 2719 2020 2759 omnia,
2038 2728 2112 2760 quae
2124 2719 2260 2759 quisque

1221 2771 1372 2810 liaberet,
1390 2773 1589 2810 exportaret,
1605 2772 1637 2802 et
1655 2779 1688 2802 se
1704 2779 1824 2810 suaque
1839 2772 1947 2802 omnia
1959 2771 1991 2801 in
2010 2770 2140 2809 insulas,
2156 2771 2212 2800 aut
2226 2769 2260 2801 in

1219 2823 1359 2863 aliquam
1381 2824 1477 2855 aliam
1508 2823 1621 2854 urbem
1649 2823 1807 2854 conferret
1833 2835 1841 2854 ε
1866 2822 2036 2854 barbarum
2059 2821 2144 2854 enim
2163 2829 2259 2862 quam

1221 2877 1359 2916 primum
1385 2876 1596 2916 Epidamnum
1624 2875 1837 2906 invasurum:
1863 2875 1908 2906 sic
1932 2875 2017 2906 enim
2037 2875 2259 2914 imperatorem

1220 2928 1414 2966 decrevisse,
1443 2927 1497 2967 qui
1517 2926 1556 2958 ad
1586 2935 1655 2958 eam
1686 2935 1753 2957 rem
1771 2925 2006 2965 exsequendam
2033 2925 2258 2957 Adamantium

1221 2979 1352 3011 miserit.
1397 2980 1509 3018 ltaque
1523 2978 1636 3009 melius
1648 2986 1715 3008 esse
1725 2985 1780 3017 per
1791 2976 1893 3008 otium
1903 3000 1912 3016 ,
1927 2975 2004 3007 (lum
2017 2975 2159 3007 nondum
2171 2975 2259 3007 ades-

1211 3027 1286 3070 'set,
1301 3030 1396 3062 rebus
1409 3030 1473 3061 suis
1488 3028 1678 3069 prospicere.
1693 3028 1793 3060 Erant
1804 3035 1932 3067 quoque
1945 3026 1977 3058 in
1992 3035 2028 3058 ea
2041 3026 2120 3058 urbe
2131 3026 2165 3057 in
2180 3035 2259 3066 prae·

1220 3082 1307 3114 sidiis
1326 3082 1464 3113 militum
1477 3081 1540 3112 dno
1554 3081 1664 3120 millia,
1679 3079 1734 3120 qui
1747 3079 1871 3111 barbari
1888 3078 2026 3119 primum
2040 3078 2194 3117 impetum
2211 3086 2258 3110 re-

1221 3134 1338 3175 pellere
1350 3133 1535 3173 potuissent.
1554 3132 1610 3164 His
1618 3139 1747 3172 quoque
1762 3130 1898 3162 multum
1912 3127 2044 3160 dicendo
2062 3131 2094 3160 et
2105 3130 2258 3161 terrorem

1221 3184 1390 3225 injiciendo
1403 3186 1435 3216 et
1447 3183 1588 3224 quotidie
1606 3191 1706 3214 novos
1721 3189 1866 3213 rumores
1889 3179 2064 3220 spargendo
2091 3181 2257 3220 persuasit,

1221 3239 1258 3269 ut
1266 3237 1376 3268 urbem
1388 3236 1598 3276 Epidamnum
1608 3234 1763 3266 desertam
1775 3233 2000 3272 relinquerent.
2043 3231 2154 3263 Aiebat
2160 3231 2256 3271 enim,

1221 3297 1293 3328 eos,
1311 3287 1338 3319 si
1351 3287 1495 3319 resistere
1509 3286 1675 3324 auderent,
1703 3284 1803 3324 magis
1822 3282 2021 3324 imperatoris
2033 3282 2190 3314 voluntati
2206 3282 2258 3314 ad·

1221 3341 1413 3372 versaturos.
1458 3341 1533 3371 Mox
1549 3347 1613 3378 quo
1629 3337 1762 3369 celerius
1773 3336 2012 3368 'slieuderichus
2024 3335 2200 3374 accederet,
2217 3334 2257 3365 ad

1222 3400 1296 3424 eum
1322 3391 1433 3427 misit:
1457 3390 1484 3422 is
1508 3390 1592 3422 circa
1614 3388 1800 3422 Heracleam
1824 3386 2021 3426 consederat,
2049 3387 2081 3418 et
2104 3385 2181 3426 quid
2198 3385 2257 3416 sibi
