2326 3724
290 261 984 353 SCRIPTORES
1043 223 1490 353 AETATIS
1548 266 2100 354 INCERTAE.

537 658 735 715 ABAS.

168 779 301 816 Suidas
313 793 321 818 :
332 778 451 826 Ἄδας,
463 779 637 832 σοφιστὴς,
649 779 679 818 ‘l
689 779 863 832 στορικὰ
882 780 1161 829 ὑπομνήματα

115 835 181 873 καί
195 835 335 888 Τέχνην
357 838 540 890 ῥητορικὴν
560 838 777 877 καταλιπών.
811 841 982 876 Eudocia
1013 853 1052 889 p.
1078 839 1121 875 51
1152 851 1160 876 :

114 893 241 942 Ἄδας,
258 895 441 949 σοφιστὴς,
471 897 645 949 Ἱστορικὰ
667 897 905 948 ὑπομνήματα
937 897 996 934 καὶ
1019 896 1160 946 μέθοδον

116 954 299 1006 ῥητορικὴν
321 955 380 993 καὶ
408 956 499 994 πάνυ
518 955 698 1009 γλαφυρὰν
723 955 903 995 κατέλιπε.
932 959 989 993 De
1010 958 1160 993 rhetore

115 1014 162 1049 cf.
187 1016 307 1051 Walz.
335 1017 465 1052 Rhett.
489 1017 553 1053 Gr.
574 1024 663 1052 tom.
683 1019 770 1062 VII,
789 1029 830 1065 p.
852 1016 942 1054 203.

627 1123 638 1144 1
653 1139 658 1143 .

308 1202 552 1239 ΙΣΤΟΡΙΚΑ
582 1203 959 1241 ΥΠΟΜΝΗΜΑΤΑ.

163 1300 384 1335 Ptolemaeus
401 1300 588 1348 Hephaest.
603 1313 664 1349 ap.
681 1302 789 1337 Phot.
808 1301 896 1338 cod.
919 1313 1006 1350 190,
1026 1314 1063 1349 p.
1087 1300 1158 1337 150

111 1358 166 1407 (p.
196 1370 266 1406 192
289 1359 329 1393 in
346 1359 547 1396 Westerm.
583 1359 796 1409 Mythogr.)
830 1373 838 1394 ε
871 1357 914 1397 Ἥ
952 1357 1158 1397 Κανδαύλου

108 1414 219 1466 γυνὴ,
243 1409 283 1462 ἧς
301 1414 485 1467 Ἡρόδοτος
502 1418 538 1453 οὔ
559 1416 651 1466 λέγει
676 1416 848 1467 τοῦνομα,
877 1417 993 1455 Νυσία
1013 1417 1156 1467 (Μυσία

110 1475 251 1525 codd.)
273 1475 449 1512 ἐκαλεῖτο·
479 1475 522 1521 ἣν
550 1476 610 1513 καὶ
639 1474 772 1527 δίκορον
800 1475 859 1513 καὶ
887 1474 1155 1522 ὀξυωπεστᾶτην

109 1532 193 1585 φασὶ
211 1532 391 1581 γενέσθαι,
407 1533 464 1571 τὸν
482 1534 708 1586 δρακοντίτην
725 1533 950 1584 κτησαμένην
971 1534 1064 1572 λίθον
1076 1548 1084 1556 ·
1105 1535 1156 1572 διὸ

110 1591 170 1629 καὶ
191 1591 370 1629 αἰσθέσθαι
390 1591 447 1629 τὸν
470 1591 585 1644 Γύγην
603 1592 733 1636 ἐξιόντα
751 1592 808 1630 διὰ
822 1595 890 1630 τῶν
907 1595 1033 1644 θυρῶν·
1057 1593 1155 1631 ἄλλοι

108 1651 263 1688 Τουδοῧν
295 1650 403 1696 αὐτὴν
426 1652 624 1689 καλεῖσθαι·
655 1653 686 1689 οἱ
717 1651 752 1689 δὲ
773 1651 947 1699 Κλυτίαν,
980 1649 1088 1695 Ἄδας
1119 1651 1154 1690 δὲ

110 1708 224 1760 Ἁὸρὼ
242 1707 373 1755 ταύτην
392 1711 586 1747 καλεῖσθαι.
609 1711 762 1760 Σιγῆσαι
779 1709 813 1748 δὲ
827 1702 979 1760 τοῦνομα
995 1725 1080 1760 φασι
1093 1714 1153 1756 τῆς

107 1767 267 1818 γυναικὸς
293 1767 351 1806 τὸν
378 1768 585 1820 Ἡρόδοτον,
617 1769 692 1807 ἐπεὶ
719 1771 736 1807 ὁ
764 1769 935 1821 ἐρώμενος
962 1768 1152 1821 (Ηροδότου

109 1826 325 1880 Πλησίρροος
340 1827 471 1871 Νυσίας
487 1827 664 1878 (Νυσσίας
681 1831 816 1879 codd.)
833 1828 976 1879 ὀνόματι
986 1829 1151 1881 ἐρασθεὶς,

106 1885 394 1937 Ἅλικαρνασσίας
415 1885 455 1923 τὸ
476 1885 594 1936 γένος,
618 1887 693 1924 ἐπεὶ
713 1885 762 1936 μὴ
792 1886 891 1939 τύχοι
915 1890 976 1934 τῆς
993 1887 1149 1939 ἑταίρας,

105 1944 167 1981 οὐκ
200 1942 407 1994 ἀνεχόμενος
440 1943 557 1996 βρόχῳ
591 1944 711 1983 ἑαυτὸν
739 1945 933 1997 ἀνήρτησε·
964 1945 1015 1983 διὸ
1039 1947 1148 1998 φυλά-

105 2000 229 2043 ξασθαι
249 2003 295 2045 ὥς
314 2002 462 2053 ἀπεχθὲς
482 2003 588 2040 εἰπεῖν
613 2004 653 2041 τὸ
678 2006 739 2050 τῆς
760 2004 891 2047 Νυσίας
915 2005 1023 2054 ὄνομα
1044 2005 1147 2057 Ἡρό-

105 2075 216 2101 οοτον.

156 2122 213 2157 De
242 2122 415 2157 Habrone
443 2123 595 2158 aliunde
617 2135 695 2158 non
715 2131 874 2161 constat.
895 2126 951 2159 De
985 2125 1088 2159 Tudi}
1112 2137 1144 2159 v.

103 2186 184 2216 not.
209 2177 256 2215 55
285 2179 334 2215 ad
360 2180 507 2216 Nicolai
533 2180 664 2230 fragm.
688 2186 756 2230 49,
778 2189 871 2219 tom.
892 2183 968 2228 111,
984 2195 1025 2231 p.
1056 2182 1142 2226 384.

102 2239 158 2272 De
177 2238 217 2272 Ν
208 2241 298 2284 ysia
315 2238 476 2274 eundem
492 2240 735 2276 Ptolemaeum
751 2241 938 2288 simulque
952 2247 1147 2277 auctorem

102 2294 205 2342 ejus,
235 2298 391 2332 AEneam
416 2298 614 2333 Samiacdn
641 2302 852 2347 scriptorem
883 2299 1013 2335 laudat
1029 2300 1146 2336 schol.

102 2353 151 2389 ad
170 2355 199 2389 T
201 2361 288 2391 zetz.
312 2355 408 2392 Chil.
434 2358 472 2404 1,
510 2362 580 2400 144
603 2358 640 2392 in
662 2357 829 2395 Crameri
858 2358 999 2395 Anecd.
1026 2361 1146 2395 Oxou.

102 2419 193 2449 tom.
218 2414 290 2458 111,
312 2425 352 2462 p.
374 2412 443 2450 351
471 2428 480 2449 z

183 2520 221 2550 ‘ll
234 2522 289 2550 τοῦ
303 2520 457 2560 Μυρτίλου
470 2521 580 2552 τούτου
593 2522 625 2553 δὲ
638 2524 713 2562 γυνὴ
727 2526 782 2553 τοῦ
797 2525 853 2553 καὶ
864 2524 1061 2562 Κανδαύλου,

182 2566 267 2606 παρὰ
281 2566 387 2597 Αἰνεί
398 2577 419 2607 ᾳ
436 2567 554 2607 φέρεται
571 2569 783 2606 Σαμιακοῖς
803 2569 841 2599 ἐν
854 2569 988 2609 λόγοις

183 2614 209 2642 Ν
213 2612 308 2643 υσσία
324 2613 434 2650 κλῆσιν
447 2613 578 2654 ἔχουσα,
601 2615 675 2656 πρὸς
688 2615 856 2655 Τερτύλλαν
871 2618 912 2651 ὡς
924 2616 1028 2656 γράφει

181 2669 225 2694 τις
243 2660 432 2699 Πτολεμαῖος
448 2660 514 2700 ἅμα
527 2671 559 2691 τε
575 2662 627 2691 καὶ
648 2662 836 2701 Ἡφαιστίων
860 2663 978 2699 κλῆσιν.

152 2754 326 2791 Ceterum
336 2756 491 2791 AEneam
506 2757 552 2792 de
566 2758 678 2793 rebus
694 2747 908 2794 Samidrum
920 2761 1142 2807 scriptorem

98 2812 192 2846 alius
224 2825 335 2848 nemo
370 2823 654 2852 commemorat.
685 2817 722 2851 Si
755 2825 977 2865 corruptum
1004 2831 1141 2854 nomen

98 2877 173 2917 est,
196 2870 353 2908 fortasse
373 2873 462 2908 latet
490 2875 675 2920 Eugeom's
701 2876 759 2910 vel
788 2878 962 2911 Alexidis
980 2878 1137 2915 mentio.

96 2929 305 2964 Meinekius
330 2931 368 2964 in
387 2932 479 2966 Hist.
500 2933 583 2968 crit.
607 2946 704 2969 com.
725 2947 763 2981 p.
787 2933 860 2970 385
881 2936 1141 2982 reponendum

97 2988 310 3034 suspicatur
331 2987 443 3038 Δινία.
478 2991 703 3038 Quanquam
725 2993 771 3028 de
799 2992 992 3041 Σαμιακοῖς
1022 2995 1141 3030 Diniae

98 3046 249 3081 aliunde
267 3059 345 3081 non
365 3054 523 3084 constat.
547 3050 643 3084 Utut
659 3058 728 3094 est,
752 3063 797 3086 ex
818 3052 953 3087 eodem
985 3061 1140 3089 auctore

1230 638 1424 687 fluxerint,
1445 653 1527 688 quae
1556 641 1603 676 de
1632 641 1870 688 Plesirrhoo5
1900 641 2089 677 Herodoti
2109 643 2272 689 amasio,
2324 670 2325 673 η

1224 699 1325 734 idem
1351 698 1572 735 Ptolemaeus
1603 699 1725 739 tradit,
1749 712 1791 748 p.
1826 699 1895 744 187
1931 700 1991 738 ed.
2023 701 2226 738 Westerm.
2259 715 2266 737 :

1225 755 1290 799 Ὡς
1311 755 1529 808 Πλησίρροος
1555 757 1572 793 ὁ
1599 756 1782 800 Θεσσαλὸς
1798 758 1815 793 ὁ
1835 756 2072 810 ὓμνογράφος,
2101 759 2272 810 ἐρώμενος

1224 813 1371 865 γεγονὼς
1398 813 1586 866 Ἡροδότου
1615 812 1675 851 καὶ
1701 813 1914 866 κληρονόμος
1934 817 2001 853 τῶν
2022 817 2147 864 αὐτοῦ,
2167 812 2265 860 οὗτος

1227 870 1382 917 ποιήσειε
1401 871 1440 908 τὸ
1464 869 1646 922 προοίμιον
1671 874 1732 917 τ’ῆς
1762 871 1903 924 πρώτης
1921 873 2074 925 ἱστορίας
2097 878 2157 914 τοῦ
2178 874 2270 915 Ἁλι-

1224 928 1465 981 καρνασσέως·
1488 928 1550 974 τὴν
1566 928 1634 981 γὰρ
1652 929 1743 967 κατὰ
1762 929 1861 982 φύσιν
1879 925 1965 968 εἶναι
1985 933 2053 970 τῶν
2077 931 2270 984 ‘Hpob‘o'tou

1222 990 1381 1041 ἱστοριῶν
1399 987 1510 1040 ἀρχήν
1523 1003 1530 1010 ·
1552 1005 1567 1020 «ι
1591 987 1756 1039 Περσέων
1773 990 1803 1026 οἱ
1823 988 1931 1039 λόγιοι
1952 988 2121 1034 Φοίνικας
2139 991 2270 1035 αἰτίους

1223 1046 1379 1095 γενέσθαι
1408 1045 1493 1098 φασὶ
1513 1048 1572 1092 τῆς
1603 1046 1783 1098 διαφορῆς.
1815 1049 1915 1083 »His
1939 1050 2130 1097 praemissa
2153 1051 2271 1088 habes

1223 1106 1396 1155 quaedam
1413 1106 1460 1142 de
1481 1107 1685 1154 Eupompo
1711 1107 1859 1151 Samio,
1889 1107 2044 1156 ejusque
2068 1106 2150 1144 filio
2169 1111 2268 1146 Dra-

1221 1173 1333 1202 conte
1355 1162 1622 1216 ὃξυωπεστάτῳ.
1647 1164 1738 1211 Quae
1766 1165 1855 1201 item
1882 1165 2075 1213 Σαμιακῶν
2099 1167 2161 1203 isti
2179 1169 2268 1204 scri·

1219 1225 1323 1272 ptori
1342 1223 1508 1260 vindico,
1530 1223 1650 1259 Verba
1675 1223 1753 1258 haec
1770 1230 1855 1258 sunt
1875 1236 1883 1258 :
1903 1221 1964 1265 Ὡς
1991 1222 2187 1272 Εὐπόμπου
2206 1227 2268 1262 τοῦ

1223 1280 1380 1330 Σαμίου,
1398 1280 1432 1322 ὃς
1449 1280 1622 1332 δράκοντα
1640 1278 1756 1332 θηρίον
1772 1279 1874 1332 τέρας
1890 1279 2029 1333 ἔτρεφεν
2047 1280 2193 1320 ἄπιστον
2206 1283 2267 1320 καὶ

1219 1339 1327 1376 εἰπεῖν
1347 1337 1407 1376 καὶ
1424 1339 1591 1388 ἀκοῦσαι,
1610 1341 1730 1376 τούτου
1747 1341 1805 1376 τοῦ
1826 1339 2021 1388 Εὐπόμπου
2043 1339 2152 1378 παῖδα
2171 1340 2267 1392 Δρά-

1218 1412 1322 1435 κοντα
1349 1395 1511 1446 τοῦνομα
1531 1395 1792 1441 ὀξυωπέστατον
1819 1396 1978 1447 γενέσθαι
1999 1397 2116 1449 φασὶν,
2143 1399 2188 1443 ὥς
2211 1397 2266 1437 διὰ

1219 1455 1368 1493 σταδίων
1394 1455 1428 1494 κ’
1449 1458 1587 1506 θεωρεῖν
1609 1453 1753 1507 ῥᾳδίως·
1779 1453 1816 1492 ὃν
1843 1455 1903 1493 καὶ
1921 1454 2034 1508 Ξέρξῃ
2055 1455 2114 1494 ἐπὶ
2139 1455 2266 1508 χιλίοις

1220 1514 1469 1565 συγγενόμενον
1503 1513 1685 1556 ταλάντοις
1710 1513 1770 1551 καὶ
1801 1514 2094 1565 συγκαθεζόμενον
2125 1513 2192 1553 ὑπὸ
2221 1517 2266 1567 τῇ

1218 1574 1332 1623 χρυσῇ
1361 1571 1532 1623 πλατάνῳ
1566 1571 1758 1621 διηγεῖσθαι
1792 1570 1964 1622 βλέποντα
1992 1571 2056 1619 τὴν
2084 1570 2265 1619 Ἑλλήνιον

1217 1629 1277 1667 καὶ
1293 1629 1480 1682 βαρῧάρων
1501 1628 1699 1680 ναυμαχίαν
1718 1627 1777 1666 καὶ
1793 1629 1855 1674 τὴν
1873 1629 2092 1680 Ἀρτεμισίας
2106 1629 2261 1682 ἀνδρίαν.

1719 1737 1756 1761 2.

1630 1805 1839 1845 ΤΡΩΙΚΑ.

1265 1896 1414 1931 Servius
1425 1895 1473 1931 ad
1482 1896 1613 1944 virgil.
1627 1896 1713 1933 AEn.
1730 1895 1802 1940 IX,
1815 1895 1889 1939 264
1909 1909 1917 1932 ε
1934 1898 2091 1933 Devicta
2103 1896 2259 1947 Arisbe]

1210 1954 1362 1989 Scilicet
1376 1955 1424 1989 ab
1437 1953 1600 1991 Achille.
1620 1955 1730 1994 Dicta
1748 1962 1804 1989 est
1818 1954 1955 1989 Arisba
1973 1967 1998 1989 a
2016 1955 2182 2005 Meropis
2193 1957 2260 1991 vel

1211 2013 1386 2048 Macarei
1414 2012 1520 2058 filia,
1557 2024 1667 2060 quam
1689 2015 1855 2060 primum
1886 2013 1996 2048 Paris
2025 2016 2063 2049 in
2090 2016 2261 2060 conjugio

1210 2068 1356 2107 habuit.
1381 2070 1544 2115 Quidam
1564 2070 1613 2104 ab
1641 2068 1803 2113 Abante,
1832 2074 1895 2119 qui
1931 2071 2061 2107 Troica
2083 2074 2249 2119 scripsit,

1208 2130 1364 2164 relatum
1382 2125 1518 2173 serunt
1530 2136 1614 2176 post
1637 2129 1832 2164 discessum
1860 2142 1884 2164 a
1910 2130 2021 2175 Troja
2047 2130 2254 2167 Groecorum

1210 2190 1430 2234 Astyanacti
1458 2187 1509 2221 ibi
1535 2187 1663 2222 datum
1687 2200 1856 2236 regnum,
1885 2187 1982 2223 hunc
2005 2189 2054 2223 ab
2073 2189 2257 2228 Antenore

1207 2247 1417 2294 expulsum,
1451 2249 1602 2281 sociatis
1626 2247 1697 2281 sibe
1719 2245 1901 2294 finitimis
1920 2248 2138 2291 civitatibus,
2164 2250 2258 2282 inter

1207 2317 1300 2352 quas
1324 2311 1363 2339 et
1384 2304 1520 2338 Arisba
1529 2302 1631 2349 fuit;
1655 2307 1802 2340 AEnean
1821 2305 1889 2340 hoc
1916 2318 2018 2354 oegre
2045 2307 2189 2350 tulisse,
2219 2312 2257 2340 et

1201 2375 1273 2410 pro
1292 2365 1519 2409 Astyanacte
1537 2375 1645 2398 arma
1661 2375 1812 2411 cepisse,
1840 2376 1886 2399 ac
1898 2375 2074 2412 prospere
2090 2377 2129 2400 re
2145 2370 2250 2411 gesta

1206 2422 1425 2468 Astyanacti
1445 2424 1638 2457 restituisse
1651 2433 1818 2469 regnum.

1370 2613 1614 2669 ABRON
1653 2625 1751 2664 VEL
1789 2611 2085 2668 HABRON

1548 2703 1910 2762 BATIENSIS,

1255 2823 1434 2869 Stephan.
1453 2823 1540 2868 Byz.
1566 2835 1573 2856 z
1595 2823 1653 2859 Βα
1665 2820 1714 2866 τὴ
1726 2850 1736 2867 ‚
1757 2821 1864 2870 δῆμος
1879 2822 1940 2866 τῆς
1953 2820 2117 2870 Αἰγηίδος
2129 2821 2247 2873 φυλῆς,

1201 2875 1274 2914 ὅθεν
1306 2872 1347 2924 ἦν
1372 2875 1550 2929 Ἀὅρων
1577 2881 1594 2915 ὃ
1628 2878 1842 2925 Καλλίου,
1872 2876 2114 2928 ἐξηγητὴς,
2139 2879 2243 2930 Περὶ

1201 2937 1369 2986 ἑορτῶν
1390 2936 1465 2974 καὶ
1486 2939 1647 2974 θυσιῶν
1667 2936 1912 2989 γεγραφώς.

1252 2993 1388 3046 Ἄὸρων
1407 2996 1563 3043 (rectius
1580 2997 1758 3032 scribitur
1772 2993 1930 3046 Ἅὸρων)
1947 2997 2118 3041 Βατῆθεν,
2135 3000 2244 3045 pater

1199 3055 1323 3090 Calliae
1343 3062 1379 3090 et
1394 3055 1585 3100 Callistus,
1605 3066 1718 3102 quam
1727 3057 1922 3110 Lycurgus
1937 3062 2067 3090 orator
2083 3067 2247 3105 uxoren}

302 3168 666 3209 COMMENTARH
694 3172 936 3227 HISTORII.

139 3264 312 3297 candaulae
342 3274 436 3305 uxor,
465 3266 558 3306 cujus
580 3276 697 3299 nomen
721 3278 783 3300 non
810 3270 915 3309 prodit
940 3270 1138 3311 Herodotus,

98 3317 191 3356 Nysia
211 3316 440 3356 appellabatur.
465 3320 542 3349 Eam
563 3320 594 3349 et
615 3319 731 3359 duplici
759 3321 879 3360 pupilla
906 3323 938 3353 et
964 3323 1139 3355 acutissimi

99 3369 186 3400 visus
200 3369 294 3401 fuisse
306 3370 414 3409 aiunt,
425 3371 510 3410 quod
520 3371 718 3404 dracontiten
734 3373 871 3413 lapidem
883 3374 1013 3406 liaberet
1033 3388 1040 3406 ε
1059 3374 1138 3406 adeo

98 3420 132 3450 ui
149 3428 204 3459 per
221 3421 305 3461 ipsas
318 3423 412 3454 etiam
428 3422 509 3454 iores
523 3425 630 3463 Gygen
645 3426 813 3457 exeuntem
830 3425 951 3458 viderit.
972 3426 1029 3458 Alii
1044 3427 1135 3458 Tudsi

1199 3161 1316 3194 dictam
1332 3162 1460 3201 volunt,
1476 3162 1528 3194 alii
1549 3162 1705 3202 Clytiam;
1726 3162 1808 3194 Abas
1823 3164 1930 3194 autem
1953 3162 2135 3194 Habronem
2159 3170 2241 3196 nu·-

1199 3214 1346 3254 cupatam
1357 3213 1463 3245 tradit.
1475 3213 1551 3245 Ideo
1563 3222 1640 3245 vero
1646 3221 1761 3245 nomen
1774 3213 1915 3245 mulieris
1925 3213 1965 3245 ab
1976 3213 2136 3245 Herodoto
2147 3213 2241 3251 sii-

1199 3264 1243 3295 tio
1255 3273 1396 3304 pressum
1409 3266 1556 3302 narrant,
1573 3264 1659 3304 quod
1671 3264 1808 3296 amasius
1821 3268 1889 3304 ejus
1904 3265 2118 3303 Plesirrhous,
2135 3272 2239 3304 quu-

1198 3316 1345 3357 Nysiam,
1359 3317 1665 3349 Halicarnassensem
1683 3325 1808 3357 genere,
1822 3317 1996 3358 deperiret,
2013 3317 2054 3348 ab
2072 3325 2172 3357 eaque
2185 3324 2236 3351 n-

1198 3369 1321 3408 puisam
1342 3368 1483 3407 tulisset,
1503 3368 1620 3400 amoris
1647 3368 1814 3408 impatiens
1836 3369 1950 3409 laqueo
1975 3370 2072 3400 vitam
2098 3368 2234 3408 fregerit.

1198 3421 1277 3452 Hine
1291 3421 1387 3452 veluti
1402 3421 1544 3452 «idiosum
1565 3420 1667 3461 Nysion
1683 3429 1798 3453 nomen
1819 3422 1957 3462 proferre
1976 3421 2123 3453 noluisse.

2279 3106 2326 3289 4
