2372 3704
177 233 253 264 498

177 314 280 364 δρῶσι
312 312 496 355 Θάπτοντες
515 311 573 350 τὸν
592 306 696 351 Ἆπιν
717 315 747 351 οἱ
777 314 896 365 ἱερεῖς,
914 313 996 352 ὅταν
1017 315 1219 368 παρακομί-

179 374 280 415 ζωσιν
303 372 359 410 ἐπὶ
395 371 536 423 σχεδίας
553 371 591 410 τὸ
610 374 732 421 σῶμα,
764 372 933 424 βακχείας
953 373 1048 411 οὐδὲν
1079 375 1214 413 ἀποδεῖ.

177 430 248 469 Καὶ
266 428 333 482 γὰρ
352 429 510 482 νεὸρίδας
538 430 879 483 περικαθάπτονται,
900 431 960 470 καὶ
990 430 1134 485 θύρσους
1151 449 1219 486 φο-

178 492 294 541 ροῦσι,
315 488 375 526 καὶ
394 489 489 540 βοαῖς
505 492 658 542 χρῶνται
679 489 738 527 καὶ
758 490 948 537 κινήσεσιν,
969 490 1087 543 ὥσπερ
1104 493 1135 529 οἷ
1154 491 1219 529 κά·

175 563 273 599 τοχοι
291 550 359 590 τοῖς
378 547 458 600 περὶ
476 547 534 585 τὸν
553 548 718 587 Διόνυσον
735 549 950 598 ὀργιασμοῖς.
974 549 1037 587 Διὸ
1052 549 1112 587 καὶ
1131 565 1218 588 ταυ-

177 606 333 658 ρόμορφα
347 605 514 644 Διονύσου
534 610 690 644 ποιοῦσιν
711 606 901 656 ἀγάλματα
921 606 1043 644 πολλοὶ
1054 610 1122 645 τῶν
1137 607 1220 646 Ἑλ-

174 663 308 710 λήνων·
351 666 386 701 αἱ
422 663 450 702 δ’
479 662 628 703 Ἠλείων
668 665 827 714 γυναῖκες
860 664 920 702 καὶ
957 667 1220 715 παρακαλοῦσιν

175 721 381 772 εὐχόμεναι,
401 721 482 759 ποδὶ
521 721 623 772 βοείῳ
650 721 707 759 τὸν
741 720 815 759 θεὸν
848 722 957 759 ἐλθεῖν
987 721 1072 773 πρὸς
1103 723 1221 766 αὐτάς.

176 779 340 832 Ἀργείοις
362 779 398 818 δὲ
420 779 581 831 βουγενὴς
601 778 763 822 Διόνυσος
780 779 926 827 ἐπίκλην
949 780 1059 818 ἐστίν·
1081 782 1222 819 ἀνακα-

175 839 312 876 λοῦνται
330 839 359 876 δ’
381 838 482 875 αὐτὸν
502 837 567 875 ὑπὸ
585 837 787 888 σαλπίγγων
805 837 839 882 ἐξ
861 837 1006 884 ὕδατος,
1026 838 1222 889 ἐμὸάλλον-

176 911 229 939 τες
257 898 303 939 εἷς
323 894 384 942 τὴν
408 896 560 934 ἅὸυσσον
580 895 666 947 ἄρνα
689 898 738 948 τῷ
758 896 939 948 πυλαόχῳ.
966 895 1040 939 Τὰς
1073 896 1108 934 δὲ
1130 897 1220 936 σάλ-

176 970 305 1005 πιγγας
342 955 376 991 ἐν
409 953 544 1005 Θύρσοις
572 952 866 1006 ἀποκρύπτουσιν,
895 956 940 996 ὡς
962 954 1155 1006 Σωκράτης
1187 958 1222 994 ἐν

178 1013 247 1056 τοῖς
272 1012 362 1063 Περὶ
385 1012 514 1051 Ὁσίων
549 1011 698 1063 εἴρηκεν.
719 1011 910 1063 “Ομολογεῖ
928 1012 963 1050 δὲ
981 1013 1040 1051 καὶ
1053 1012 1222 1052 τὰΤιτα-

180 1072 278 1119 νικὰ,
301 1072 361 1110 καὶ
376 1070 433 1116 νὺξ
450 1071 564 1109 τελεία
578 1076 647 1114 τοῖς
666 1071 863 1122 λεγομένοις
880 1071 1055 1123 Ὀσίριδος
1071 1074 1222 1112 διασπα·

180 1133 300 1181 σμοῖς,
346 1131 406 1168 καὶ
449 1135 524 1173 ταῖς
566 1129 779 1168 ἀναὸιώσεσι
819 1130 879 1168 καὶ
922 1132 1221 1182 παλιγγενεσίαις·

176 1189 302 1238 ὁμοίως
332 1187 447 1226 δὲκαὶ
478 1187 522 1226 τὰ
542 1187 620 1239 περὶ
653 1186 714 1230 τὰς
732 1187 855 1240 ταφάς.
886 1188 1073 1240 Αἰγύπτιοί
1099 1205 1136 1228 τε
1155 1191 1222 1243 γὰρ

174 1247 347 1298 Ὀσίριδος
368 1248 547 1298 πολλαχοῦ
565 1245 684 1292 θήκας,
697 1245 816 1297 ὥσπερ
836 1246 988 1299 εἴρηται,
1011 1248 1219 1300 δεικνύουσι,

173 1305 233 1343 καὶ
252 1305 380 1357 Δελφοὶ
399 1305 441 1342 τὰ
462 1309 520 1343 τοῦ
543 1304 710 1343 Διονύσου
731 1304 878 1358 λείψανα
890 1308 976 1358 παρ’
996 1308 1111 1350 αὐτοῖς
1126 1307 1222 1360 παρὰ

173 1364 212 1401 τὸ
243 1362 456 1415 χρηστήριον
488 1365 691 1401 ἀποκεῖσθαι
712 1364 910 1412 νομίζουσι·
944 1364 1004 1402 καὶ
1037 1365 1173 1404 θύουσιν
1192 1369 1222 1405 οἱ

171 1422 292 1461 ’Ὀσιοι
309 1422 429 1459 θυσίαν
451 1421 646 1473 ἀπόρρητον
662 1423 696 1459 ἐν
715 1424 764 1473 τῷ
794 1424 876 1474 ἱερῷ
904 1426 965 1460 τοῦ
990 1423 1223 1473 Ἀπόλλωνος,

175 1478 258 1516 ὅταν
277 1482 312 1518 αἱ
330 1480 461 1523 θυιάδες
485 1479 642 1532 ἐγείρωσι
663 1479 720 1517 τὸν
746 1480 925 1526 Λικνίτην.

226 1539 286 1574 Ad
303 1540 465 1575 eundem
485 1541 611 1575 locum
639 1538 802 1575 Socratis
820 1542 972 1589 respicit
999 1542 1222 1578 Plutarchus

175 1610 214 1633 m
233 1599 371 1644 Quoest.
402 1598 469 1636 Gr.
505 1611 538 1635 c.
564 1598 612 1633 36
645 1611 652 1633 ;
676 1595 742 1634 Διὰ
765 1597 799 1634 τί
827 1597 883 1634 τὸν
915 1598 1080 1636 Διόνυσον
1101 1601 1136 1637 αἱ
1153 1602 1220 1636 τῶν

174 1654 322 1692 Ἠλείων
352 1660 510 1704 γυναῖκες
541 1657 710 1704 ὑμνοῦσαι
749 1657 993 1707 παρακαλοῦσι
1027 1657 1115 1709 βοέῳ
1143 1657 1222 1696 ποδὶ

173 1713 425 1763 παραγίνεσθαι
453 1712 536 1764 πρὸς
571 1713 700 1760 αὐτάς;
731 1711 837 1766 Ἔχει
869 1715 899 1752 δ’
920 1714 1028 1758 οὕτως
1047 1718 1065 1753 ὁ
1097 1715 1221 1766 ὕμνος·

175 1770 325 1817 Ἔλθεῖν,
346 1770 421 1823 ἥρω
439 1771 583 1809 Διόνυσε
596 1801 606 1821 ,
629 1771 724 1810 ἅλιον
746 1774 778 1815 ἐς
795 1772 874 1810 ναὸν
904 1772 1019 1823 ἁγνὸν,
1037 1772 1099 1811 σὺν
1119 1774 1221 1826 χαρί-

177 1843 293 1865 τεσσιν
316 1830 349 1870 ἐς
367 1829 447 1866 ναὸν
459 1831 507 1880 τῷ
525 1829 612 1882 βοέῳ
630 1830 709 1867 ποδὶ
730 1830 834 1868 θύων.
854 1825 943 1870 Εἶτα
959 1831 1008 1875 δὶς
1023 1832 1220 1884 ἐπᾴδουσιν·

175 1885 268 1930 ἈΞιε
279 1891 384 1939 ταῦρε
398 1889 405 1924 !
428 1905 443 1921 a
460 1887 612 1939 Πότερον
628 1887 680 1925 ὅτι
693 1888 752 1926 καὶ
769 1891 913 1940 βουγενῆ
927 1889 1222 1942 προσαγορεύουσι

178 1945 238 1982 καὶ
257 1949 383 1998 ταῦρον
403 1945 487 1983 ἔνιοι
503 1946 560 1983 τὸν
578 1946 675 1993 θεόν;
697 1949 753 1985 Cf.
777 1950 927 1985 Miiller.
954 1951 1050 1988 Min.
1069 1963 1110 1998 p.
1133 1950 1220 1992 456.

680 2043 717 2081 6.

226 2130 332 2165 Idem
365 2131 436 2175 Qu.
458 2131 570 2166 Rom.
597 2144 629 2167 c.
659 2130 707 2166 52
729 2144 736 2166 ε
760 2129 931 2182 Ἀργείους
960 2131 996 2169 δὲ
1027 2132 1223 2184 Σωκράτης

174 2186 258 2238 φησὶ
279 2189 322 2237 τῇ
338 2187 515 2239 Εἰλειθυίᾳ
531 2187 616 2225 κύνα
637 2187 726 2226 θύειν
743 2187 799 2226 διὰ
815 2188 877 2235 τὴν
897 2189 1076 2242 ῥᾳστώνην
1092 2194 1154 2237 τῆς
1170 2193 1222 2230 λο-

172 2244 283 2295 χείας.
305 2246 565 2285 CfLWelcker.
598 2249 736 2294 Trilog.
756 2261 796 2296 p.
822 2248 913 2296 239.

1013 226 1258 268 SOCRATlS
1279 229 1457 270 ARGlVl
1473 257 1483 275 ‚
1546 239 1549 242 ⁴

1786 336 1819 368 7.

1333 388 1439 425 Idem
1459 390 1511 428 ib.
1532 402 1566 429 c.
1591 389 1639 426 25
1665 403 1673 425 :
1706 388 1768 428 Ἐν
1787 388 1817 427 δ’
1837 389 1954 443 Ἄργει
1976 389 2083 429 λευκὰ
2105 394 2264 443 φοροῦσιν
2285 391 2320 428 ἐν

1281 445 1350 489 τοῖς
1367 445 1536 494 πένθεσιν,
1556 448 1602 490 ὡς
1622 447 1814 500 Σωκράτης
1828 447 1946 501 φησὶν,
1963 449 2213 489 ὑδατόκλυστα.

1783 524 1820 562 8.

1335 592 1524 641 Plutarch.
1554 593 1627 638 Qu.
1663 593 1767 631 Gne.
1802 592 1850 629 25
1874 607 1882 629 :
1902 610 1918 626 «
1940 592 2002 636 Τίς
2038 593 2218 646 ἀλάστωρ,
2243 595 2323 632 ἀλι-

1282 647 1417 698 τήριος,
1439 649 1684 699 παλαμναῖος;
1704 666 1720 683 ν
1739 650 1792 688 Οὐ
1809 648 1876 702 γὰρ
1901 650 2058 690 πειστέον
2077 653 2147 696 τοῖς
2165 652 2324 703 λέγουσιν

1284 705 1483 757 ἀλιτηρίους
1503 707 1695 751 κεκλῆσθαι
1719 706 1797 751 τοὺς
1822 708 2067 759 ἐπιτηροῦντας
2097 711 2132 747 ἐν
2161 712 2210 763 τῷ
2231 712 2326 763 λιμῷ

1282 763 1340 802 τὸν
1361 765 1509 802 ἀλοῦντα
1529 764 1588 802 καὶ
1609 765 1877 816 διαρπάζοντας·
1898 767 1976 804 ἀλλ’
2001 766 2165 821 ἀλάστωρ
2189 768 2252 814 μὲν
2267 769 2326 808 κε’·

1283 823 1410 870 κληται
1431 825 1449 860 ὁ
1472 821 1607 869 ἄληστα
1626 823 1686 861 καὶ
1705 822 1814 861 πολὺν
1829 824 1951 876 χρόνον
1973 826 2327 878 μνημονευθησόμενα

1281 880 1475 932 δεδρακώς·
1490 880 1664 933 ἀλιτήριος
1680 881 1735 928 δὲ,
1754 881 1791 920 ὃν
1813 882 2003 922 ἀλεύασθαι
2024 883 2086 922 καὶ
2107 884 2327 937 φυλάξασθαι

1284 938 1340 976 διὰ
1367 938 1561 991 μοχθηρίαν
1584 941 1699 984 καλῶς
1718 933 1806 991 εἶχε.
1832 942 1978 988 Ταῦτα,
2009 942 2112 994 φησὶν
2136 946 2155 981 ὃ
2174 943 2327 997 Σωκρά-

1282 1013 1364 1044 της,
1382 999 1416 1036 ἐν
1437 997 1610 1051 διφθέραις
1632 999 1782 1050 χαλκαῖς
1798 999 2006 1053 γεγράφασι.

1336 1058 1380 1092 In
1396 1058 1703 1094 antecedentibus
1719 1057 1945 1095 Plutarchus
1964 1061 2098 1108 quaerit
2111 1073 2121 1096 ε
2135 1058 2200 1103 Τίς
2216 1060 2234 1098 ὁ
2250 1061 2326 1100 Μι-

1284 1112 1499 1166 ξαρχαγέτας
1528 1115 1562 1152 ἐν
1578 1111 1616 1153 'A
1625 1131 1718 1167 ργει,
1747 1115 1806 1153 καὶ
1821 1115 1910 1159 τίνες
1929 1118 1959 1154 οἱ
1977 1115 2137 1155 Ἐλάσιοι
2158 1117 2210 1168 (ο.
2232 1117 2326 1170 23);

1283 1171 1329 1210 Τί
1350 1172 1389 1210 τὸ
1407 1173 1489 1224 παρ’
1511 1171 1674 1223 Ἀργείοις
1687 1173 1870 1225 λεγόμενον
1894 1173 2063 1226 ἔγκνισμα
2085 1177 2139 1226 (c.
2161 1176 2252 1226 24);
2271 1178 2330 1214 De

1284 1231 1342 1267 his
1355 1233 1492 1280 procul
1511 1232 1631 1269 dubio
1648 1241 1775 1282 egerat
1788 1235 1961 1270 Socrates
1982 1235 2163 1283 Argivus,
2184 1247 2231 1271 ex
2248 1247 2327 1283 quo

1284 1303 1351 1326 sua
1386 1292 1559 1339 petiverit
1593 1290 1832 1330 Plutarchus.
1866 1294 1944 1329 Nec
1966 1293 2119 1329 aliunde
2150 1291 2331 1330 fluxerint

1284 1362 1317 1384 c.
1343 1348 1391 1385 50
1412 1347 1501 1396 (Διὰ
1530 1347 1564 1386 τί
1583 1348 1667 1400 πρὸς
1688 1348 1728 1386 τὸ
1746 1353 1805 1387 τοῦ
1830 1348 2010 1402 Ἀγήνορος
2027 1348 2168 1399 τέμενος
2191 1348 2254 1393 τὰς
2280 1349 2340 1393 ὅΐς’

1282 1406 1572 1458 προσελαύνοντες
1584 1410 1614 1445 οἱ
1634 1407 1779 1460 Ἀργεῖοι
1802 1407 2046 1462 βιὸάζουσινρ)
2065 1417 2101 1446 et
2115 1423 2149 1446 c.
2173 1409 2218 1446 51
2238 1408 2328 1460 (Διὰ

1285 1465 1319 1502 τί
1343 1465 1598 1516 Βαλλαχράδας
1614 1466 1755 1510 ἑαυτοὺς
1772 1466 1932 1519 Ἀργείων
1953 1468 2073 1510 παῖδες
2092 1468 2126 1504 ἐν
2144 1468 2246 1519 ἑορτῇ
2258 1482 2324 1505 τινι

1283 1523 1459 1568 παίζοντες
1482 1525 1715 1562 ἀποκαλοῦσιν
1725 1524 1772 1575 ;).

1583 1612 1716 1650 ΠΡΟΣ
1747 1612 2019 1651 ΕΙΔΟΘΕΟΝ.

1530 1693 1539 1716 ι
1785 1701 1823 1736 9,

1336 1758 1462 1795 Schol.
1481 1759 1605 1806 Apoll.
1638 1759 1767 1794 Rhod.
1788 1760 1827 1804 Ι,
1854 1771 1951 1804 1207
1977 1772 1985 1795 :
2009 1758 2202 1809 Σωκράτης
2223 1759 2258 1796 ἐν
2278 1760 2328 1809 τῷ

1287 1814 1382 1865 Πρὸς
1403 1814 1565 1853 Εἷδόθεόν
1587 1829 1672 1867 φησι
1690 1815 1748 1852 τὸν
1766 1813 1881 1854 ι’Υλαν
1893 1815 2064 1867 ἐρώμενον
2090 1815 2319 1869 Πολυφήμου,

1283 1871 1341 1910 καὶ
1363 1873 1428 1923 οὐχ
1447 1871 1678 1924 Ἡρακλέους,
1694 1872 1867 1924 γενέσθαι.
1887 1876 1981 1914 Ead.
2001 1876 2146 1912 Eudoc.
2165 1889 2206 1925 p.
2231 1880 2323 1919 410.

1775 1962 1836 1987 10.

1337 2017 1444 2053 Idem
1462 2018 1516 2056 ib.
1541 2020 1582 2063 Ι,
1606 2023 1655 2062 4ο
1685 2017 1781 2056 ῑΤὸν
1811 2016 2026 2070 Πολύφημον
2043 2018 2194 2058 Ἐλάτου
2218 2019 2328 2058 παῖδα

1285 2068 1379 2112 εἶπεν
1400 2074 1638 2119 Ἀπολλώνιος.
1667 2075 1860 2126 Σωκράτης
1893 2075 1928 2114 δὲ
1954 2076 2014 2114 καὶ
2034 2076 2214 2130 Εὐφορίων
2244 2079 2321 2118 Πο-

1285 2133 1457 2176 σειδῶνος.
1503 2136 1611 2172 Libri
1651 2133 1871 2186 Ἰσοκράτης;
1907 2138 2073 2173 correxit
2111 2138 2234 2186 Toup.
2272 2137 2323 2174 ad

1284 2194 1402 2231 schol.
1437 2195 1599 2232 Theocr.
1642 2195 1757 2240 XIII,
1798 2208 1831 2240 7.
1865 2195 1922 2233 Cf.
1954 2195 2116 2235 Meinek.
2153 2195 2324 2245 Euphor.

1287 2265 1328 2300 p.
1353 2251 1439 2298 ¹75·

174 2357 242 2386 rate
254 2355 424 2387 advectum
438 2357 612 2397 sepeliunt,
635 2358 712 2389 nihil
729 2358 848 2390 distant
864 2368 882 2390 a
901 2359 1017 2391 Bacchi
1041 2359 1196 2392 sacrificio
1212 2374 1220 2392 ε

172 2407 290 2447 quippe
303 2411 334 2438 et
351 2408 574 2440 hinnuleorum
587 2409 684 2449 pelles
700 2410 821 2442 circum
834 2411 1035 2451 appendunt,
1050 2414 1082 2444 et
1095 2413 1222 2452 thyrsos

173 2459 317 2498 gestant,
344 2458 444 2499 iisque
477 2462 613 2491 utuntur
639 2461 832 2493 clamoribus
866 2463 897 2494 et
916 2463 1075 2503 motibus,
1103 2464 1220 2503 quibus

174 2509 331 2540 Bacchico
349 2509 456 2541 surore
470 2512 605 2551 correpti
619 2511 696 2542 dum
712 2513 798 2551 orgia
813 2515 977 2553 peragunt.
1003 2517 1046 2545 Ea
1062 2514 1102 2546 de
1126 2524 1220 2546 causa

173 2562 315 2602 plerique
337 2564 523 2594 Graecorum
538 2564 651 2595 Bacchi
668 2565 839 2596 simulacra
852 2566 973 2597 faciunt
989 2567 1072 2598 tauri
1092 2567 1194 2598 forma
1212 2577 1219 2598 ε

172 2616 204 2645 et
221 2614 366 2646 Eleorum
381 2615 528 2648 mulieres
540 2618 615 2647 vota
630 2617 779 2648 facientes
792 2620 963 2657 precantur
976 2619 1073 2651 ulad
1089 2628 1125 2650 se
1139 2619 1221 2651 deus

172 2668 290 2697 veniat
307 2666 433 2698 bubulo
450 2667 536 2707 pede
550 2677 560 2699 :
575 2670 608 2699 et
630 2668 753 2707 Argivis
770 2669 913 2700 Bacchus
931 2672 980 2701 est
999 2671 1172 2710 bovigena,
1188 2674 1222 2703 et

173 2720 307 2749 evocant
324 2727 398 2750 eum
412 2719 498 2750 tubis
511 2728 551 2751 ex
573 2728 674 2760 aqua,
689 2721 825 2752 Janitori
844 2730 938 2753 ovem
955 2722 987 2753 in
1004 2723 1153 2762 abyssum
1170 2725 1218 2756 in-

170 2769 331 2809 jicientes,
367 2773 400 2802 et
426 2772 522 2803 tubas
544 2772 625 2805 inter
652 2774 779 2813 thyrsos
796 2774 978 2814 occultant,
1011 2777 1048 2807 ut
1077 2778 1222 2809 Socrates

172 2822 295 2861 scripsit
310 2824 340 2853 in
355 2822 442 2855 libris
459 2826 505 2855 De
521 2824 636 2855 Sacris.
656 2825 858 2857 Conveniunt
874 2827 906 2857 et
918 2826 1079 2866 Titanica,
1104 2829 1136 2859 et
1151 2837 1216 2859 nox

175 2881 248 2912 quae
275 2874 412 2912 perfecta
437 2875 566 2913 dicitur,
590 2876 638 2906 his
657 2885 730 2915 quae
746 2876 897 2909 dicuntur
918 2877 958 2909 de
973 2877 1131 2918 discerpto
1153 2880 1220 2911 Osi-

179 2925 245 2955 ride
261 2927 292 2956 et
312 2926 453 2958 redivivo
475 2936 512 2958 ac
537 2930 668 2968 renato3
686 2937 810 2960 necnon
834 2931 866 2961 et
884 2930 1068 2970 sepulturae.
1094 2933 1173 2963 Nam
1190 2936 1219 2963 et

178 2977 313 3015 AEgyptii
339 2978 448 3008 multis
476 2978 508 3009 in
539 2979 617 3010 locis
646 2981 830 3019 sepulcrum
859 2981 993 3013 Osiridis
1020 2984 1218 3021 monstrant,

180 3028 215 3056 ut
245 3035 340 3066 supra
372 3028 571 3060 ostendimus
593 3042 600 3060 :
626 3031 798 3070 etvDelphi
820 3031 970 3071 reliquias
994 3033 1111 3064 Bacchi
1136 3033 1220 3073 apud

173 3086 207 3109 se
222 3077 314 3117 iuxta
338 3080 505 3111 oraculum
530 3081 606 3112 sitas
630 3083 763 3121 putant,
788 3092 1005 3123 arcanumque
1029 3084 1219 3116 sacrificium

174 3128 260 3159 Hosii
279 3138 312 3159 in
330 3130 401 3160 sano
416 3131 569 3169 Apollinis
583 3135 754 3173 peragunt,
770 3143 834 3173 quo
851 3136 996 3175 tempore
1004 3135 1162 3176 Thyiades
1172 3137 1219 3169 Li·

173 3180 290 3211 cnitain
305 3181 314 3220 (
332 3181 361 3212 id
374 3182 488 3213 Bacchi
501 3184 550 3214 est
565 3185 706 3224 nomen)
724 3186 875 3218 excitant.

685 3279 721 3311 6.

213 3343 343 3382 Argivos
370 3345 515 3377 socrates
530 3346 575 3379 ait
587 3355 666 3380 cane
683 3349 811 3382 Lucinae
835 3360 902 3383 rem
918 3360 1041 3384 sacram
1061 3353 1163 3385 facere
1179 3353 1220 3385 ob

174 3391 357 3425 facilitatem
377 3395 531 3434 pariendi.

1787 2367 1822 2398 7.

1325 2421 1470 2451 socratas
1496 2420 1605 2452 scribit
1630 2420 1719 2460 Argis
1744 2420 1775 2452 in
1800 2421 1889 2453 luctu
1916 2420 2005 2453 albas
2025 2420 2091 2462 geri
2113 2421 2218 2453 vestes
2243 2429 2329 2463 aqua

1283 2471 1396 2504 elutas.
2126 2477 2131 2480 '

1787 2528 1822 2560 8.

1327 2581 1417 2618 Quid
1443 2580 1641 2621 siqnificant
1668 2581 1822 2616 Alastor‚
1859 2581 2045 2618 siluerim,
2079 2581 2330 2615 Palamnaeusfl

1282 2634 1350 2664 Non
1367 2632 1451 2663 enim
1470 2633 1547 2664 fides
1569 2632 1714 2664 habenda
1738 2634 1785 2665 est
1801 2633 1941 2664 aliterios
1965 2633 2068 2664 dictos
2090 2633 2331 2673 perhibentibus

1282 2684 1336 2723 qui
1360 2684 1451 2715 famis
1464 2687 1606 2724 tempore
1623 2684 1794 2716 observant
1816 2684 1972 2716 molentes
1989 2684 2069 2724 (hos
2084 2684 2188 2717 Graeci
2211 2686 2331 2718 vocant

1283 2735 1447 2775 aluntas)
1465 2737 1497 2766 et
1513 2735 1648 2766 farinam
1661 2735 1826 2775 diripiunt.
1844 2738 1966 2767 Verum
1979 2737 2027 2767 est
2041 2736 2178 2768 Alastor
2191 2736 2245 2776 qui
2259 2745 2331 2776 per-

1283 2787 1420 2825 petravit
1447 2788 1566 2819 atasta
1586 2788 1641 2828 (id
1660 2789 1707 2819 est
1728 2787 1881 2819 oblivioni
1897 2796 2062 2828 nunquam
2078 2787 2280 2828 mandanda)
2296 2789 2330 2820 et

1282 2837 1466 2869 diuturnam
1495 2839 1643 2870 habitura
1670 2839 1869 2870 memoriam.
1898 2839 2082 2874 Aliterius,
2109 2847 2205 2878 quem
2226 2839 2328 2872 vitare

1283 2889 1513 2929 (aleuaschoe)
1530 2890 1572 2920 ob
1585 2890 1822 2930 improbitatem
1845 2889 2007 2923 convenit.
2023 2891 2100 2921 Haec
2115 2891 2264 2922 Socrates
2283 2890 2329 2922 ait

1281 2939 1312 2971 in
1324 2940 1441 2972 tabulis
1450 2941 1541 2972 aereis
1553 2941 1702 2981 inscripta
1722 2941 1828 2972 fuisse.
1844 2980 1848 2985 ἱ

1611 3025 1680 3064 AD
1700 3024 1861 3075 ‚IDOTH
1868 3023 1995 3063 EUM.

1785 3114 1820 3146 9.

1321 3182 1467 3213 Socrates
1490 3181 1522 3212 in
1543 3180 1624 3212 libro
1641 3180 1687 3213 Ad
1712 3173 1882 3212 Idotheum
1903 3180 2017 3220 Hylam
2032 3179 2237 3221 Polyphemi,
2260 3187 2325 3212 non

1282 3242 1356 3266 vero
1368 3234 1513 3266 Herculis
1522 3233 1676 3266 amasium
1694 3233 1792 3264 fuisse
1803 3231 1891 3263 dicit.

1773 3298 1831 3330 10.

1321 3353 1550 3394 Polyphemum
1567 3352 1752 3393 Apollonius
1767 3351 1866 3383 Elati.
1886 3354 2032 3385 Socrates
2047 3360 2124 3384 vero
2142 3352 2174 3384 et
2189 3332 2320 3392 Eupho-

1281 3405 1349 3437 rion
1362 3405 1499 3446 Neptuni
1513 3404 1613 3436 lilium
1628 3404 1721 3437 fuisse
1735 3403 1854 3436 dicunt.
