2372 3704
630 323 668 350 2.

135 396 141 405 ι
187 408 314 446 Schol.
334 406 494 444 Pindar.
515 405 576 442 01.
597 405 684 452 VII,
708 406 777 451 49,
806 401 853 437 de
871 399 1092 448 Tlepolemo
1107 397 1172 434 Li·

133 467 271 516 cymnii
285 465 525 502 interfectore
549 462 620 501 :Oi
639 458 674 497 δὲ
688 457 770 511 περὶ
796 455 935 496 Δεινίαν
954 456 1022 506 (fr.
1044 454 1090 505 6)
1112 452 1172 492 καὶ

133 521 306 577 Δέρκυλόν
325 537 428 574 φασιν
440 519 599 559 ἀκούσιον
615 517 674 556 τὸν
690 516 790 569 φόνον
804 515 975 567 γενέσθαι.

632 629 654 664 3
663 658 671 667 .

444 734 474 769 E
502 731 647 768 LIBRO
675 729 870 766 TERTIO.

192 846 362 885 Clemens
375 842 481 880 Alex.
497 843 637 893 Sti-om.
656 842 737 888 I‚p.
763 838 851 887 139,
873 835 894 873 5
913 837 1015 885 Sylh.
1031 849 1039 871 :
1063 833 1177 884 Ἀγίας

140 903 177 942 δὲ
192 899 272 940 ’καὶ
302 900 474 953 Δερκύλος
502 901 536 938 ἐν
558 901 599 950 τῇ
634 896 733 949 τρίτῃ
755 894 861 946 μηνὸς
881 892 1047 942 Πανέμου
1075 890 1178 943 ὀγδόῃ

141 961 310 1014 φθίνοντος
323 974 375 999 sc.
392 961 506 996 Ilium
522 965 674 1006 captum
687 960 763 993 esse
780 960 960 991 statuunt.
978 951 1071 990 Ead.
1086 953 1177 989 Eus.

142 1023 238 1059 RE.
258 1033 296 1069 p.
320 1019 410 1068 293,
426 1018 492 1054 ubi
512 1013 698 1067 Κερκύλος.
1123 1011 1127 1016 “

508 1123 826 1179 (ΒοιΩΤΙΚΑη

649 1246 685 1284 [ι.

198 1347 327 1386 Schol.
343 1348 434 1384 Eur.
456 1346 587 1383 Phoen.
613 1358 632 1391 7
656 1357 664 1380 ε
683 1341 881 1394 Δέρκυλλος
899 1337 1061 1385 Θηὸαίου
1078 1338 1182 1384 τινὸς,

146 1404 342 1455 Δράκοντος
361 1401 513 1452 τοῦνομα
525 1431 535 1449 ,
563 1399 736 1452 βασιλέως
753 1398 787 1437 δὲ
804 1397 987 1446 Θηὸαίων,
1014 1397 1186 1448 θυγατέρα

146 1463 208 1510 τὴν
221 1461 404 1515 Ἁρμονίαν
426 1454 514 1498 εἷναί
527 1474 643 1512 φησιν,
657 1458 693 1496 ὃν
712 1455 879 1511 φονεύσας
901 1455 1046 1506 Κάδμος
1057 1454 1185 1506 ἔγημεν

146 1519 341 1572 Ἁρμονίαν.
361 1518 511 1572 Ἔφορος
525 1517 561 1555 δὲ
575 1532 608 1555 κ.
625 1532 655 1554 τ.
676 1517 712 1555 λ.
733 1517 853 1566 (Eph.
869 1516 913 1552 fr.
934 1515 1044 1565 12)...
1065 1516 1186 1564 Δημα-

145 1578 250 1631 γόρας
264 1578 300 1616 δὲ
321 1593 357 1616 κ.
377 1592 411 1616 τ.
431 1577 466 1615 λ.
490 1577 544 1626 (v.
563 1577 610 1615 fr.
625 1575 654 1625 ).

204 1654 221 1670 α
239 1637 335 1675 Cod.
358 1638 516 1685 August.
535 1646 544 1672 ε
560 1631 731 1685 Δέρκυλος
747 1630 783 1670 δὲ
802 1629 964 1678 Θηὸαίου
982 1629 1070 1673 τινὸς
1089 1628 1186 1681 Δρά-

147 1710 281 1741 κοντος,
291 1693 420 1746 Ἄρεως
433 1691 594 1739 Θηὸαίου
603 1721 612 1738 ,
625 1689 727 1743 φησὶν
740 1683 827 1728 εἶναι
838 1689 900 1736 τὴν
913 1689 962 1728 Ἀ.
975 1692 1007 1728 θ.
1022 1702 1188 1737 quocum

148 1755 336 1790 consentit
353 1755 477 1789 Havn.
496 1759 535 1790 et
547 1751 718 1795 Taurin.‚
734 1751 805 1785 nisi
825 1749 931 1798 quod
950 1749 1011 1784 hic
1030 1747 1065 1784 δὲ
1082 1748 1191 1796 ponit

146 1819 233 1860 post
249 1808 389 1862 Ἄρεως.
409 1810 537 1847 Valck.
554 1810 736 1857 scriptum
763 1808 870 1843 fuisse
890 1808 1098 1855 suspicatur
1117 1819 1125 1841 τ
1143 1809 1186 1844 Δ.

149 1867 224 1918 μὲν,
244 1869 290 1908 Θ.
311 1884 363 1917 τ.,
382 1870 447 1919 Δρ.
480 1865 633 1916 τοῦνομα
646 1896 658 1914 .,
679 1864 806 1918 Ἄρεως
825 1866 920 1911 υἱοῦ,
952 1862 1123 1915 βασιλέως
1155 1864 1186 1901 δ.

150 1927 247 1974 Θηὸ.
270 1929 325 1967 Cf.
359 1928 591 1975 Palaephatus
620 1939 654 1962 c.
681 1926 718 1964 6.
737 1942 752 1958 u
770 1924 965 1962 Mamm.
983 1945 1035 1951 —
1054 1927 1191 1961 Vocem

148 1985 313 2032 Θηὸαίου
332 1993 418 2034 post
434 1983 563 2036 Ἄρεως
577 1997 655 2019 non
671 1983 904 2026 mutaverim,
924 1982 1065 2029 quippe
1080 1994 1192 2029 quam

151 2057 322 2093 expresse
338 2043 524 2080 addidisse
541 2043 740 2078 historicus
756 2049 886 2077 noster
902 2040 1066 2084 videtur,
1084 2052 1131 2075 ne
1145 2040 1192 2075 de

150 2104 223 2140 deo
239 2105 358 2139 Marte
373 2103 525 2150 cogites.
549 2100 725 2138 Ceterum
743 2100 994 2149 fragmentum
1022 2100 1101 2146 peti
1121 2111 1193 2146 po-

151 2163 222 2198 tuit
243 2174 263 2198 e
281 2158 438 2199 Κτίσεων
458 2160 578 2195 libris.

538 2386 810 2426 ARGOLICA.

657 2475 691 2506 2.

194 2542 303 2574 Dinias
318 2543 349 2574 et
358 2543 598 2584 Dercyluslibro
605 2543 698 2576 tertio
706 2543 843 2576 invitum
850 2543 1069 2585 Tlepolemum
1076 2545 1197 2578 caedem

155 2593 349 2626 commisisse
362 2595 463 2626 aiunt.

659 2652 694 2684 3.

198 2703 290 2743 Agias
302 2704 334 2734 et
343 2703 497 2743 Dercylus
512 2703 564 2736 die
573 2704 723 2737 vicesimo
733 2706 827 2738 tertio
841 2706 969 2738 Panemi
980 2706 1096 2738 mensis
1104 2706 1197 2739 ilium

157 2757 288 2796 captum
304 2763 370 2787 esse
385 2756 544 2788 statuunt.

658 2812 692 2845 4.

198 2865 352 2906 Dercylus
372 2865 514 2897 Thebani
533 2865 717 2906 cujusdam,
740 2867 791 2898 cui
809 2868 976 2900 Dracontis
992 2869 1093 2908 (Areo
1115 2869 1199 2900 The·

158 2917 241 2949 bano
255 2918 340 2958 nati)
354 2926 490 2958 nomen,
507 2918 606 2950 filiam
621 2920 826 2952 Harmoniam
836 2928 902 2952 esse
915 2921 1002 2953 dicit.
1014 2923 1086 2959 Quo
1100 2922 1199 2953 inter—

159 2970 242 3002 secto
255 2969 394 3002 cadmus
409 2970 617 3002 Harmoniam
629 2971 733 3003 duxit.

555 3058 802 3098 AETOLICA.

662 3147 697 3180 5.

202 3197 347 3229 Nascitur
366 3198 400 3229 in
416 3199 553 3231 Acheloo
575 3200 675 3232 herba
693 3210 767 3241 quae
785 3210 896 3242 myops
912 3206 1046 3233 vocatur
1067 3215 1074 3234 :
1093 3211 1163 3234 eam
1179 3202 1204 3234 si

162 3249 234 3290 quis
243 3249 274 3280 in
285 3258 401 3290 aquam
413 3251 523 3291 jecerit
534 3253 565 3284 et
578 3253 690 3285 faciem
702 3254 826 3293 lavarit,
838 3254 940 3285 visum
951 3255 1080 3294 amittit,
1094 3264 1204 3295 quem,

163 3299 297 3332 simulac
318 3301 449 3333 Dianam
469 3302 660 3344 placaverit,
676 3306 861 3345 recuperat,
884 3307 920 3337 ut
936 3307 1070 3338 testatur
1085 3309 1205 3346 Dercy-

164 3351 215 3384 lus
229 3352 323 3384 tertio
336 3354 556 3387 AEtolicorum.

1030 196 1361 239 FRAGMENTA.

2194 196 2268 230 387

1619 297 1878 335 ΑῙΤΩΛΙΚΑ.

1541 387 1569 421 Ε
1596 385 1746 421 LIBRO
1773 384 1967 420 TERTIO.

1735 462 1755 499 5
1763 493 1771 501 .

1290 536 1481 574 Plutarch.
1513 537 1571 571 De
1598 532 1690 570 fluv.
1721 545 1792 578 22,
1827 532 1880 568 5:
1915 531 2084 568 Γεννᾶται
2115 530 2148 566 ἐν
2181 530 2274 581 αὐτῷ

1238 592 1442 646 (Ἀχελώῳ)
1466 591 1594 644 βοτάνη
1617 593 1639 637 ἡ
1660 588 1764 642 μύωψ
1788 585 2133 640 προσαγορευομένη*
2148 586 2190 633 ἣν
2210 586 2269 624 ἐάν

1237 668 1287 695 τις
1312 655 1358 695 εἰς
1385 650 1477 703 ὕδωρ
1500 648 1618 701 βαλὼν
1648 648 1791 699 νίψηται
1805 646 1844 684 τὸ
1867 646 2065 697 πρόσωπον,
2082 644 2275 682 ἀποὸάλλει

1238 711 1300 758 τὴν
1325 709 1466 762 ὅρασιν,
1493 706 1655 760 Ἄρτεμιν
1682 706 1710 743 δ’
1739 704 1982 754 ἐξιλασάμενος
2015 704 2207 740 ἀνακτᾶται
2238 701 2277 740 τὸ

1240 772 1330 822 φῶς·
1352 766 1464 811 καθὼς
1486 768 1616 818 ἱστορεῖ
1633 764 1829 817 Δέρκυλλος
1846 764 1880 800 ἐν
1902 762 1933 812 γ’
1951 762 2171 801 Αἰτωλικῶν.

1647 859 1876 897 ΙΤΑΛΙΚΑ.

1545 950 1575 984 Ε
1603 947 1753 984 LIBRO
1782 946 1975 983 TERTIO.

1759 1024 1796 1060 6.

1299 1096 1489 1133 Plutarch.
1513 1096 1598 1132 Par.
1612 1107 1662 1130 m.
1685 1106 1716 1129 c.
1739 1093 1788 1129 38
1811 1090 2016 1142 εἩρακλῆς
2031 1087 2091 1131 τὰς
2110 1086 2285 1139 Γηρυόνου

1251 1157 1331 1207 βοῦς
1352 1152 1504 1191 ἐλαύνων
1522 1152 1564 1189 δι’
1584 1150 1738 1193 Ἰταλίας
1762 1148 1952 1195 ἐπεξενώθη
1973 1145 2106 1199 Φαύνῳ
2130 1146 2285 1197 βασιλεῖ,

1254 1212 1289 1255 ὃς
1303 1206 1346 1259 ἦν
1364 1211 1496 1263 Ἑρμοῦ
1516 1210 1610 1255 παῖς,
1622 1208 1683 1246 καὶ
1699 1206 1776 1248 τούς
1793 1207 1878 1258 [γε]
1898 1205 2008 1250 ξένους
2022 1207 2072 1256 τῷ
2085 1203 2288 1255 γεννήσαντι

1247 1270 1359 1308 ἔθυεν·
1377 1267 1602 1320 ἐπιχειρήσας
1628 1266 1665 1304 δὲ
1684 1268 1733 1317 τῷ
1752 1265 1923 1317 Ἡρακλεῖ
1949 1262 2115 1315 ἀνῃρέθη·
2133 1263 2179 1306 ὥς
2197 1260 2286 1313 Δέρ-

1246 1328 1368 1370 κυλλος
1384 1328 1418 1364 ἐν
1436 1325 1541 1378 τρίτῳ
1556 1325 1753 1364 Ἰταλικῶν.

1652 1407 1877 1449 ’ΚΤΙΣΕΙΣ

1566 1501 1595 1535 Ε
1624 1498 1771 1535 LIBRO
1800 1497 1970 1534 PRIMO.

1748 1587 1783 1619 7.

1301 1647 1407 1683 Idem
1424 1646 1517 1684 ibid.
1535 1658 1569 1681 c.
1592 1658 1634 1692 17
1659 1656 1668 1682 ;
1686 1642 1749 1681 Ἐν
1768 1640 1864 1692 Ἰλίῳ
1883 1643 1943 1678 τοῦ
1959 1643 2041 1677 ναοῦ
2058 1641 2120 1685 τῆς
2139 1638 2281 1685 Ἀθηνᾶς

1250 1702 1525 1754 ἐμπρησθέντος,
1545 1699 1779 1754 προσδραμὼν
1802 1693 1897 1742 Ἶλος
1916 1698 1954 1736 τὸ
1972 1696 2125 1740 διοπετὲς
2147 1696 2286 1748 ἥρπασε

1250 1762 1455 1808 παλλάδιον,
1485 1761 1545 1799 καὶ
1579 1758 1778 1812 ἐτυφλώθη·
1808 1758 1846 1796 οὗ
1877 1756 1944 1810 γὰρ
1970 1756 2044 1801 ἐξὸν
2080 1755 2139 1793 ὑπ’
2168 1754 2288 1806 ἀνδρὸς

1255 1820 1451 1872 βλέπεσθαι·
1465 1817 1605 1869 ὕστερον
1622 1818 1649 1855 δ’
1662 1815 1909 1867 ἐξιλασάμενος
1929 1814 2116 1867 ἇνέὸλεψεν
2129 1829 2137 1837 ·
2153 1815 2198 1856 ὡς
2211 1811 2294 1864 Δέρ-

1254 1880 1377 1921 κυλλος
1397 1879 1431 1915 ἐν
1451 1876 1579 1929 πρώτῳ
1597 1875 1766 1915 Κτίσεων.

1628 1963 1748 2001 ΠΕΡΙ
1773 1962 1920 2001 ΟΡΩΝ.

1560 2053 1590 2086 Ε
1618 2051 1765 2087 LIBRO
1793 2050 1987 2085 TERTIO.

1754 2125 1792 2164 8.

1309 2197 1498 2235 Plutarch.
1524 2199 1581 2233 De
1600 2196 1689 2232 fluv.
1707 2198 1741 2245 1,
1764 2200 1785 2238 4
1812 2208 1821 2231 z
1841 2192 2060 2244 Ἀλεξάνδρου
2086 2195 2146 2231 τοῦ
2172 2194 2298 2231 Μακε-

1257 2253 1349 2297 δόνος
1367 2253 1455 2304 μετὰ
1472 2252 1729 2305 στρατεύματος
1746 2253 1792 2295 εἷς
1810 2250 1936 2290 Ἰνδίαν
1954 2250 2106 2293 ἐλθόντος
2119 2279 2129 2296 ,
2142 2249 2202 2287 καὶ
2221 2251 2290 2287 τῶν

1667 2379 1749 2418 ITA
1755 2378 1883 2417 LICA.

1762 2458 1798 2491 6.

1299 2520 1451 2552 Hercules
1465 2519 1621 2560 Geryonis
1632 2519 1731 2551 boves
1743 2527 1800 2559 per
1817 2519 1942 2551 ltaliam
1965 2527 2060 2559 agens
2075 2517 2211 2559 hospitio
2224 2526 2301 2550 usus

1257 2573 1305 2604 est
1323 2571 1422 2603 Fauni
1441 2572 1541 2612 regis,
1558 2571 1615 2612 qui
1631 2570 1778 2602 Mercurii
1799 2570 1860 2602 suit
1875 2570 1974 2610 filius,
1987 2579 2024 2601 ac
2042 2569 2125 2610 patri
2137 2569 2303 2601 immolare

1259 2623 1396 2668 hospites
1408 2622 1530 2655 solebat
1547 2634 1555 2654 ε
1582 2622 1608 2653 is
1622 2630 1784 2662 aggressus
1796 2622 1965 2653 Herculem
1975 2646 1984 2661 ,
1999 2621 2040 2653 ab
2056 2622 2125 2662 ipso
2143 2612 2191 2653 est
2206 2620 2303 2653 truci-

1258 2674 1363 2706 datus.
1379 2675 1534 2714 Dercylus
1550 2673 1645 2705 tertio
1662 2673 1859 2705 Italicorum.

1533 2746 1738 2785 URBlUM
1768 2745 2022 2784 ORIGINES.

1765 2826 1800 2856 7.

1303 2889 1339 2918 1η
1362 2887 1419 2918 llio
1448 2886 1601 2918 Minervae
1620 2885 1740 2926 templo
1755 2884 1888 2916 ardente
1901 2909 1909 2924 ,
1936 2885 1999 2917 llus
2025 2892 2196 2916 occurrens
2223 2882 2303 2914 coelo

1261 2938 1426 2978 delapsum
1440 2937 1617 2969 Palladium
1629 2936 1764 2976 eripuit,
1779 2945 1817 2967 ac
1833 2938 1947 2976 captus
1962 2937 2010 2967 est
2023 2935 2207 2973 luminibus,
2219 2933 2301 2973 quod

1261 2990 1340 3021 illud
1354 2990 1455 3021 videri
1471 2998 1490 3021 a
1508 2990 1575 3021 viro
1594 2989 1681 3021 nefas
1694 2990 1773 3021 erat.
1793 2989 1962 3021 Postmodo
1975 2991 2083 3021 tamen
2102 2989 2227 3029 placato
2242 2996 2302 3017 nu-

1262 3041 1348 3072 mine
1365 3041 1468 3072 visum
1486 3040 1621 3080 recepit,
1637 3042 1775 3072 testante
1797 3041 1932 3080 Dercylo
1952 3040 1984 3072 in
1999 3040 2101 3080 primo
2117 3042 2164 3071 De
2177 3038 2303 3070 urbium

1263 3091 1445 3132 originibus.

1601 3169 1667 3207 DE
1696 3168 1970 3208 MONTIBUS.

1767 3245 1803 3277 8.

1308 3307 1414 3343 Quum
1426 3303 1603 3336 Alexander
1615 3303 1747 3336 Macedo
1755 3304 1786 3335 in
1793 3303 1915 3335 Indiam
1926 3302 2061 3334 venisset
2070 3297 2302 3336 cumexemstu,

1267 3356 1299 3388 et
1317 3355 1471 3396 indigenae
1493 3355 1521 3387 ei
1539 3356 1614 3388 totis
1627 3355 1748 3387 viribus
1767 3354 1911 3386 resistere
1929 3351 2156 3387 decernerent,
2177 3348 2304 3388 elephas

2103 3411 2147 3435 25.
