2372 3704
118 244 190 276 011

171 328 257 374 Pag.
279 325 369 373 293,
387 324 433 360 ad
460 325 503 363 fr.
527 328 590 374 9‘1.
622 344 671 352 --
700 323 754 361 Cf.
785 325 1001 360 Heraclides
1030 324 1076 362 fr.
1116 338 1128 360 1
1146 353 1155 371 ‚

116 385 137 431 g
159 384 202 432 8,
225 393 313 420 tom.
330 386 364 419 Il
379 412 389 429 ,
407 397 446 432 p.
466 396 555 432 209.

169 445 258 492 Pag.
276 443 366 493 296,
385 443 431 479 ad
463 443 506 479 fr.
539 456 553 478 1
566 456 579 478 1
592 456 624 478 1.
647 464 698 470 —
722 442 777 480 Cf.
795 442 948 478 Boeckh.
973 442 1157 478 illane-tho

115 516 155 550 p.
184 502 273 539 366.

169 562 259 609 Pag.
275 559 367 609 295,
381 561 515 608 fragm.
540 572 612 608 ¹09
626 572 663 596 a.
677 559 876 594 —Strabo
896 560 997 602 VIII,
1019 572 1058 607 p.
1082 557 1154 604 374

102 620 211 656 extr.
236 631 245 656 :
274 616 415 661 Μεταξὺ
441 616 477 654 δὲ
497 618 682 668 Τροιζῆνος
709 614 768 653 καὶ
789 615 1000 667 Ἐπιδαύρου
1029 614 1157 667 χωρίον

117 670 157 722 ἧν
182 675 328 728 ἐρυμνὸν
351 675 495 714 Μέθανα
512 674 570 712 καὶ
602 673 809 727 χερρόνησος
829 672 1010 724 ὁμώνυμος
1028 672 1157 724 τούτῳ·

115 734 213 787 παρὰ
233 734 430 785 Θουκυδίδῃ
461 733 495 771 δὲ
517 733 550 770 ἔν
569 749 656 771 τισιν
679 731 899 783 ἀντιγράφοις
924 731 1074 777 Μεθώνη
1094 730 1158 782 φέ-

117 809 212 845 ρεται
242 793 433 844 ὁμωνύμως
454 796 496 845 τῇ
515 793 763 843 Μακεδονικῇ,
784 793 818 828 ἐν
847 786 869 841 ᾗ
891 790 1070 832 Φίλιππος
1085 789 1156 834 ἐξε-

116 851 208 898 κόπη
235 852 292 890 τὸν
313 850 489 903 ὀφθαλμὸν
527 851 740 900 πολιορκῶν·
777 848 895 900 διόπερ
927 847 1036 885 οἴεταί
1067 862 1159 890 τινας

118 909 397 956 ἐξαπατηθέντας
417 911 435 947 ὃ
460 908 615 960 Σκήψιος
638 907 836 958 Δημήτριος
861 905 922 951 τὴν
941 907 974 943 ἓν
995 908 1036 956 τῇ
1053 907 1158 957 Τροι-

119 971 193 1015 ζῆνι
213 969 382 1014 Μεθώνην
417 969 586 1014 ὑπονοεῖν,
617 965 695 1007 καθ’
729 960 769 1011 ἧς
790 964 988 1016 ἀράσασθαι
1022 962 1159 1014 λέγεται

118 1026 196 1071 τοὺς
227 1029 286 1065 ὑπ’
312 1026 565 1077 Ἀγαμέμνονος
596 1024 839 1074 ναυτολόγους,
864 1021 1037 1072 μηδέποτε
1068 1020 1159 1058 παύ-

120 1089 247 1123 σασθαι
265 1086 497 1136 τειχοδομεῖν,
525 1085 562 1121 οὗ
580 1082 723 1132 τούτων,
745 1081 835 1119 ἀλλὰ
860 1083 927 1118 τῶν
949 1079 1159 1118 Μακεδόνων

120 1142 394 1189 ἀνανευσάντων,
409 1141 454 1184 ὥς
472 1156 556 1192 φησι
575 1140 790 1189 Θεόπομπος
804 1151 812 1158 ·
829 1138 968 1182 τούτους
988 1138 1016 1175 δ’
1033 1138 1095 1176 οὐκ
1113 1138 1158 1174 ε’ἷ-

118 1200 196 1250 κὸς,
223 1200 322 1252 ἐγγὺς
347 1200 467 1246 ὄντας,
490 1201 689 1245 ἀπειθῆσαι.
709 1201 797 1235 Haec
819 1211 864 1234 eo
886 1199 973 1234 loco
1001 1198 1161 1246 protulit

118 1262 204 1306 Th.‚
225 1273 302 1308 quo
331 1259 378 1295 de
408 1259 588 1294 Methone
619 1270 640 1293 a
667 1259 844 1306 Philippo
870 1257 1017 1292 obsessa
1037 1268 1160 1291 sermo

119 1327 213 1355 erat.
234 1319 294 1355 Ol.
324 1317 411 1362 106,
430 1322 466 1361 4.
490 1317 547 1354 Cf.
562 1316 720 1353 Diodor.
739 1317 850 1360 XVI,
877 1315 938 1357 34.

171 1380 261 1425 Pag.
283 1389 371 1424 297.
392 1377 543 1423 Fragm‚
565 1387 639 1423 119
654 1387 689 1410 a.
705 1374 896 1410 —Lexici
911 1373 1006 1408 rhet.
1027 1371 1160 1420 fragm.

119 1437 168 1472 ad
186 1437 324 1471 calcem
342 1436 465 1471 Photii
481 1437 573 1472 Lex,
596 1447 634 1482 p.
661 1432 759 1479 675,
782 1446 802 1468 2
825 1433 886 1470 ed.
917 1432 1056 1481 prr.‚
1086 1432 1162 1466 sive

122 1508 164 1543 p.
188 1507 237 1542 29
259 1506 320 1542 ap.
343 1494 495 1529 Maurit.
519 1492 663 1538 Meier.‚
689 1492 754 1539 qui
774 1492 971 1539 separatim
989 1490 1063 1524 hoc
1085 1490 1161 1525 fra-

120 1560 311 1601 gmentum
332 1552 452 1587 edidit
474 1552 574 1587 Halae
596 1549 693 1592 1843
711 1563 719 1584 :
741 1546 787 1586 'A
801 1562 952 1598 γγαροι
973 1545 1007 1583 δὲ
1028 1547 1057 1583 οἱ
1078 1561 1160 1598 πρε»

122 1609 265 1648 σὸευταί
283 1611 352 1659 (sc.
374 1610 475 1658 apud
511 1611 637 1644 Persas
653 1607 876 1657 vocantur).
895 1604 1105 1653 Θεόπομπος
1128 1606 1161 1642 ἐν

121 1672 164 1720 τῇ
185 1668 454 1720 τρισκαιδεκάτῃ
487 1665 610 1708 οὕτως·
630 1683 644 1698 α
670 1664 883 1716 Κατέπεμψε
901 1663 1085 1716 πρέσὸεις,
1107 1662 1163 1706 οὒς

122 1728 245 1766 ἐκεῖνοι
267 1725 438 1777 ἀγγάρους
457 1726 633 1761 καλοῦσιν.
655 1740 670 1757 »
696 1724 877 1775 Εἰρηναῖοι
896 1722 930 1759 δὲ
954 1723 988 1759 ἕν
1008 1725 1057 1771 τῷ
1079 1724 1162 1760 ὑπο-

123 1784 280 1835 μνήματι
301 1786 351 1836 τῷ
366 1784 412 1826 εἷς
433 1782 620 1835 Ἡρόδοτόν
636 1797 720 1834 φησι
735 1783 916 1819 καλεῖσθαι
937 1781 1016 1825 τοὺς
1035 1783 1074 1819 ἐκ
1089 1782 1164 1818 δια-

123 1844 228 1894 δοχῆς
258 1840 456 1894 βασιλικοὺς
483 1839 818 1893 γραμματηφόρους,
837 1839 946 1890 ἀγγά
958 1855 1029 1892 ρου
1041 1855 1072 1882 ς·
1089 1838 1163 1876 ὅθεν

123 1901 183 1938 καὶ
202 1900 242 1938 τὸ
262 1902 307 1943 εἷς
327 1898 507 1952 βασιλικὰς
533 1897 680 1947 ἀπάγειν
697 1914 733 1935 τ’.
749 1897 867 1949 χρείας
899 1897 1164 1949 ἀγγαρεύειν

123 1959 268 2009 λέγομεν
282 1974 290 1982 ·
307 1958 365 1996 καὶ
385 1957 442 1996 τὸν
460 1956 725 2009 ἀγγελιαφόρον,
745 1956 882 2008 ἄγγαρ
894 1971 947 1994 ον·
960 1955 1019 1994 καὶ
1038 1955 1166 2007 ἀγγά-

125 2034 212 2070 ριον
227 2020 379 2056 ἐντεῦθεν
392 2033 400 2042 ·
413 2015 473 2054 καὶ
493 2015 532 2053 τὸ
552 2018 746 2067 ὑπηρετεῖν,
762 2017 922 2067 ἀγγαρε
935 2014 953 2052 ύ
965 2030 979 2052 ε
991 2030 1040 2054 ιν.
1058 2033 1072 2048 «
1091 2018 1163 2052 De-

125 2080 243 2114 cimus
275 2079 407 2113 tertius
446 2077 746 2124 Philippicorum
787 2076 1028 2124 Theopompi
1069 2075 1166 2110 liber

125 2151 243 2186 quum
258 2137 367 2172 bella.
379 2148 402 2171 a
417 2136 536 2170 Persis
557 2142 636 2169 tum
656 2135 724 2169 sub
742 2135 949 2170 Artaxerxe
962 2135 1166 2170 Memnone

126 2203 259 2231 contra
270 2195 412 2230 Acorin
431 2201 507 2228 tum
522 2194 591 2228 sub
610 2195 813 2228 Artaxerxe
830 2194 935 2229 Ocho
951 2200 1082 2229 contra
1096 2194 1125 2228 T
1128 2205 1168 2228 a·

127 2255 240 2290 chum
273 2260 374 2302 gesta
404 2251 758 2300 comprehenderit,
791 2251 965 2299 profecto
995 2263 1073 2286 non
1105 2251 1166 2286 hic

128 2312 255 2348 deerat
274 2311 539 2359 opportunitas
560 2310 605 2345 de
630 2310 778 2357 angaris
796 2309 957 2345 dicendi.
987 2326 1001 2341 ιι
1023 2311 1165 2344 Manui.

127 2371 218 2417 Quae
251 2369 480 2405 antecedunt
508 2368 596 2403 vide
616 2369 655 2402 in
684 2368 909 2416 Nymphidis
930 2368 1060 2418 fragm.
1099 2381 1166 2414 12,

126 2435 221 2463 toul.
239 2429 308 2472 ΙΙΙ,
328 2439 367 2474 p.
391 2429 454 2468 14.

181 2487 274 2533 Pag.
298 2484 388 2532 298,
414 2484 460 2520 ad
472 2483 518 2519 fr.
549 2496 697 2521 120.—
716 2485 873 2520 Decimo
893 2485 1002 2519 tertio
1022 2485 1082 2520 vel
1095 2485 1169 2520 alio

129 2545 230 2580 libro
241 2570 252 2588 ‚
275 2544 313 2578 in
331 2543 467 2590 quibus
482 2542 527 2578 de
547 2543 660 2578 rebus
679 2543 719 2577 in
742 2543 903 2590 AEgypto
921 2543 1031 2590 gestis
1050 2555 1170 2578 sermo

131 2610 224 2647 erat,
245 2602 291 2638 de
309 2602 385 2637 Nili
408 2601 648 2636 incrementis
674 2613 881 2647 eorumque
902 2602 1020 2635 causis
1044 2602 1170 2636 Theo-

130 2672 296 2710 pompus
316 2659 430 2707 egisse
450 2658 613 2694 videtur.
629 2660 722 2694 Nam
741 2658 788 2694 de
807 2658 864 2693 his
884 2659 1172 2706 Theopompum

131 2732 209 2755 una
223 2731 307 2754 cum
322 2717 860 2766 EphorolaudatDiodorusL
885 2716 933 2764 39
950 2715 1005 2764 (v.
1026 2715 1168 2764 Ephor.

133 2778 179 2815 fr.
201 2777 285 2822 108,
302 2789 342 2825 p.
367 2773 495 2824 164)οῐ
510 2776 699 2810 Plutarch.
713 2777 768 2811 De
782 2775 882 2823 plac.
897 2775 1035 2822 philos.
1050 2775 1113 2819 IV,
1133 2787 1147 2810 1
1159 2801 1169 2819 ,

186 2837 370 2884 pag-²97·
382 2854 435 2861 —
447 2834 561 2882 Apud
573 2834 693 2870 schol.
710 2833 903 2881 Aristoph.
924 2834 1018 2868 Avv.
1034 2831 1108 2868 363
1127 2832 1174 2868 de

135 2894 333 2932 Cilliconte
359 2893 424 2940 qui
441 2893 577 2939 Syrum
603 2892 765 2939 patriam
784 2892 916 2927 Samiis
943 2890 1171 2939 prodiderit,

133 2953 311 2988 laudatur
324 2948 546 3001 Θεόφραστος
572 2949 606 2985 ἐν
622 2950 670 3000 τῷ
693 2947 735 2999 ιγ’
756 2950 824 2985 τῶν
841 2949 1017 3000 ἱστοριῶν.
1045 2950 1175 2996 Repo-

133 3011 302 3047 nendum
319 3021 394 3045 esse
411 3009 655 3056 Theophrasti
682 3009 768 3043 loco
779 3009 1065 3056 Theopompum
1075 3014 1175 3043 recte

134 3068 272 3118 procul
288 3067 405 3102 dubio
423 3074 548 3102 censet
566 3066 750 3102 Prellerus
770 3067 818 3102 ad
832 3067 1026 3102 Polemon.
1048 3078 1089 3113 p.
1110 3063 1173 3113 59.

138 3130 286 3164 Locum
317 3125 437 3169 hunc,
472 3136 585 3171 quem
618 3125 879 3172 exscripsimus
915 3125 954 3158 in
985 3123 1178 3159 Maeandrii

137 3185 269 3233 fragm.
294 3196 327 3227 1,
347 3189 439 3217 tom.
463 3183 515 3226 ΙΙ,
531 3195 570 3230 p.
596 3181 686 3228 334,
700 3183 819 3217 insere
837 3189 923 3230 post
938 3182 1071 3230 fragm.
1090 3194 1176 3218 122.

190 3244 280 3290 Pag.
301 3241 392 3285 302,
411 3239 459 3277 fr.
488 3244 560 3282 140
576 3253 612 3275 α.
626 3264 674 3270 --
686 3241 868 3287 Scymnus
885 3241 996 3276 Chius
1011 3253 1046 3278 v.
1067 3239 1143 3288 369
1165 3252 1174 3274 ε

224 3339 292 3372 Εἶτ’
309 3339 390 3370 ἔστιν
407 3339 546 3379 Ἀδριανὴ
560 3338 692 3369 θάλαττα
706 3339 866 3378 λεγομένη.

223 3387 409 3426 Θεόπομπος
423 3385 588 3425 ἀναγράφει
602 3386 634 3416 δὲ
653 3385 767 3422 ταύτηε
780 3386 833 3422 τὴν
851 3386 945 3423 θέσιν,

224 3436 265 3470 ὡς
279 3434 315 3471 δὴ
330 3432 569 3472 συνισθμίζουσα
583 3433 655 3472 πρὸς
669 3433 723 3469 τὴν
742 3433 893 3468 Ποντικὴν

808 235 1047 274 ΑΒΒΕΝΠΑ
1081 235 1144 274 ET
1173 233 1499 275 CORRIGENDA

1299 323 1408 359 νήσους
1421 322 1484 362 ἔχει
1501 325 1566 357 ταῖς
1581 321 1735 354 Κυκλάσιν
1754 319 1988 362 ἐμφερεστάτας,

1298 370 1413 400 τούτων
1427 370 1458 401 δὲ
1471 369 1525 405 τὰς
1540 369 1593 408 μὲν
1605 369 1770 409 λεγομένας
1790 369 1964 410 Ἀψυρτίδας

1300 415 1494 455 Ἠλεκτρίδας
1508 425 1540 446 τε
1550 439 1559 454 ,
1577 415 1631 451 τὰς
1645 415 1676 446 δὲ
1690 416 1742 446 καὶ
1757 415 1952 456 Λιὸυρνίδας.

1302 463 1363 494 Τὸν
1377 462 1492 493 κόλπον
1511 463 1669 501 ἱστοροῦσι
1686 462 1738 493 τὸν
1753 461 1939 502 Ἀδριατικὸν

1299 512 1360 539 τῶν
1377 508 1540 549 βαρὸάρων
1560 508 1673 546 πλῆθός
1687 518 1716 539 τι
1731 511 1894 548 περιοικεῖν
1906 508 2012 549 κύκλῳ

1303 555 1413 585 ἑκατὸν
1427 555 1538 594 σχεδὸν
1555 553 1680 594 μυριάσι
1695 554 1886 591 πεντήκοντά
1894 565 1927 585 τε

1300 601 1404 640 χώραν
1424 601 1550 641 ἀρίστην
1564 601 1739 640 νεμομένων
1754 601 1807 631 καὶ
1820 600 1987 640 καρπίμην·

1301 647 1517 687 διδυμητοκεῖν
1531 646 1588 687 γάρ
1607 657 1682 685 φασι
1696 647 1749 677 καὶ
1763 647 1803 678 τὰ
1819 648 1988 686 θρέμματα.
2016 651 2019 654 ’

1301 694 1371 734 ’Λὴρ
1385 694 1573 725 διαλλάττων
1586 694 1618 724 δὲ
1631 694 1715 734 παρὰ
1728 694 1780 724 τὸν
1799 693 1949 725 Ποντικὸν

1302 740 1384 771 ἐστὶν
1397 740 1474 781 ὑπὲρ
1487 740 1607 778 αὐτοὺς,
1623 740 1736 780 καίπερ
1749 739 1839 776 ὄντας
1851 739 1995 776 πλησίον·

1301 787 1337 817 οὐ
1351 786 1409 828 γὰρ
1418 787 1583 826 νιφετώδης
1597 786 1662 817 οὐδ’
1676 786 1754 826 ἄγαν
1771 786 1952 827 ἐψυγμένος,

1303 834 1392 875 ὑγρὸς
1407 834 1439 865 δὲ
1457 833 1637 865 παντάπασι
1654 833 1705 864 διὰ
1717 834 1821 868 τέλους
1835 833 1938 872 μένει,

1302 879 1369 916 ὀξὺς
1379 880 1562 920 ταραχώδης
1578 879 1622 910 ὢν
1635 890 1668 910 τε
1683 880 1757 919 πρὸς
1770 879 1823 914 τὰς
1841 878 2033 919 μεταὸολὰς,

1303 926 1439 967 μάλιστα
1454 930 1509 958 τοῦ
1529 927 1631 967 θέρους
1647 926 1690 964 δὲ,
1703 927 1889 967 πρηστήρων
1902 936 1935 957 τε
1947 926 2000 956 καὶ

1304 974 1398 1014 βολὰς
1414 977 1573 1014 κεραυνῶν
1589 973 1659 1009 τούς
1673 983 1704 1004 τε
1718 973 1900 1013 λεγομένους
1915 973 1980 1004 ἐκεῖ

1303 1024 1454 1061 τυφῶνας.
1474 1020 1603 1051 Ἐνετῶν
1617 1019 1644 1051 δ’
1657 1020 1716 1051 εἶσὶ
1731 1018 1922 1057 πεντήκοντά
1937 1029 1997 1050 που

1302 1067 1405 1102 πόλεις
1424 1067 1455 1098 ἐν
1472 1067 1557 1107 αὐτῷ
1573 1067 1712 1106 κείμεναι
1726 1066 1800 1106 πρὸς
1819 1068 1863 1106 τῷ
1876 1067 1990 1105 μυχῷ,

1303 1113 1355 1148 οὓς
1367 1113 1404 1150 δὴ
1425 1114 1577 1153 μετελθεῖν
1595 1123 1688 1152 φασιν
1705 1112 1740 1143 ἐκ
1749 1115 1802 1149 τῆς
1818 1111 2028 1151 Παφλαγόνων

1305 1160 1410 1200 χώρας
1423 1159 1610 1197 κατοικῆσαί
1623 1170 1658 1190 τε
1675 1160 1744 1200 περὶ
1758 1159 1811 1190 τὸν
1830 1157 1958 1199 Ἀδρίαν.

1274 1270 1348 1304 Ρ1·0
1364 1266 1576 1316 Θεόπομπος
1604 1267 1727 1303 codex
1743 1266 1934 1302 Parisinus
1961 1265 2075 1302 habet
2102 1261 2251 1311 Θεόπεμ-

1221 1341 1317 1369 πτος.
1350 1329 1461 1363 Plura
1496 1326 1676 1374 exscripsi
1710 1337 1824 1373 quam
1848 1325 1984 1360 diserte
2011 1317 2260 1372 Theopompo

1222 1387 1456 1421 tribuuntur.
1473 1385 1662 1421 Nimirum
1680 1390 1803 1419 totum
1813 1383 1914 1418 hunc
1929 1383 2058 1418 locum
2069 1394 2113 1418 ex
2125 1381 2261 1418 eodem

1222 1443 1370 1480 fluxisse
1396 1451 1549 1479 auctore
1578 1443 1703 1491 arguit
1737 1455 1819 1489 quae
1851 1442 1890 1476 in
1908 1441 2120 1489 posteriore
2154 1446 2263 1488 parte

1223 1504 1464 1538 continuatur
1482 1502 1682 1538 Adriaticae
1698 1508 1734 1536 et
1753 1500 1917 1536 Ponticae
1929 1499 2094 1547 regionis
2109 1510 2264 1546 compa-

1222 1562 1333 1606 ratio,
1350 1573 1466 1608 porro
1482 1561 1626 1607 Theop.
1640 1559 1686 1596 fr.
1708 1563 1778 1602 142
1799 1558 1845 1594 de
1861 1569 2040 1605 agrorum
2057 1555 2106 1591 ad
2117 1554 2260 1591 Adriat.

1223 1631 1325 1654 mare
1354 1619 1566 1662 fertssitate3
1604 1617 1764 1664 denique
1793 1629 1871 1652 rem
1892 1614 2099 1651 conficiunt
2113 1614 2267 1661 Scymni

1223 1677 1338 1712 verba
1354 1675 1481 1726 καίπερ
1501 1667 1603 1718 ὄντας
1623 1673 1784 1720 πλησίον;
1802 1687 1888 1710 nam
1915 1673 2153 1721 Theopompi
2173 1673 2262 1720 opi-

1225 1736 1390 1780 nionem,
1409 1747 1513 1770 mare
1528 1734 1578 1769 ad
1597 1735 1760 1769 Pontum
1775 1733 1963 1768 Euxinum
1985 1731 2080 1766 adeo
2100 1731 2268 1767 vicinum

1225 1806 1300 1829 esse
1318 1795 1414 1829 mari
1427 1793 1622 1829 Adriatico
1639 1800 1682 1828 ut
1697 1804 1742 1827 ex
1767 1798 1896 1826 monte
1913 1789 2082 1838 quodam
2112 1797 2263 1825 utrum-

1226 1865 1300 1900 que
1332 1853 1449 1900 possit
1485 1851 1674 1899 conspici,
1721 1856 1828 1886 notat
1868 1849 2002 1886 Strabo
2037 1849 2078 1883 in
2115 1848 2263 1896 Theop.

1227 1911 1274 1948 fr.
1303 1916 1387 1954 140.

1278 1971 1367 2018 Pag.
1383 1968 1471 2014 306,
1486 1968 1534 2004 ad
1548 1967 1676 2017 fragm.
1699 1966 1785 2012 167.
1801 1986 1853 1993 —·
1868 1965 1924 2004 Cf.
1941 1963 2071 2001 Meier.
2089 1966 2147 2001 De
2158 1964 2270 2000 bonis

1227 2026 1396 2063 damnat.
1416 2038 1457 2073 p.
1483 2024 1554 2060 108
1574 2037 1656 2072 sqq.

1278 2085 1375 2121 Ibid.
1391 2085 1524 2132 fragm.
1541 2082 1629 2130 169,
1640 2083 1708 2117 lin.
1720 2094 1758 2130 9.
1772 2080 1936 2129 —Lege
1950 2093 1959 2115 ε
1979 2078 2131 2130 Ἀρχῖνος
2142 2077 2270 2126 δἈθη-

1227 2147 1342 2192 ναῖος,
1371 2150 1409 2178 et
1423 2143 1552 2190 paullo
1570 2148 1658 2190 post
1679 2152 1688 2178 :
1710 2138 1802 2177 ἔτεσι
1818 2137 1885 2190 πρὸ
1911 2140 1970 2175 τοῦ
1995 2135 2185 2175 Εὐκλείδου
2209 2137 2263 2175 κδ’

1229 2200 1286 2238 ἐπὶ
1305 2198 1491 2242 Εὐκλέους.

1283 2262 1371 2309 Pag.
1402 2259 1498 2305 307,
1521 2258 1568 2297 fr.
1608 2257 1694 2304 173.
1716 2277 1769 2284 --
1787 2258 1861 2292 Pro
1891 2252 2047 2305 Ζειρενία
2077 2254 2148 2303 leg.
2179 2255 2267 2292 Ζει-

1254 2333 1333 2356 ινια.

1232 2333 1249 2370 ρ
1283 2377 1375 2425 pag.
1400 2376 1489 2424 309.
1516 2376 1604 2411 -Si
1616 2374 1734 2419 lubet,
1751 2372 1866 2409 addas
1878 2378 1964 2420 post
1977 2370 2111 2419 fragm.
2129 2369 2200 2413 184
2217 2371 2272 2406 lo·

1232 2449 1319 2471 cum
1336 2435 1478 2470 Natalis
1497 2434 1600 2470 Com.
1617 2434 1703 2476 VII,
1720 2444 1780 2476 12,
1793 2431 1861 2465 ubi
1881 2430 1927 2465 de
1942 2428 2184 2476 Gorgonibus
2192 2429 2273 2463 lau·

1232 2501 1293 2528 tur
1311 2492 1598 2541 Nymphodorus
1614 2492 1707 2525 libro
1720 2493 1825 2525 tertio
1843 2489 2089 2523 Historiarum
2106 2493 2144 2521 et
2157 2482 2272 2522 Theo-

1229 2564 1385 2600 pompus
1422 2552 1511 2586 libro
1554 2551 1727 2586 XXVII
1764 2548 1834 2598 (V.
1852 2545 2072 2596 Nymphod.
2113 2544 2162 2582 fr.
2207 2557 2272 2592 22,

1234 2618 1326 2646 tom.
1343 2611 1399 2655 II,
1418 2622 1459 2658 p.
1484 2608 1596 2657 381).

1286 2670 1375 2716 Pag.
1394 2667 1484 2703 311.
1508 2687 1561 2695 -
1579 2667 1672 2703 Cum
1693 2665 1738 2704 fr.
1777 2669 1849 2714 194
1884 2663 1930 2700 cf.
1957 2660 2103 2712 Ephori
2130 2660 2179 2700 fr.
2201 2659 2273 2711 58,

1233 2740 1273 2775 p.
1300 2727 1391 2768 248.

1287 2784 1388 2821 Ibid.
1424 2783 1560 2831 fragm.
1585 2794 1658 2818 200
1681 2794 1719 2817 α.
1741 2802 1794 2808 —-
1823 2780 1943 2817 AElius
1969 2780 2170 2815 Promotus
2198 2778 2270 2813 Ms.

1235 2854 1296 2890 ap.
1325 2841 1544 2878 Schneider.
1566 2841 1614 2876 ad
1642 2839 1824 2876 Nicandr.
1847 2839 1953 2874 Alex.
1975 2849 2061 2885 pag.
2083 2837 2156 2872 623
2185 2848 2193 2870 ι
2223 2833 2276 2872 Τὸ

1238 2898 1394 2935 ἀκόνιτον
1423 2897 1545 2949 φύεται
1567 2895 1628 2946 μὲν
1662 2897 1695 2933 ἐν
1726 2894 1897 2936 Ἀκόναις·
1916 2891 2018 2944 λόφος
2051 2892 2088 2929 δέ
2117 2893 2208 2929 ἐστιν
2240 2891 2276 2927 ἓν

1237 2954 1429 3006 Ἡρακλείᾳ
1457 2953 1546 2991 οὕτω
1566 2952 1775 3002 καλούμενος
1797 2950 1952 2997 Ἄκόναι,
1970 2953 2015 2993 ὥς
2033 2951 2164 3000 ἱστορεῖ
2181 2948 2277 2988 Θεό-

1236 3027 1379 3062 πομπος
1407 3011 1466 3049 καὶ
1494 3010 1675 3063 Εὐφορίων
1692 3011 1726 3047 ἐν
1758 3008 1871 3060 Ξενίῳ
1893 3009 1960 3059 (fr.
1993 3008 2042 3045 28
2071 3007 2273 3058 Meinek).
2292 3032 2303 3041 .

1239 3071 1296 3110 Cf.
1315 3071 1445 3120 Steph.
1465 3072 1644 3106 Thesaur.
1665 3082 1701 3107 v,
1724 3067 1893 3105 ἀκόνιτον.

1291 3131 1380 3178 Pag.
1409 3129 1498 3166 312.
1517 3149 1570 3156 —
1585 3128 1646 3164 Ad
1660 3127 1868 3176 fragmenta
1881 3126 1971 3161 libri
1990 3125 2037 3173 39
2055 3125 2152 3161 adde
2174 3125 2279 3172 quod

1239 3188 1340 3237 apud
1358 3188 1476 3224 schol.
1488 3188 1606 3223 Thuc.
1629 3185 1698 3230 Vl,
1716 3190 1752 3231 4,
1770 3185 2084 3232 3‚T}1e0pompus
2100 3185 2197 3219 inter
2210 3195 2276 3218 au-

1241 3254 1362 3283 ctores
1381 3246 1556 3282 laudatur
1579 3245 1645 3292 qui
1671 3244 1718 3279 de
1737 3245 1829 3280 Gela
1853 3243 1948 3279 urbe
1975 3243 2022 3278 ab
2051 3241 2278 3289 Antiphemo

1242 3318 1287 3341 ex
1302 3305 1407 3351 jussu
1426 3304 1571 3340 oraculi
1593 3303 1748 3339 condita
1766 3302 1946 3338 dixerint.
1968 3299 2080 3347 Quod
2101 3299 2182 3334 fieri
2203 3311 2278 3346 po·-

1244 3364 1315 3398 tuit
1336 3363 1375 3397 in
1395 3374 1555 3397 excursu
1586 3362 1656 3396 isto
1675 3360 1871 3408 peramplo
1901 3359 1948 3394 de
1975 3358 2087 3394 rebus
2110 3357 2280 3404 Dionysii

1244 3421 1398 3457 senioris
1412 3448 1422 3466 ‚
1458 3421 1523 3468 qui
1548 3420 1755 3457 Geloorum
1780 3431 1839 3454 res
1871 3417 2060 3454 ord-inavit
2094 3428 2154 3453 an.
2203 3414 2278 3458 406
