2326 3724
74 193 119 224 70
956 189 1120 230 PBISCI
1150 190 1356 230 PANITAE

68 252 239 322 peditant
252 301 262 318 ,
293 275 381 310 solis
404 275 600 323 hucusque
629 276 808 312 debemus
834 278 1031 326 Excerptis
1049 280 1106 315 De
1170 280 1351 315 Romanis
1365 281 1624 329 ignominiosae
1639 277 1756 329 (433).
1777 293 1877 316 —2.
1892 281 2051 328 Scythae,
2065 284 2207 321 violata

69 333 342 380 legationibus,
373 345 454 380 quae
474 333 674 369 ediderunt
697 335 876 379 Ursinus,
907 336 1106 381 Schottus,

70 392 318 436 Haase-helius,
342 393 608 437 Cantoclarus,
637 393 826 438 Valesius,
862 394 1103 430 Niebuhrius.

67 452 116 484 At
137 462 220 497 spes
237 457 291 485 est
306 449 386 486 sore
406 458 447 485 ut
459 458 591 499 parata
603 452 680 487 haec
701 453 809 487 novis
826 453 1105 488 accessionibus

67 514 287 556 augeantur.
299 509 406 544 Certe
420 510 608 545 Minoidas
622 511 741 545 Minas
755 511 793 545 in
804 511 936 546 eodem
956 511 1103 556 codice,

68 577 114 600 ex
146 579 223 613 quo
249 567 422 614 polybii,
454 569 647 615 Dionysii,
669 569 857 616 Polyaeni‚
878 570 1042 617 Dexippi
1070 577 1107 605 et

67 625 217 660 Eusebii
242 626 443 670 nonnulla,
478 638 560 673 quse
593 639 638 662 ex
673 627 982 663 Constantiniano
1018 625 1105 677 Περὶ

68 682 369 734 στρατηγημάτων
392 685 501 720 titulo
522 683 730 730 fluxerunt,
750 686 966 734 descripsit,
990 686 1103 721 etiam

69 742 183 777 Prisci
212 742 333 778 nostri
361 750 538 790 excerpta
566 743 641 778 duo
667 756 705 779 se
732 745 914 792 reperisse
934 751 1102 780 testatur.

69 799 176 835 Addo
192 800 353 847 denique
364 812 445 847 quae
456 800 558 848 apud
569 801 737 837 Vossium
752 800 863 852 (Hist.
881 801 948 837 Gr.
971 815 1012 850 p.
1032 801 1105 837 310

66 857 126 893 cd.
148 858 369 907 VVesterm.)
390 860 567 907 leguntur
599 871 608 895 ε
635 875 650 890 α
677 860 834 896 Videtur
854 867 978 895 autem
1005 859 1105 908 (Pri-

64 916 168 964 scus)
186 917 302 952 hodie
322 924 485 962 exstare3
504 930 592 953 sane
614 919 704 954 citat
727 931 811 954 eum
829 920 998 967 Baptista
1017 920 1106 955 Ful-

63 987 175 1023 gosus
192 977 231 1010 in
246 976 552 1012 Memorabilium
579 976 685 1012 libris
699 1003 709 1021 ,
736 978 851 1024 inque
867 977 1103 1013 bibliotheca

63 1035 244 1070 Vaticana
271 1047 349 1070 esse
382 1042 516 1070 auctor
543 1042 598 1070 est
631 1035 803 1083 Raphael
837 1036 1103 1071 Volaterranus

63 1093 341 1141 Anthropolog.
368 1093 436 1128 lib.
467 1093 577 1128 XIII.
602 1094 800 1141 Superesse
822 1094 1028 1129 etiamnum
1049 1095 1102 1129 ait

62 1152 100 1185 in
124 1152 403 1187 nomenclatore
431 1163 498 1186 suo
523 1151 624 1186 Rob.
657 1152 936 1188 Constantinus.
968 1167 984 1184 »
1008 1154 1101 1199 Quae

62 1216 214 1244 eatenus
247 1221 336 1245 vera
369 1222 443 1246 esse
480 1217 599 1258 puto,
636 1218 820 1258 quatenus
847 1211 999 1247 titulum
1033 1213 1100 1247 ali-

62 1279 173 1314 quem
193 1269 467 1316 Excerptorum
499 1269 895 1306 Constantinianorum
923 1283 1009 1307 cum
1037 1272 1099 1306 in-

62 1333 165 1374 tegro
184 1327 301 1362 Prisci
317 1338 431 1375 opere
448 1327 517 1362 viri
531 1328 586 1362 illi
598 1327 860 1364 confuderunt.

423 1421 734 1460 TESTIMONIA.

111 1508 244 1543 Suidas
276 1521 283 1542 z
321 1505 539 1557 Πρίσκος,
573 1506 750 1557 Πανίτης,
785 1507 970 1561 σοφιστὴς,
996 1523 1097 1559 γεγο-

60 1563 125 1607 νὼς
147 1565 203 1602 ἐπὶ
225 1567 293 1602 τῶν
317 1565 450 1616 χρόνων
477 1564 663 1603 Θεοδοσίου
697 1569 756 1603 τοῦ
783 1571 906 1619 μικροῦ
921 1583 929 1591 ·
950 1566 1097 1620 ἔγραψεν

59 1622 231 1675 Ἱστορίαν
254 1623 489 1669 Βυζαντιακὴν
513 1624 748 1674 (Βυζαντικὴν
779 1639 860 1662 var.
890 1628 1004 1677 lect.)
1035 1625 1095 1664 καὶ

59 1681 102 1718 τὰ
122 1681 212 1719 κατὰ
234 1682 401 1728 Ἀττήλαν
418 1681 602 1732 (Ἄτταλον
617 1685 731 1722 codd.
746 1685 756 1734 )
779 1685 813 1722 ἓν
830 1684 976 1736 βιὸλίοις
990 1683 1095 1732 ὀκτὼ,

57 1740 214 1783 Μελέτας
236 1756 272 1778 τε
293 1740 474 1794 ῥητορικὰς
493 1741 552 1779 καὶ
573 1742 796 1786 Ἐπιστολάς.

113 1802 295 1849 Euagrius
332 1803 429 1837 Hist.
463 1804 603 1840 Eccles.
648 1805 687 1847 Ι,
733 1816 775 1849 17
813 1817 822 1839 z
859 1801 924 1840 Ἔν
966 1802 1096 1846 τούτοις

56 1860 126 1900 τοῖς
150 1858 286 1910 χρόνοις
308 1860 325 1895 ὁ
345 1857 451 1901 πολὺς
476 1861 525 1910 τῷ
543 1859 636 1912 λόγῳ
655 1859 805 1910 πόλεμος
823 1860 998 1907 ἐκεκίνητο
1020 1860 1094 1898 Ἀτ-

53 1916 132 1953 τίλα
153 1920 208 1954 τοῦ
232 1919 300 1954 τῶν
323 1918 466 1955 Σκυθῶν
493 1918 683 1968 βασιλέως,
712 1918 748 1955 ὃν
771 1918 958 1971 περιέργως
982 1918 1042 1956 καὶ
1062 1921 1095 1963 ἐς

55 1974 97 2012 τὰ
122 1975 276 2025 μάλιστα
307 1975 429 2026 λογίως
458 1975 612 2027 Πρίσκος
642 1979 660 2014 ὃ
689 1976 804 2029 ῥήτωρ
831 1976 977 2030 γράφει,
1005 1977 1094 2027 μετὰ

55 2035 185 2080 πολλ’ἤς
212 2037 273 2080 τῆς
297 2034 467 2086 κομψείας
495 2035 718 2085 διηγούμενος
746 2034 838 2079 ὅπως
853 2052 890 2073 τε
917 2035 1008 2073 κατὰ
1024 2039 1092 2074 τῶν

55 2091 148 2143 ἑῴων
178 2092 237 2130 καὶ
265 2091 433 2143 ἑσπερίων
454 2093 705 2146 ἐπεστράτευσε
731 2097 859 2146 μερῶν,
882 2093 955 2138 οἵας
980 2110 1015 2132 τε
1033 2094 1092 2133 καὶ

54 2151 136 2193 ὅσας
156 2151 271 2194 πόλεις
300 2151 385 2188 ἑλὼν
414 2151 611 2203 κατήγαγε,
631 2152 690 2190 καὶ
719 2151 783 2190 ὅσα
810 2152 1002 2205 πεπραχὼς
1023 2155 1091 2191 τῶν

55 2212 206 2247 ἐντεῦθεν
228 2209 389 2258 μετέστη.

109 2270 213 2305 Idem
244 2270 302 2314 II,
338 2270 382 2306 16
414 2281 422 2307 τ
454 2267 521 2308 Ἐκ
551 2267 740 2320 πρεσὸείας
770 2268 804 2307 δὲ
833 2271 900 2307 τῶν
921 2269 1091 2322 ἑσπερίων

55 2326 241 2376 Ῥωμαίων
265 2326 438 2376 Ἀνθέμιος
471 2327 631 2378 βασιλεὺς
655 2330 723 2365 τῶν
747 2327 935 2379 Ῥωμαίων
957 2329 1091 2380 ἐκπέμ-

54 2399 168 2431 πεται,
186 2378 214 2436 ᾧ
232 2384 433 2436 Μαρκιανὸς
450 2387 467 2422 ὃ
479 2385 598 2438 πρώην
615 2385 871 2437 βεὸασιλευκὼς
885 2387 946 2434 τὴν
962 2387 1092 2426 οἰκείαν

53 2441 275 2493 κατηγγύησε
292 2443 416 2482 παῖδα.
441 2443 686 2494 Ἐκπέμπεται
709 2446 792 2495 (an.
814 2448 908 2495 468)
930 2447 965 2484 δὲ
984 2463 1091 2501 στρα-

55 2500 158 2550 τηγὸς
177 2500 268 2538 κατὰ
288 2501 467 2553 Ιίζερίχου
489 2502 718 2554 Βασιλίσκος,
748 2506 765 2542 ὁ
791 2507 850 2551 τῆς
867 2505 1011 2550 Λέοντος
1030 2522 1091 2557 γυ-

53 2558 167 2602 ναικὸς
186 2557 336 2610 Βηρίνης
354 2559 519 2612 ἀδελφὸς,
538 2560 628 2609 μετὰ
649 2563 912 2613 στρατεύματος
937 2565 1090 2617 ἀριστίν-

53 2618 115 2664 δην
150 2618 420 2669 συνειλεγμένου.
450 2617 560 2671 ‘'A-step
595 2620 829 2672 ἀκριὸέστατα
867 2623 1013 2676 Πρίσκῳ
1042 2627 1091 2676 τῷ

55 2675 173 2727 ῥήτορι
193 2676 405 2721 πεπόνηται·
430 2675 523 2720 ὅπως
541 2693 577 2715 τε
607 2678 695 2731 δόλῳ
716 2680 906 2732 περιελθὼν
934 2684 951 2719 ὁ
976 2681 1089 2729 Λέων,

54 2733 176 2782 μισθὸν
208 2733 326 2787 ὥσπερ
355 2734 537 2779 ἀποδιδοὺς
563 2739 623 2782 τῆς
661 2739 693 2781 ἐς
732 2738 835 2777 αὐτὸν
862 2744 1088 2791 προαγωγῆς,

54 2793 190 2843 ἀναιρεῖ
209 2792 293 2842 (an.
326 2795 420 2844 471)
453 2792 615 2846 Ἄσπαρα
646 2795 708 2842 τὴν
738 2797 849 2849 ἀρχὴν
872 2800 965 2851 αὐτῷ
993 2814 1090 2850 περι-

54 2849 176 2896 θέντοι,
202 2850 328 2894 παῖδάς
340 2867 376 2888 τε
404 2853 506 2890 αὐτοῦ
532 2852 771 2907 Ἀρδαὸούριον
800 2856 860 2894 καὶ
883 2857 1089 2908 Πατρίκιον,

53 2907 89 2946 ὃν
109 2907 260 2961 καίσαρα
288 2910 457 2957 πεποίητο
471 2910 650 2964 πρότερον,
675 2912 732 2951 ἵνα
751 2914 813 2960 τὴν
836 2913 1012 2967 Ἀσπαρος
1037 2914 1090 2953 εὔ-

53 2982 148 3005 νοιαν
169 2965 351 3014 κτήσηται.

391 3058 738 3098 ARGUMENTUM
745 3090 752 3096 .

104 3145 168 3180 Fr.
192 3157 226 3182 1.
248 3145 348 3189 Rua,
370 3146 597 3182 Hunnorum
616 3160 696 3196 rex,
718 3149 841 3184 Eslam
859 3150 1022 3198 legatum
1043 3151 1091 3188 ad

51 3204 246 3238 Romanos
262 3204 394 3248 mittit,
416 3204 558 3239 bellum
576 3206 753 3242 minitans
765 3234 775 3251 ,
796 3208 867 3243 nisi
884 3209 1092 3258 transfugas

52 3261 226 3297 reddant.
239 3263 325 3297 Rua
338 3261 533 3308 defuncto,
549 3263 740 3312 Attilaque
755 3279 840 3301 cum
854 3268 966 3303 Bleda
978 3268 1091 3304 fratre

53 3320 299 3364 succedente,
328 3322 491 3356 Romani
511 3322 558 3358 de
580 3335 675 3370 pace
696 3325 875 3360 servanda
902 3326 1091 3362 Plinthum

55 3386 91 3413 et
112 3379 335 3426 Dionysium
355 3380 497 3428 legatos
527 3381 694 3419 mittunt.
719 3383 827 3419 Pacis
855 3384 1092 3421 conditiones

1170 350 1191 373 a
1208 339 1390 374 Romanis
1409 346 1518 388 pacta
1534 346 1801 387 praetexentes,
1823 338 1983 386 trajecto
1998 343 2116 389 Istro,
2139 345 2207 380 Vi-

1165 397 1371 432 minacium
1392 398 1565 445 capiunt3
1592 398 1743 445 Margus
1759 398 1849 433 urbs
1874 398 1922 433 ab
1951 400 2133 449 episeopo
2161 403 2207 438 iis

1165 455 1343 502 proditur
1363 454 1497 506 (442).
1527 477 1578 483 -—
1610 455 1646 494 3.
1669 457 1787 491 Attila
1814 457 1971 504 Scythas
2001 460 2209 508 transfugas

1167 513 1254 548 dedi
1269 514 1340 549 sibi
1357 526 1379 550 a
1394 515 1608 550 Theodosio
1627 516 1765 563 poscit.
1794 517 1864 551 Illo
1886 526 2100 564 recusante,
2116 518 2209 556 fines

1164 579 1306 616 vastat,
1347 573 1498 607 castella
1526 573 1709 608 nonnulla
1740 582 1950 621 expugnat,
1997 577 2206 613 Ratiariam

1164 627 1298 664 urbem
1316 631 1533 678 aggreditur
1550 630 1670 679 (442).
1690 653 1741 658 —
1758 631 1777 666 3
1793 644 1829 667 a.
1847 632 1989 680 CyruS,
2008 635 2207 682 praefectus

1163 689 1343 735 praetorio
1357 716 1366 733 ‚
1385 701 1406 724 a
1424 702 1579 725 munere
1593 697 1812 725 removetur
1829 689 1947 740 (442).
1967 714 2011 718 -
2030 697 2068 735 4.
2091 694 2206 730 Sena-

1166 754 1240 791 tor,
1259 747 1318 782 vir
1336 748 1543 783 consularis
1558 774 1568 792 ,
1590 760 1613 783 a
1631 748 1846 784 Theodosio
1866 750 2010 797 legatus
2033 751 2082 787 ad
2107 753 2208 788 Atti-

1163 805 1238 840 lam
1263 806 1436 843 mittitur.
1464 827 1517 833 —
1547 805 1584 842 5.
1616 808 1706 842 Post
1737 808 1883 843 cladem
1904 809 1942 843 in
1974 809 2205 847 Chersoneso

1164 872 1360 913 acceptam
1390 866 1589 900 Anatolius
1625 865 1675 900 ad
1708 867 1860 902 Attilam
1888 867 2062 906 mittitur.
2097 870 2206 905 Pacis

1163 922 1209 957 ab
1224 924 1368 958 Hunnis
1382 924 1588 972 propositae
1599 924 1836 961 conditiones
1847 925 2063 964 durissimae.
2081 928 2207 964 Theo-

1163 980 1288 1016 dosius
1299 988 1341 1016 ut
1355 989 1506 1030 pactam
1521 983 1723 1031 pecuniam
1741 983 1913 1029 solveret,
1935 985 2078 1020 tributa
2091 986 2206 1034 exigit

1161 1051 1286 1074 severe
1299 1066 1310 1084 ,
1343 1052 1519 1088 novaque
1552 1041 1729 1089 imponit.
1773 1042 1982 1088 Asinuntii‚
2027 1045 2094 1091 qui
2135 1046 2206 1081 soli

1161 1097 1308 1133 Hunnis
1322 1098 1469 1135 fortiter
1483 1100 1720 1145 resistebant,
1732 1101 1820 1148 paci
1838 1101 1898 1136 isti
1915 1102 2205 1139 accommodare

1161 1168 1199 1191 se
1224 1165 1413 1205 coguntur
1442 1156 1455 1207 (
1469 1157 1586 1207 447).
1611 1180 1664 1186 ——-
1695 1159 1732 1195 6.
1754 1160 1870 1195 Attila
1888 1172 1934 1195 ex
1958 1161 2089 1196 amicis
2111 1163 2204 1208 suis,

1161 1227 1256 1262 quos
1275 1216 1537 1253 Romanorum
1557 1217 1666 1253 donis
1685 1218 1805 1254 ditare
1820 1219 1933 1254 vellet
1945 1247 1956 1267 ,
1977 1219 2072 1255 alios
2091 1232 2206 1268 super

1157 1272 1242 1309 aliis
1272 1275 1642 1324 Constantinopolim
1669 1277 1807 1325 mittit,
1837 1289 1952 1313 vanas
1981 1279 2204 1326 excogitans

1158 1331 1390 1383 legationum
1417 1335 1650 1371 occasiones.
1676 1336 1828 1380 Partl1i3
1865 1336 2040 1382 Vandali,
2061 1337 2201 1382 Isauri,

1159 1391 1335 1427 Saraceni
1363 1394 1556 1429 Romanos
1574 1401 1714 1429 vexant
1742 1393 1875 1443 (447).
1901 1415 1955 1421 -—
1982 1408 2019 1440 7.
2047 1395 2204 1432 Edecon

1160 1450 1301 1496 Scytha
1331 1452 1454 1487 Attilae
1486 1452 1666 1488 mandata
1704 1453 1750 1488 de
1788 1453 1968 1489 dedendis
2003 1454 2203 1503 transfugis

1158 1509 1315 1557 aliisque
1336 1510 1382 1546 de
1401 1511 1512 1546 rebus
1532 1511 1747 1548 Theodosio
1768 1514 1930 1548 nuntiat.
1950 1514 2061 1548 Hunc
2082 1513 2200 1561 Chry·

1157 1569 1308 1616 saphius
1339 1570 1531 1605 eunuchus
1550 1570 1715 1615 inducit,
1737 1578 1780 1606 ut
1809 1571 1931 1606 redux
1962 1572 2116 1607 Attilam
2150 1572 2196 1608 de

1156 1627 1282 1662 medio
1304 1627 1419 1662 tollat.
1445 1628 1679 1664 Theodosius
1707 1626 1955 1664 Maximinum
1972 1630 2019 1665 ad
2042 1631 2198 1666 Attilam

1156 1686 1270 1721 mittit
1289 1683 1419 1735 (448).
1448 1707 1496 1714 -
1518 1686 1556 1722 8.
1577 1689 1805 1723 Maximinus
1823 1701 1909 1724 cum
1935 1689 2056 1737 Bigila
2081 1690 2198 1726 inter-

1154 1751 1260 1791 prete
1291 1752 1327 1780 et
1353 1746 1479 1780 Prisco
1504 1753 1635 1782 nostro
1665 1747 1714 1782 ad
1745 1748 1899 1782 Attilam
1923 1747 2194 1795 proficiscitur.

1155 1805 1232 1838 Iter
1254 1803 1493 1839 describitur.
1521 1805 1668 1841 Insidiae
1684 1807 1807 1842 Attilae
1829 1814 1972 1854 paratae
1990 1819 2059 1854 per
2075 1808 2197 1855 ipsum

1154 1863 1369 1898 Edeconem
1389 1863 1618 1911 produntur.
1647 1866 1796 1913 Legatis
1817 1865 2024 1913 denegatur
2051 1865 2196 1911 aditus,

1154 1933 1266 1968 quam
1285 1922 1350 1956 vix
1369 1922 1520 1958 tandem
1534 1924 1651 1958 Prisci
1666 1931 1702 1958 et
1718 1924 1855 1959 Scottae
1872 1935 1989 1971 opera
2006 1923 2192 1959 obtinent.

1153 1980 1290 2028 Bigilas
1318 1981 1688 2030 Constantinopolim
1715 1983 1935 2017 remittitur.
1969 1982 2196 2019 Maximinus

1154 2039 1293 2086 operiri
1308 2040 1458 2087 cogitur
1466 2039 1631 2075 reditum
1647 2041 1837 2089 Onegesii,
1855 2041 1921 2088 qui
1937 2048 2017 2076 tum
2035 2041 2084 2076 ad
2096 2042 2197 2078 Aca-

1153 2097 1245 2132 tiros
1261 2098 1417 2144 Scythas
1435 2098 1628 2146 profectus
1647 2106 1739 2134 erat.
1757 2101 1813 2134 De
1831 2099 1990 2135 Acatiris
2003 2111 2192 2135 excursus.

1153 2155 1281 2203 Legati
1301 2169 1387 2192 cum
1407 2158 1525 2193 Attila
1541 2159 1826 2206 septemtriones
1843 2170 1970 2194 versus
1989 2157 2037 2193 ad
2053 2159 2195 2207 regiam

1153 2215 1325 2250 tendunt.
1349 2217 1394 2250 In
1413 2217 1499 2251 vico
1518 2217 1686 2264 quodam
1701 2217 1748 2252 ab
1767 2229 1842 2252 una
1859 2229 1905 2252 ex
1922 2216 2045 2252 Bledae
2064 2218 2194 2252 uxori-

1151 2272 1222 2307 bus
1233 2273 1488 2322 excipiuntur.
1511 2275 1671 2311 Obviam
1684 2274 1779 2310 fiunt
1797 2276 1909 2323 legati
1928 2277 2189 2312 Romanorum

1155 2331 1461 2367 occidentalium.
1478 2332 1566 2379 Ejus
1580 2334 1777 2382 legationis
1789 2345 1914 2369 causa.
1930 2335 2057 2382 Regiae
2071 2335 2195 2370 Attilae

1153 2388 1375 2438 descriptio.
1406 2391 1614 2427 Puellarum
1634 2392 1740 2427 chori
1762 2398 1798 2427 et
1817 2393 1991 2440 Onegesii
2010 2404 2109 2428 uxor
2124 2393 2195 2429 ad-

1150 2448 1363 2484 venientem
1392 2461 1519 2497 regem
1553 2451 1763 2487 salutantes.
1793 2451 1909 2486 Prisci
1943 2463 2028 2486 cum
2059 2451 2191 2488 Graeco

1152 2506 1320 2553 quodam
1346 2508 1449 2555 apud
1481 2509 1641 2543 Hunnos
1666 2509 1824 2556 degente
1845 2509 2092 2556 colloquium.
2112 2509 2196 2544 Pri-

1150 2577 1234 2601 scus
1246 2566 1428 2614 Onegesio
1441 2566 1541 2602 dona
1558 2567 1643 2602 sert.
1659 2567 1760 2614 Quid
1771 2567 1974 2614 Onegesius
1989 2567 2194 2604 Maximino

1149 2625 1402 2672 responderit.
1435 2626 1583 2660 Priscus
1611 2626 1756 2669 Cercae,
1783 2626 1908 2661 Attilae
1927 2627 2060 2670 uxori,
2089 2625 2191 2662 dona

1152 2683 1276 2718 offert.
1300 2683 1388 2730 Ejus
1406 2683 1553 2721 domus.
1575 2685 1691 2719 Prisci
1712 2697 1798 2719 cum
1811 2685 1942 2732 legatis
1958 2685 2072 2721 Rom.
2091 2685 2194 2720 occi-

1151 2741 1358 2777 dentalium
1387 2743 1621 2789 colloquium
1659 2742 1706 2777 de
1744 2743 1973 2777 Hunnorum
2005 2743 2192 2790 imperio,

1151 2812 1358 2848 eorumque
1372 2801 1613 2849 expeditione
1626 2801 1787 2836 Persica.
1801 2801 2024 2836 Convivium
2034 2801 2074 2835 in
2089 2801 2192 2848 regia

1150 2859 1273 2894 Attilae
1294 2859 1533 2895 describitur.
1567 2859 1692 2894 Attilae
1713 2871 1851 2894 mores.
1877 2860 2106 2906 Legatorum
2127 2871 2190 2894 re-

1150 2916 1250 2952 ditus
1270 2916 1388 2968 (448).
1406 2938 1455 2944 -—
1474 2930 1511 2965 9.
1535 2919 1590 2952 De
1607 2917 1730 2952 Attilae
1757 2917 1874 2965 regia.
1907 2935 1952 2939 —
1982 2928 2040 2952 10.
2062 2917 2193 2952 Martis

1150 2975 1316 3022 gladium
1336 2976 1531 3023 quomodo
1548 2976 1660 3011 Attila
1681 2975 1839 3022 adeptus
1857 2975 1918 3009 sit.
1942 2993 1996 3001 --
2019 2987 2033 3009 1
2046 2987 2079 3009 1.
2103 2976 2191 3010 Zer-

1151 3046 1245 3080 con‚
1264 3046 1394 3069 scurra
1411 3034 1533 3069 Bledae
1551 3034 1660 3081 regis.
1679 3053 1733 3060 —
1757 3041 1816 3069 12.
1838 3033 1955 3068 Attila
1971 3032 2138 3068 Orestem
2154 3041 2192 3069 et

1150 3092 1271 3128 Eslam
1290 3092 1338 3128 ad
1364 3092 1620 3128 Theodosium
1645 3092 1779 3135 mittit,
1802 3091 1869 3139 qui
1892 3089 2188 3138 Chrysaphium‚

1151 3150 1420 3197 conjurationis
1439 3157 1630 3187 auctorem
1643 3177 1653 3197 ,
1672 3156 1888 3198 exposcant.
1908 3148 2014 3184 Idem
2033 3149 2190 3196 Chrysa·

1149 3209 1260 3257 phius
1293 3222 1316 3245 a
1343 3210 1495 3247 Zenone
1526 3209 1575 3244 ad
1606 3221 1757 3257 poenam
1784 3208 1956 3255 poscitur
1986 3206 2106 3256 (448).
2135 3227 2188 3235 -

1155 3268 1215 3303 13.
1234 3269 1377 3304 Nomus
1394 3267 1636 3304 etAnatolius
1653 3267 1700 3302 ad
1715 3266 1866 3302 Attilam
1881 3263 2184 3315 proficiscuntur,

1150 3334 1192 3361 ut
1219 3327 1314 3362 iram
1332 3326 1412 3373 ejus
1436 3327 1476 3361 in
1503 3325 1776 3373 Chrysaphium
1794 3324 1946 3373 placent
1968 3324 1978 3372 (
1996 3321 2110 3372 449).
2133 3343 2187 3351 ·—

1155 3389 1214 3429 14.
1234 3386 1335 3422 Felix
1353 3385 1431 3432 ejus
1443 3384 1639 3433 legationis
1652 3395 1839 3420 successus
1851 3381 2027 3432 (449)-
2042 3381 2102 3418 15.
2120 3383 2186 3417 At·
