2372 3704
124 259 198 294 342

114 347 286 398 λουμένην
303 349 402 388 πόλιν
418 351 452 388 ἐν
469 352 615 404 Σικελίᾳ
631 352 728 406 παρὰ
743 356 791 406 τῷ
809 358 959 408 ποταμῷ
975 359 1026 410 τῷ
1042 358 1134 411 Γέλᾳ
1146 389 1156 407 ,

111 410 158 450 ὡς
177 407 408 461 Καλλίμαχος
421 425 429 432 ·

191 498 230 528 Οἱ
245 497 277 528 δὲ
294 497 372 529 Γέλα
388 501 530 539 ποταμοῦ
545 500 660 541 κεφαλῇ
677 501 867 542 ἐπικείμενον
885 503 974 535 ἄστυ.

114 573 186 611 Καὶ
215 573 282 624 γὰρ
303 573 432 620 ταύτην
462 574 645 625 ὁμώνυμον
668 570 755 614 εἶναι
782 578 897 631 Γέλλᾳ
917 582 965 631 τῷ
987 584 1153 632 ποταμῷ,

109 629 186 674 τοὺς
202 632 238 669 δὲ
254 631 539 684 Ἀκραγαντίνους
555 633 727 687 Γελλῴων
742 629 829 674 εἶναι
845 638 1020 681 ἀποίκους.
1038 637 1152 677 “ssave

110 689 146 728 τὸ
165 690 362 743 πατέρων
384 690 516 730 ἄωτον
538 694 572 730 ἐν
593 692 709 746 Γέλλᾳ
730 694 788 732 ἐπὶ
809 697 878 733 τῶν
906 700 965 734 τοῦ
983 696 1153 749 Θήρωνος

106 749 281 801 προγόνων
303 750 547 802 συντετάχθαι.
574 752 817 804 Κεφαλαιώδει
838 752 872 791 δὲ
892 757 1021 807 χρῆται
1041 756 1130 806 τῷδε
1144 771 1151 779 ·

106 807 144 845 τὸ
161 808 196 845 δὲ
214 823 265 846 κα
276 809 352 858 μόν
364 824 450 856 τες,
466 809 546 861 ἔφη,
559 810 747 862 προσήκειν
764 813 895 861 μᾶλλον
918 812 1053 851 ἀκούειν
1068 813 1152 865 ὑπὲρ

104 869 172 904 τῶν
202 866 266 914 τὴν
291 867 424 906 Γέλλαν
447 868 654 916 ἕκτικότων,
677 870 754 907 ἀλλ’
775 871 813 908 οὐ
833 870 896 917 τὴν
917 871 1149 923 Ἀκράγαντα.

105 928 151 964 Οἱ
170 925 231 976 μὲν
251 926 318 979 γὰρ
343 926 412 964 ἀπὸ
435 931 495 965 τοῦ
518 927 644 979 ῥᾴστου
668 927 951 980 συνῳκίσθησαν,
965 932 1004 968 .οἱ
1029 929 1063 968 δὲ
1080 947 1151 983 χα-

104 985 217 1027 λεπῶς
230 984 290 1022 καὶ
305 985 417 1035 μόλις.
433 984 638 1037 Ἀντίφημος
653 985 720 1038 γὰρ
734 989 752 1024 6
767 986 900 1031 Ῥόδιος
912 988 970 1026 καὶ
985 985 1152 1038 Ἔντιμος

104 1045 121 1079 6
145 1041 238 1095 Κρὴς
259 1045 289 1081 οἱ
309 1042 370 1089 τὴν
389 1045 435 1086 εἷς
456 1043 590 1082 Γέλλαν
612 1044 809 1089 στείλαντες
828 1046 992 1084 ἀποικίαν
1013 1050 1150 1099 πρῶτον

104 1099 167 1150 μὲν
187 1101 266 1152 περὶ
291 1101 352 1148 τὴν
386 1102 590 1153 συναγωγὴν
618 1103 750 1154 ἔκαμον
779 1106 818 1142 οὐ
847 1105 1019 1157 μετρίως,
1046 1121 1150 1144 συνα·

102 1159 290 1210 θροίζοντες
310 1160 388 1203 τοὺς
405 1163 443 1199 ἐκ
464 1162 732 1208 Πελοποννήσου
752 1164 810 1201 καὶ
831 1163 956 1202 Ἱ)όδου
973 1165 1032 1202 καὶ
1051 1165 1146 1217 Κρή-

103 1234 182 1268 της,
204 1211 278 1256 εἶτα
307 1218 386 1270 περὶ
415 1218 472 1257 τὸν
502 1218 689 1267 διάπλουν,
719 1215 793 1259 εἶτα
822 1222 901 1274 περὶ
933 1224 988 1260 τὸν
1021 1239 1148 1262 κατοι-

103 1277 228 1326 ἰισμὸν
242 1307 252 1327 ,
270 1277 329 1315 καὶ
352 1277 457 1315 πάλιν
473 1278 763 1329 διαγωνισάμενοι
775 1280 860 1332 πρὸς
873 1281 949 1324 τοὺς
964 1282 1145 1326 Σικανούς.

101 1335 326 1388 Μενεκράτης
343 1336 380 1374 δέ
397 1352 481 1388 φησι
499 1339 616 1388 ληρεῖν
637 1337 693 1374 τὸν
716 1338 903 1391 Ἀρτέμονα
923 1357 956 1380 κ.
976 1357 1007 1380 τ,
1032 1343 1065 1379 λ.

605 1420 643 1456 6.

152 1491 210 1528 Id.
228 1492 287 1527 Ol.
306 1492 358 1534 V,
384 1503 403 1525 ἰ
424 1503 432 1525 z
454 1488 661 1527 Ὠκεανοῦ
691 1489 902 1541 θυγάτηρ]
928 1490 1148 1542 Ἀρίσταρχος

99 1548 135 1585 δὲ
156 1546 271 1585 ἀκούει
291 1546 462 1585 Ὠκεανοῦ
482 1545 655 1598 θυγατέρα
677 1547 886 1600 Καμάριναν
899 1578 908 1595 ,
923 1548 986 1595 τὴν
1006 1549 1146 1599 λίμνην,

98 1606 155 1659 ἀφ’
175 1600 216 1652 ἧς
231 1605 290 1643 καὶ
310 1604 373 1651 τὴν
387 1604 487 1643 πόλιν
504 1604 720 1656 ὠνομάσθαι.
743 1605 916 1658 Ἀρτέμων
935 1606 970 1646 δὲ
987 1607 1071 1657 πρὸς
1085 1609 1146 1654 τὴν

98 1663 303 1716 Ἀρέθουσαν
324 1663 382 1701 τὸν
402 1662 503 1714 λόγον
534 1657 624 1701 εἷναί
650 1679 753 1716 φησιν
767 1680 775 1687 ·
796 1664 884 1712 αὕτη
905 1664 941 1703 δὲ
969 1667 1004 1704 ἐν
1028 1668 1144 1718 Συρα-

97 1723 239 1766 κούσαις
259 1722 368 1774 κρήνη
382 1753 392 1769 ,
417 1721 651 1760 ὑποτέτακται
668 1722 703 1760 δὲ
725 1726 746 1770 ἡ
771 1724 959 1775 Καμάρινα
977 1730 1052 1768 ταῖς
1069 1727 1143 1764 Συ-

99 1780 297 1832 ρακούσαις.
316 1780 424 1832 Ἔχει
444 1779 480 1818 δὲ
505 1783 526 1827 ἡ
546 1780 732 1834 Ἀρέθουσα
753 1782 813 1819 καὶ
840 1788 937 1821 πᾶσα
955 1783 1063 1836 κρήνη
1084 1784 1145 1828 τὰς

96 1839 210 1890 πηγὰς
231 1839 300 1878 ἀπὸ
318 1839 503 1878 Ὠκεανοῦ.
524 1842 658 1890 Inepta
678 1843 769 1879 haec.

603 1936 636 1968 7.

147 1995 253 2030 Idem
282 1994 391 2042 Pyth.
428 1994 505 2036 111,
540 1993 587 2036 48
621 1993 824 2043 (Hieroni)
854 2006 862 2031 ε
893 1993 1054 2032 ἸΞπαινεῖ
1085 1997 1141 2032 τὸν

96 2051 270 2103 Πίνδαρον
290 2053 307 2088 6
327 2050 518 2102 Ἀρτέμων,
545 2050 596 2087 ὅτι
625 2050 958 2102 παρακρουσάμενος
978 2052 1039 2100 τὴν
1061 2054 1141 2106 περὶ

98 2110 155 2148 τὸν
194 2109 329 2162 κόρακα
369 2108 522 2162 ἱστορίαν
561 2108 664 2146 αὐτὸν
703 2109 746 2146 δι’
793 2112 916 2148 ἑαυτοῦ
955 2111 1141 2160 ἐγνωκέναι

94 2169 178 2223 φησὶ
200 2169 257 2207 τὸν
280 2168 492 2207 Ἀπόλλωνα.
516 2166 721 2219 Ἱστορεῖται
749 2167 816 2220 γὰρ
842 2168 893 2206 ὅτι
914 2169 976 2214 τὴν
997 2167 1140 2223 Ἴσχυος

93 2227 183 2278 μίξιν
204 2227 377 2274 ἐδήλωσεν
394 2228 489 2279 αὐτῷ
510 2229 529 2264 6
547 2226 651 2279 κόραξ
663 2242 671 2249 ·
688 2227 780 2279 παρὸ
798 2226 858 2265 καὶ
874 2228 1138 2280 δυσχεράναντα

93 2286 150 2324 ἐπὶ
183 2289 226 2337 τῇ
261 2285 405 2337 ἀγγελίᾳ
425 2284 482 2323 τὸν
514 2285 717 2323 Ἀπόλλωνα
749 2285 825 2323 ἀντὶ
857 2287 980 2325 λευκοῦ
1005 2287 1138 2338 μέλανα

93 2345 196 2383 αὐτὸν
212 2347 372 2390 ποιῆσαι.
391 2346 524 2382 Τοῦτον
544 2337 601 2381 οῦν
623 2343 680 2381 τὸν
702 2347 807 2393 μῦθον
826 2345 1040 2396 διωσάμενόν
1054 2362 1138 2399 φησι

91 2403 149 2441 τὸν
167 2402 339 2454 Πίνδαρον
357 2404 406 2453 τῷ
421 2403 545 2439 ἑαυτοῦ
564 2404 610 2454 νῷ
622 2402 834 2440 καταλαὸεῖν
848 2402 892 2441 τὰ
903 2405 1136 2456 πεπραγμένα

91 2465 134 2512 τῇ
155 2460 341 2513 Κορωνίδι.
362 2459 572 2511 Παράλογον
593 2460 659 2512 γὰρ
677 2462 733 2498 τὸν
751 2461 866 2506 ἄλλοις
883 2463 1136 2513 μαντευόμενον

92 2519 195 2558 αὐτὸν
221 2517 270 2569 μὴ
296 2518 488 2568 συμὲαλεῖν
507 2518 549 2555 τὰ
571 2519 646 2556 κατ’
665 2521 769 2558 αὐτοῦ
790 2520 967 2571 δρώμενα.
988 2522 1136 2574 Χαίρειν

91 2574 148 2619 οῦν
163 2578 296 2632 φράσας
311 2580 360 2629 τῷ
374 2576 518 2629 τοιούτῳ
536 2576 634 2629 μύθῳ
651 2577 765 2616 τέλεον
782 2578 853 2616 ὄντι
865 2580 1014 2631 ληρώδει
1032 2581 1136 2619 αὐτόν

91 2653 176 2691 φησι
189 2638 246 2676 τὸν
262 2636 462 2675 Ἀπόλλωνα
474 2635 572 2684 παρὰ
584 2639 644 2674 τοῦ
662 2639 718 2673 νοῦ
733 2636 924 2685 πυθόμενον
939 2637 1134 2692 ἐπιπέμψαι

90 2701 133 2744 τῆ
166 2695 338 2749 Κορωνίδι
367 2693 429 2741 τὴν
457 2692 634 2746 Ἄρτεμιν.
661 2693 732 2733 Τὸν
755 2693 790 2732 δὲ
818 2699 898 2747 περὶ
918 2695 974 2733 τὸν
1000 2696 1133 2748 κόρακα

71 2742 197 2806 7μῦθόν
217 2769 302 2807 φησι
331 2753 391 2792 καὶ
420 2751 582 2791 Ἡσίοδον
611 2751 870 2802 μνημονεύοντα
891 2752 1003 2803 λέγειν
1023 2753 1112 2791 οὕτω
1125 2770 1135 2777 ·

170 2846 222 2884 Τῷ
237 2844 292 2884 μὲν
307 2842 354 2884 ἄρ’
368 2842 495 2882 ἄγγελος
508 2840 579 2880 ἦλθε
595 2840 691 2882 κόραξ
701 2843 782 2879 ἱερῆς
798 2841 860 2872 ἀπὸ
876 2841 979 2877 δαιτὸς

169 2891 264 2921 Πυθὼ
282 2890 311 2925 ἐς
327 2889 477 2928 ἠγαθέην,
494 2886 547 2918 καί
565 2887 595 2928 ῥ’
609 2887 737 2928 ἔφρασεν
753 2887 815 2929 ἔργ’
833 2888 942 2926 ἀίδηλα

169 2935 278 2975 Φοίδῳ
294 2934 489 2975 ἀκερσεκόμῃ
500 2959 508 2973 ,
526 2934 570 2965 ὅτ’
587 2933 634 2974 ἄρ’
651 2934 757 2975 Ἰσχυς
777 2938 856 2974 γῆμε
875 2936 1014 2975 Κορωνὶν

168 2981 330 3018 Εἰλατίδης
341 3005 349 3021 ,
366 2981 510 3021 Φλεγύαο
527 2981 707 3019 Διογνήτοιο
723 2981 870 3023 θύγατρα.

591 3052 626 3090 8.

144 3124 251 3160 Idem
282 3124 414 3160 Isthm‚
446 3124 505 3166 ΙΙ,
541 3135 553 3157 1
584 3136 590 3157 :
615 3122 877 3174 Ξενοκράτει
911 3122 1132 3175 Ἀκραγαν-

87 3181 212 3233 vlup]
231 3180 301 3219 Τὸν
325 3179 359 3217 δὲ
383 3178 607 3230 Ξενοκράτην
625 3184 743 3218 τοῦτον
764 3183 794 3218 οἱ
815 3180 878 3231 μὲν
900 3186 1128 3233 προῦπομνη-

87 3239 320 3289 ματισάμενοι
335 3238 502 3290 Θήρωνος
515 3238 660 3291 ἀδελφὸν
679 3233 766 3277 ε’ἷναί
785 3255 907 3292 φασιν,
921 3242 938 3277 6
959 3239 994 3279 δὲ
1014 3240 1127 3293 Ἀρτέ-

87 3314 161 3348 μων
189 3297 322 3350 σφόδρα
338 3296 380 3334 τὰ
399 3295 476 3348 περὶ
494 3295 571 3339 τοὺς
595 3297 806 3340 Σικελιώτας
831 3300 1125 3351 πεπολυπραγμο·

798 3349 817 3357 m

86 3355 197 3403 νηκὼς
228 3355 330 3393 αὐτὸν
358 3355 458 3405 μόνον
490 3358 638 3405 συγγενῆ
660 3354 762 3406 φησὶν
786 3359 871 3393 εἶναι
891 3356 1071 3408 Θήρωνος.

499 3452 704 3467 ...4θῦ-

821 261 1124 317 ᾼΒΤΕΜΟΝΙὸ
1154 265 1574 319 CASSANDRENSIS,

1243 397 1598 458 ARTEMON
1638 402 2238 468 CASSANDRENSIS.

1353 509 1356 511 ’
1389 517 1508 556 ΠΕΡΙ
1538 519 1843 561 ΣΥΝΑΓΩΓΗΣ
1871 525 2091 566 ΒΙΒΛΙΩΝ.

1270 686 1468 723 Athenaeus
1493 690 1567 725 XII
1580 718 1591 736 ,
1621 703 1659 740 p.
1692 690 1788 738 515,
1805 695 1834 730 E
1864 708 1870 729 :
1893 693 1953 738 Ὡς
1976 696 2104 748 ἱστορεῖ
2125 696 2260 743 Ξάνθος

1217 742 1235 777 6
1266 741 1440 790 Λυδὸς,ἢ
1472 746 1490 782 6
1519 746 1566 790 εἷς
1599 746 1703 786 αὐτὸν
1731 749 1792 793 τὰς
1821 751 2082 804 ἀναφερομένας
2106 756 2259 809 ἱστορίας

1216 801 1481 854 συγγεγραφὼς,
1494 804 1670 850 Διονύσιος
1681 809 1700 845 ὁ
1714 809 1986 863 Σκυτοὸραχίων
1996 841 2006 859 ,
2022 813 2259 866 ὡς-Ἀρτέμων

1215 857 1320 910 φησὶν
1338 861 1357 896 6
1379 861 1601 915 Κασανδρεὺς
1619 865 1655 903 ἐν
1679 868 1728 919 τῷ
1759 868 1848 920 Περὶ
1869 873 2072 923 συναγωγῆς
2097 872 2258 924 βιὸλίων,

1216 917 1347 966 ἀγνοῶν
1376 920 1428 957 ὅτι
1449 918 1598 973 Ἔφορος
1617 926 1636 961 6
1655 926 1872 978 συγγραφεὺς
1895 929 2104 979 μνημονεύει
2124 933 2230 972 αὐτοῦ
2243 964 2254 981 ,

1214 976 1260 1071 ‹855-
1280 978 1512 1047 παλαιοτέρου
1531 979 1645 1029 ὄντος,
1673 982 1733 1020 καὶ
1750 982 1928 1038 Ἡροδότῳ
1945 986 2005 1032 τὰς
2023 989 2183 1042 ἀφορμὰς
2200 992 2255 1030 δε-

1235 1048 1376 1078 ωκοτος.

1414 1131 1530 1170 ΠΕΡΙ
1562 1134 1772 1174 ΒΙΒΛΙΩΝ
1802 1138 2055 1179 ΧΡΗΣΕΩΣ.

1707 1243 1765 1266 10.

1496 1317 1525 1350 E
1553 1317 1704 1354 LIBRO
1732 1319 1968 1358 SECUNDO.

1263 1406 1368 1442 Idem
1389 1409 1477 1454 XV,
1496 1423 1534 1458 p.
1552 1410 1648 1458 694,
1669 1414 1700 1448 A
1722 1426 1728 1447 :
1751 1410 1856 1450 Ἀλλὰ
1872 1415 1974 1466 τριῶν
1990 1417 2098 1465 γενῶν
2122 1417 2252 1468 ὄντων,

1209 1461 1254 1505 ὥς
1276 1477 1378 1514 φησιν
1395 1464 1570 1524 Ἀρτέμων
1590 1469 1607 1504 6
1628 1469 1854 1522 Κασανδρεὺς
1878 1472 1912 1509 ἐν
1933 1472 2083 1527 δευτέρῳ
2100 1475 2253 1514 Βιὸλίων

1209 1519 1387 1572 χρήσεως,
1409 1524 1443 1560 ἐν
1473 1526 1520 1567 οῖς
1539 1523 1583 1562 τὰ
1605 1526 1685 1578 περὶ
1715 1526 1776 1571 τὰς
1797 1530 1978 1574 συνουσίας
2009 1526 2051 1579 ἦν
2080 1532 2231 1585 ᾀδόμενα

2243 1567 2253 1582 5

1208 1581 1256 1616 ὧν
1275 1579 1314 1616 τὸ
1332 1580 1395 1627 μὲν
1415 1583 1554 1632 πρῶτον
1579 1578 1616 1630 ἦν
1637 1584 1655 1621 ὃ
1675 1583 1716 1631 δὴ
1739 1585 1873 1631 πάντας
1889 1587 1983 1640 ᾅδειν
2009 1589 2111 1640 νόμος
2133 1585 2192 1641 ἦν,
2213 1593 2253 1631 τὸ

1209 1636 1242 1674 δὲ
1259 1638 1415 1690 δεύτερον
1427 1639 1447 1677 ὃ
1459 1640 1499 1686 δὴ
1518 1641 1644 1686 πάντες
1658 1642 1719 1693 μὲν
1735 1638 1815 1696 ᾖδον
1826 1674 1837 1692 ,
1857 1647 1895 1684 οὐ
1913 1646 1982 1696 μὴν
1996 1649 2087 1687 ἀλλά
2104 1665 2141 1701 γε
2158 1652 2249 1690 κατά

1207 1711 1283 1734 τινα
1304 1698 1460 1749 περίοδον
1481 1698 1515 1743 ἐξ
1534 1702 1726 1754 ὑποδοχῆς,
1746 1703 1859 1755 τρίτον
1879 1704 1914 1743 δὲ
1931 1706 1989 1744 καὶ
2006 1706 2068 1754 τὴν
2089 1708 2147 1746 ἐπὶ
2162 1717 2249 1749 πᾶσι

1206 1754 1300 1800 τάξιν
1318 1757 1396 1808 ἔχον
1409 1786 1418 1803 ,
1439 1751 1479 1794 οἷ
1498 1764 1657 1812 μετεῖχον
1675 1761 1790 1800 οὐκέτι
1808 1763 1949 1812 πάντες,
1967 1766 2043 1804 ἀλλ’
2064 1769 2094 1806 οἳ
2114 1770 2248 1808 συνετοὶ

1207 1814 1383 1860 δοκοῦντες
1404 1810 1491 1854 εἶναι
1511 1817 1628 1867 μόνοι,
1649 1819 1708 1858 καὶ
1729 1821 1819 1860 κατὰ
1839 1822 1944 1862 τόπον
1964 1824 2041 1862 τινὰ
2059 1828 2088 1864 εἷ
2109 1826 2246 1879 τύχοιεν

1205 1874 1315 1919 ὄντες·
1332 1875 1450 1928 διόπερ
1471 1880 1517 1920 ὡς
1534 1877 1677 1922 ἀταξίαν
1698 1878 1774 1917 τινὰ
1795 1881 1898 1930 μόνον
1915 1882 2011 1935 παρὰ
2030 1884 2143 1924 τᾶλλα
2167 1886 2247 1939 ἔχον

1207 1934 1245 1971 τὸ
1275 1934 1358 1984 μήθ’
1389 1934 1464 1981 ἅμα
1491 1936 1575 1986 μήθ’
1603 1937 1678 1983 ἑξῆς
1697 1939 1894 1989 γινόμενον,
1922 1942 2000 1978 ἀλλ’
2019 1940 2105 1980 ὅπου
2126 1942 2246 1997 ἔτυχεν

1206 1986 1292 2030 εἶναι
1306 2023 1316 2040 ,
1335 1993 1472 2032 σκόλιον
1493 1995 1634 2043 ἐκλήθη.
1650 1996 1701 2035 Τὸ
1717 1995 1753 2035 δὲ
1772 2001 1924 2036 τοιοῦτον
1943 1999 2064 2051 ᾔδετο,
2081 2001 2184 2041 ὁπότε
2201 2003 2246 2042 τὰ

1205 2050 1302 2089 κοινὰ
1328 2051 1388 2089 καὶ
1408 2058 1514 2091 πᾶσιν
1545 2055 1719 2106 ἀναγκαῖα
1739 2054 1834 2099 τέλος
1863 2056 2023 2096 λάὸοιεν·
2050 2065 2244 2107 τηνικαῦτα

1204 2110 1271 2161 γὰρ
1288 2108 1355 2157 ἤδη
1372 2112 1440 2148 τῶν
1456 2114 1569 2164 σοφῶν
1584 2112 1729 2152 ἕκαστον
1746 2113 1838 2167 ᾠδήν
1855 2130 1932 2153 τινα
1946 2115 2058 2164 καλὴν
2075 2121 2123 2162 εἰς
2138 2119 2245 2169 μέσον

1202 2168 1318 2216 ἠξίουν
1337 2170 1555 2223 προσφέρειν.
1581 2173 1705 2219 Καλὴν
1721 2171 1757 2211 δὲ
1774 2173 1904 2221 ταύτην
1923 2175 2078 2226 ἐνόμιζον
2095 2176 2157 2224 τὴν
2175 2194 2244 2217 πα-

1203 2227 1353 2280 ραίνεσίν
1375 2227 1411 2265 τέ
1431 2245 1507 2267 τινα
1525 2230 1583 2268 καὶ
1600 2231 1741 2282 γνώμην
1766 2232 1858 2284 ἔχειν
1876 2234 2043 2273 δοκοῦσαν
2063 2236 2244 2287 χρησίμην

1200 2303 1236 2325 τε
1255 2289 1300 2331 εἷς
1317 2286 1375 2325 τὸν
1398 2286 1484 2338 βίον.

1202 2392 1319 2430 ΠΕΡΙ
1354 2391 1457 2451 ΤΟΥ
1493 2391 1840 2430 ΔΙΟΝΥΣΙΑΚΟΥ
1875 2393 2237 2436 ΣΥΣΤΗΜΑΤΟΣ.

1691 2500 1751 2524 11.

1517 2581 1546 2615 E
1573 2581 1723 2616 LIBRO
1752 2580 1922 2618 PRIMO.

1250 2668 1355 2703 Idem
1372 2669 1480 2717 XIV,
1497 2681 1537 2716 p.
1571 2668 1665 2714 636,
1683 2669 1711 2704 E
1729 2681 1736 2702 :
1755 2665 1930 2719 Ἀρτέμων
1945 2667 1974 2705 δ’
1995 2671 2028 2707 ἐν
2048 2672 2096 2722 τῷ
2110 2669 2239 2724 πρώτῳ

1198 2725 1286 2778 Περὶ
1313 2727 1540 2764 Διονυσιακοῦ
1558 2724 1779 2774 συστήματος
1797 2725 1968 2776 Τιμόθεόν
1983 2742 2068 2780 φησι
2091 2729 2150 2766 τὸν
2166 2731 2238 2769 Μι-

1195 2784 1315 2830 λήσιον
1333 2783 1432 2835 παρὰ
1450 2783 1519 2826 τοῖς
1535 2784 1674 2827 πολλοῖς
1692 2783 1786 2829 δόξαι
1804 2786 2090 2839 πολυχορδοτέρῳ
2107 2786 2237 2834 συστή-

1196 2858 1279 2891 ματι
1293 2842 1492 2894 χρήσασθαι
1505 2844 1548 2894 τῇ
1565 2842 1716 2892 μαγάδι·
1731 2844 1783 2882 διὸ
1796 2844 1856 2882 καὶ
1873 2843 1970 2896 παρὰ
1986 2849 2056 2888 τοῖς
2071 2845 2236 2884 Λάκωσιν

1195 2901 1415 2949 εὐθυνόμενον
1429 2930 1439 2949 ,
1466 2902 1513 2943 ὡς
1542 2902 1770 2954 παραφθείροι
1789 2902 1852 2948 τὴν
1873 2901 2023 2954 ἀρχαίαν
2043 2902 2234 2955 μουσικὴν,

1193 2960 1252 2998 καὶ
1274 2952 1456 3008 μέλλοντός
1472 2974 1560 3001 τινος
1574 2958 1750 3009 ἐκτέμνειν
1772 2961 1876 2998 αὐτοῦ
1904 2959 1966 3002 τὰς
1981 2960 2144 3012 περιττὰς
2161 2965 2228 3000 τῶν

1193 3021 1326 3072 γορδῶν
1341 3050 1350 3066 ,
1368 3018 1474 3063 δεῖξαι
1490 3019 1574 3069 παρ’
1591 3018 1708 3062 αὐτοῖς
1723 3019 1927 3070 ὑπάρχοντα
1943 3017 2232 3069 Ἀπολλωνίσκον,

1193 3065 1278 3131 πρὸς
1293 3079 1355 3124 τὴν
1376 3081 1480 3117 αὑτοῦ
1502 3075 1661 3120 σύνταξιν
1681 3076 1861 3130 ἰσόχορδον
1884 3076 1991 3129 λύραν
2010 3075 2134 3129 ἔχοντα
2146 3109 2156 3126 ,
2173 3080 2232 3118 καὶ

1193 3139 1359 3189 ἀφεθῆναι

1682 3222 1693 3243 1
1705 3221 1741 3245 2.

1244 3286 1350 3322 Idem
1368 3286 1456 3323 XIV
1469 3311 1478 3329 ‚
1507 3296 1546 3331 p.
1567 3283 1656 3328 637,
1674 3284 1702 3319 B
1725 3296 1733 3318 ε
1758 3280 1829 3320 Καὶ
1847 3281 1925 3333 περὶ
1941 3283 2001 3319 τοῦ
2018 3279 2176 3334 τρίποδος
2193 3282 2230 3320 δὲ

1190 3342 1406 3393 καλουμένου
1428 3340 1591 3394 (ὄργανον
1609 3338 1644 3377 δὲ
1662 3338 1722 3378 καὶ
1747 3343 1847 3378 τοῦτο
1865 3338 2051 3390 μουσικόν)
2081 3342 2100 3377 6
2113 3356 2229 3393 προει-

1193 3401 1338 3454 ρημένος
1358 3400 1531 3452 Ἀρτέμων
1551 3399 1676 3452 γράφει
1696 3398 1802 3442 οὕτως
1815 3414 1822 3421 ·
1861 3417 1874 3431 «
1898 3397 2005 3436 “Oesv
2025 3398 2139 3436 πολλὰ
2159 3400 2228 3436 τῶν

1192 3460 1344 3512 ὀργάνων
1382 3461 1451 3498 οὐδ’
1485 3461 1512 3496 εἷ
1544 3458 1663 3510 γέγονέ
1696 3473 1779 3495 ποτε
1809 3456 2034 3508 γινιί)σκεται’
2068 3456 2222 3508 καθάπερ
