2326 3724
85 258 154 289 182

79 338 210 387 pulos,
245 339 293 374 ad
322 339 542 375 servitutem
567 340 768 388 prolapsos
781 365 791 384 ,
815 351 983 388 persaepe
1013 341 1127 376 etiam

79 398 252 433 virorum
270 399 425 434 minime
443 398 632 433 malorum
657 398 803 434 animos
822 397 969 433 invadit
994 409 1003 435 :
1027 411 1128 447 quo-

80 469 165 492 rum
185 457 337 492 bonitas
358 469 403 492 eo
426 463 572 492 tantum
592 457 735 502 elucet,
759 456 865 504 quod
889 469 1013 504 neque
1038 470 1129 493 cru—

82 515 216 550 deliter
231 523 348 564 agunt
365 528 569 551 numorum
587 526 716 560 causa,
737 527 862 563 neque
873 514 936 561 jus
954 516 1100 551 violant
1119 529 1127 550 τ

83 575 212 621 quales
231 582 317 610 sunt
338 574 413 611 fere
439 575 469 610 si
487 575 552 622 qui
583 574 680 609 inter
697 575 838 609 Turcas
858 574 930 609 viri
955 574 1048 609 boni
1069 574 1130 609 di—

83 639 234 668 cuntur.
254 634 297 668 In
314 645 392 681 quo
412 644 547 681 genere
565 632 708 667 illustre
727 633 941 680 exemplum
958 639 1039 667 erat
1051 643 1132 667 me-

81 692 206 727 moria
223 702 309 727 mea
326 690 610 727 Mohammedes
626 702 739 726 senex
750 717 760 734 ‚
785 691 944 738 Algeriae
963 697 1128 738 satrapa.

82 750 185 785 Nihil
204 750 278 786 hoc
298 750 382 786 viro
399 751 547 794 mitius,
568 748 724 798 ejusque
738 747 813 785 fide
830 749 919 785 data
933 749 1029 784 nihil
1046 760 1133 784 san-

84 809 181 844 ctius
201 820 209 846 :
230 815 268 844 at
286 808 387 844 idem
403 821 482 844 non
497 809 636 853 solum,
651 809 723 844 nisi
739 819 875 856 pacem
894 808 942 844 ab
959 820 1005 843 eo
1021 807 1133 843 rede-

83 868 231 912 misses,
250 869 452 916 piraticam
467 867 688 912 exercebat3
707 867 949 915 violataque,
967 868 1047 903 sine
1065 879 1134 902 sua

85 927 222 975 culpa,
245 939 365 976 pace,
387 927 558 975 gavisum
585 938 663 962 esse
695 925 833 969 credo;
859 938 994 961 verum
1021 927 1134 962 etiam

85 986 258 1033 quotidie
281 999 351 1035 per
379 998 578 1035 vesperam
597 986 720 1021 aureis
743 985 986 1020 numerandis
1004 996 1043 1020 se
1065 985 1134 1020 de-

83 1045 263 1080 lectabat.
280 1045 518 1081 Praedivitem
533 1051 635 1080 certe
652 1043 764 1079 fuisse
781 1044 935 1079 Petrum
947 1043 1037 1079 inde
1054 1043 1135 1079 col—

83 1104 235 1152 ligimus
245 1131 256 1150 ,
275 1104 381 1152 quod
397 1104 517 1139 insula
530 1103 722 1147 AconitiS,
742 1103 780 1137 in
798 1114 874 1150 qua
888 1104 984 1138 cotis
998 1102 1135 1139 sodinae

85 1163 374 1208 exercebantur,
396 1163 542 1211 integra
561 1174 633 1210 pro
655 1160 774 1197 fundo
795 1161 844 1197 ad
865 1174 951 1198 eum
966 1163 1136 1211 pertine—

85 1221 154 1257 bat
176 1222 241 1271 (V.
262 1223 400 1258 testim.
429 1220 515 1268 12).
540 1220 682 1256 Eadem
698 1221 889 1256 servitutis
907 1221 1060 1256 miseria
1078 1222 1137 1256 vi—

85 1294 148 1317 ros
169 1282 342 1329 quamvis
371 1281 497 1316 bonos
522 1280 793 1315 immanissima
821 1281 1006 1329 principis
1034 1279 1138 1328 jussa

84 1352 157 1389 pro
189 1341 355 1375 numinis
387 1339 551 1375 oraculis
583 1339 737 1386 exsequi
758 1339 882 1387 cogit,
905 1340 1014 1387 quasi
1042 1339 1138 1375 nihil

86 1399 248 1434 arbitrio
275 1411 343 1434 suo
364 1399 539 1434 relictum
559 1399 607 1433 sit
635 1409 643 1434 :
666 1399 798 1446 itaque
826 1410 1039 1435 asseverare
1058 1411 1138 1434 non

86 1457 265 1493 auderem
284 1458 511 1493 calumniam
526 1469 603 1492 esse
617 1457 799 1505 Procopii
811 1458 999 1493 narrantis
1012 1458 1139 1493 Theo-

87 1517 280 1552 dahabum
301 1528 323 1552 a
342 1517 454 1551 Petro
480 1515 528 1551 ad
547 1516 825 1551 Amalasunthae
844 1529 976 1553 necem
998 1517 1138 1552 incita—

88 1583 169 1610 tum
181 1587 258 1611 esse
279 1575 470 1622 (Procop.
495 1574 640 1610 Anecd.
669 1573 728 1618 16,
743 1587 783 1622 p.
810 1574 881 1622 47)
906 1586 914 1612 :
932 1577 1005 1611 nisi
1025 1587 1138 1612 causa

88 1647 203 1682 quam
223 1634 333 1669 affert
349 1647 418 1669 cur
433 1633 636 1669 Theodora
653 1634 809 1669 exitium
826 1635 986 1670 infelicis
1001 1636 1138 1683 reginae

86 1694 307 1729 machinata
335 1698 428 1728 esset
458 1700 535 1727 tam
556 1704 693 1740 parum
725 1692 918 1728 credibilis
950 1693 1067 1739 foret,
1098 1701 1141 1729 ut

86 1753 162 1788 hoc
180 1764 336 1800 quoque
351 1753 495 1787 crimen
504 1751 716 1787 maledictis
735 1763 880 1787 vesanae
895 1753 1140 1801 impudentiae

90 1813 282 1848 accenseri
301 1823 411 1860 posse
433 1809 638 1846 confidam.

149 1887 163 1903 a
188 1872 302 1907 Petro
331 1871 498 1906 Patricio
523 1869 657 1906 Suidas
676 1867 829 1920 ἱστορίας
846 1870 982 1906 tribuit
1010 1882 1018 1908 τ
1039 1871 1140 1907 unde

89 1931 215 1979 petitae
246 1930 385 1978 eclogae
417 1930 457 1964 in
484 1936 650 1976 utroque
679 1929 790 1964 titulo
813 1929 860 1964 de
887 1929 1142 1977 legationibus

92 1996 259 2033 exstant3
282 2001 445 2036 quarum
463 1988 590 2036 prima
611 1987 660 2023 ad
679 1988 883 2035 imperium
903 1988 1061 2033 Tiberii,
1083 1989 1142 2024 ul-

94 2050 186 2084 tima
203 2048 252 2084 ad
268 2060 327 2083 res
346 2059 368 2083 a
387 2048 539 2083 Juliano
560 2046 684 2082 adhuc
702 2048 844 2083 Caesare
873 2047 942 2082 sub
963 2048 1142 2096 auspiciis

93 2108 304 2146 Constant-ii
332 2108 372 2142 in
390 2107 511 2143 Gallia
536 2113 657 2154 gestas
676 2107 856 2154 pertinet.
880 2107 1026 2153 Quodsi
1045 2107 1143 2143 ulte—

93 2168 171 2202 rius
194 2178 416 2215 progressus
435 2173 550 2210 esset,
576 2166 606 2200 is
626 2166 693 2213 qui
709 2166 860 2214 eclogas
884 2166 1050 2202 confecit
1065 2179 1143 2201 non

92 2226 212 2273 magis
243 2226 282 2259 in
310 2226 423 2260 Petro
443 2236 559 2272 quam
590 2225 629 2258 in
655 2225 790 2259 ceteris
818 2225 991 2269 ultimam
1018 2226 1144 2273 operis

93 2291 243 2333 partem
261 2283 485 2332 neglexisset
502 2294 511 2320 z
533 2283 663 2330 itaque
683 2295 769 2318 eum
789 2282 903 2318 finem
922 2283 1054 2319 fecisse
1076 2284 1143 2320 ubi

94 2342 289 2390 Eunapius
301 2353 361 2376 res
376 2341 487 2389 plene
501 2353 656 2376 narrare
670 2341 879 2389 incipiebat
895 2353 974 2376 non
991 2341 1140 2377 dubito.

93 2403 234 2437 Verum
253 2401 293 2434 in
314 2412 391 2446 quo
413 2406 584 2448 tempore
601 2400 768 2435 historiae
786 2413 860 2435 suae
878 2401 1028 2436 initium
1048 2413 1145 2436 con-

95 2459 279 2503 stituerit,
299 2469 343 2494 ea
361 2458 517 2506 quaestio
535 2471 615 2493 non
634 2471 739 2506 aeque
760 2466 861 2494 certe
882 2459 1053 2507 expediri
1073 2473 1147 2508 po—

96 2525 168 2554 test
187 2531 196 2553 :
218 2530 351 2566 regum
370 2525 495 2557 tamen
511 2517 699 2565 liberique
719 2519 854 2566 populi
869 2519 1035 2554 Romani
1052 2527 1147 2555 tem-

97 2589 194 2626 pora
227 2583 406 2613 tractasse
440 2589 518 2612 non
553 2577 800 2622 crediderim3
838 2590 957 2624 quum
988 2586 1149 2626 propter

98 2638 317 2686 eclogarum
331 2648 377 2672 ex
386 2636 563 2671 universo
574 2636 649 2672 hoc
661 2643 833 2684 tempore
848 2637 1052 2681 defectum,
1067 2646 1148 2672 tum

99 2697 189 2743 quia
204 2708 283 2731 non
295 2695 410 2731 video
427 2695 523 2742 quid
535 2695 730 2731 hominem
746 2696 996 2743 Byzantinum
1012 2697 1149 2744 impel—

99 2756 175 2790 lere
192 2755 365 2803 potuerit
385 2754 433 2790 ad
457 2754 658 2790 scribenda
682 2767 765 2802 quae
779 2782 789 2800 ,
810 2762 854 2790 ut
871 2756 1030 2803 quisque
1052 2768 1148 2804 pro—

99 2814 209 2849 lixius
223 2820 287 2849 aut
299 2813 453 2849 brevius
467 2820 620 2848 narrata
638 2821 837 2861 quaereret,
849 2814 965 2862 vulgo
980 2815 1151 2850 invenie-

99 2873 253 2908 bantur.
266 2874 353 2908 Non
370 2879 492 2908 tamen
507 2884 527 2908 a
543 2872 698 2909 Tiberio
713 2873 913 2921 incepisse,
925 2894 978 2899 --
991 2873 1032 2908 id
1046 2873 1151 2921 quod

99 2943 170 2979 per
194 2943 232 2966 se
261 2931 364 2966 omni
392 2938 538 2967 careret
562 2931 803 2980 probilitate,
827 2952 877 2959 --
896 2931 962 2967 sed
989 2931 1071 2979 jam
1105 2923 1152 2968 de

102 2992 273 3038 Augusto
308 2990 643 3038 triumviratusque
673 2997 846 3039 tempore
879 2992 1017 3040 egisse,
1054 3004 1150 3040 pro—

102 3048 197 3084 bant
225 3048 435 3096 fragmenta
470 3062 552 3096 quae
583 3050 622 3084 in
660 3049 790 3085 libello
822 3050 1068 3098 Seguieriano
1095 3051 1152 3086 De

104 3108 252 3155 syntaxi
266 3108 392 3143 inveni
405 3107 471 3155 (fr.
491 3121 505 3142 1
519 3108 546 3157 ).
564 3109 619 3143 Ex
630 3109 690 3144 his
703 3110 863 3144 alterum
875 3109 976 3158 apud
989 3109 1154 3145 Dionem

105 3165 273 3204 Cassium
286 3165 419 3201 iisdem
431 3178 554 3214 prope
568 3167 694 3202 verbis
706 3167 858 3215 legitur,
879 3167 984 3215 quod
1001 3168 1048 3203 de
1065 3167 1112 3204 fr.
1131 3167 1152 3204 5

107 3225 323 3260 observavit
335 3225 502 3260 Valesius
523 3223 638 3273 [adde
654 3224 702 3262 fr.
719 3238 739 3260 2
756 3233 793 3261 et
811 3225 855 3275 7]
876 3239 882 3261 :
901 3226 1002 3262 unde
1022 3226 1154 3274 conje-

107 3292 216 3320 ctura
233 3291 337 3320 certa
354 3284 476 3319 oritur
491 3283 647 3320 Petrum
663 3285 757 3320 nihil
774 3286 877 3321 aliud
892 3299 1006 3333 quam
1022 3288 1156 3323 Dionis

106 3343 340 3378 breviarium
356 3342 562 3379 confecisse
578 3334 762 3390 quatenus
776 3343 888 3390 hujus
906 3345 1065 3380 historia
1082 3357 1155 3394 pa-

110 3409 217 3437 teret.
240 3403 323 3437 Jam
343 3413 434 3436 vero
460 3414 578 3449 quum
607 3403 851 3438 continuator
870 3404 1026 3448 Dionis,
1050 3403 1157 3450 cujus

110 3461 259 3508 eclogas
280 3461 333 3496 ill.
361 3462 480 3496 Maius
500 3462 537 3496 in
567 3463 675 3497 titulo
706 3462 751 3498 dc
772 3464 963 3499 sententiis
988 3464 1151 3508 invenit,

955 250 1105 290 PETRI
1134 250 1363 291 PATRICII

1190 347 1374 389 quantum
1405 341 1527 390 spatia
1555 341 1682 378 metiri
1709 342 1820 387 licet,
1853 354 1932 378 non
1958 343 2120 379 multum
2140 343 2239 380 infra

1189 399 1476 436 Constantinum
1492 401 1545 436 M.
1566 400 1824 446 descenderit,
1848 414 1928 437 non
1949 403 2148 438 temeraria
2165 402 2238 439 ha-

1189 459 1392 495 riolatione
1413 459 1507 494 mihi
1523 460 1694 508 persuasi
1714 471 1799 495 eum
1819 472 1895 495 non
1918 460 2108 496 diversum
2126 472 2148 496 a
2166 462 2239 497 Pe-

1190 524 1249 552 tro
1279 529 1357 553 esse
1387 531 1395 553 :
1429 518 1478 553 ad
1507 530 1622 565 quam
1655 517 1880 554 firmandam
1911 519 2084 554 nonnihil
2122 531 2237 556 acce-

1191 575 1320 619 deret,
1342 577 1372 611 si
1396 576 1636 624 exploratum
1659 583 1754 612 esset
1783 577 2058 625 imperatorum
2085 578 2242 612 nomina

1192 634 1332 682 quibus
1365 635 1436 669 ista
1468 634 1571 682 apud
1602 635 1745 670 Maium
1773 647 1845 683 pro
1866 666 1870 670 .
1887 635 2073 671 lemmatis
2108 634 2243 670 distin—

1191 699 1360 742 guuntur
1390 693 1431 728 in
1450 692 1585 729 codice
1613 694 1666 728 sic
1694 693 1820 741 posita
1850 705 1928 729 esse
1958 706 1967 729 ι
1998 705 2086 729 nam
2110 693 2243 730 eadem

1193 753 1340 788 ratione
1359 753 1626 801 grammaticus
1656 753 1718 788 ille
1737 753 1804 801 qui
1832 752 1879 788 de
1897 754 2046 801 syntaxi
2069 754 2242 802 scripsit,

1193 812 1294 847 Petri
1314 824 1411 860 opus
1427 812 1466 847 in
1478 819 1606 860 partes
1621 811 1843 848 distinctum
1859 812 2002 848 invenit
2021 824 2030 847 :
2051 819 2154 848 certe
2165 825 2245 848 non

1193 870 1380 906 librorum
1408 871 1597 916 numeris3
1628 883 1745 919 quos,
1779 877 1823 906 ut
1844 882 1994 920 semper
2023 871 2136 916 alias,
2165 883 2244 921 po-

1195 930 1340 965 suisset.

1253 1004 1267 1020 «
1285 989 1471 1025 Praeterea
1486 989 1589 1025 idem
1604 986 1740 1024 Suidas
1753 989 1864 1025 Petro
1887 1000 1983 1037 opus
2000 985 2090 1039 Περὶ
2107 987 2244 1024 πολιτι-

1195 1048 1257 1092 κῆς
1283 1045 1531 1089 καταστάσεως
1559 1047 1742 1083 adscribit
1771 1060 1779 1082 :
1805 1046 1911 1095 quod
1935 1047 1990 1082 ill.
2017 1047 2138 1083 Maius
2154 1046 2240 1082 illos

1195 1107 1378 1154 anonymi
1407 1107 1605 1156 scriptoris
1634 1106 1680 1142 de
1699 1118 1741 1142 re
1775 1106 1934 1155 publica
1963 1105 2136 1153 dialogos
2165 1117 2246 1141 esse

1196 1165 1352 1212 conjicit
1377 1178 1543 1214 quorum
1568 1166 1728 1201 Photius
1757 1164 1844 1200 cod.
1879 1164 1926 1211 37
1954 1164 2145 1209 meminit,
2167 1164 2248 1212 ipse

1196 1231 1323 1259 autem
1342 1235 1362 1259 e
1377 1225 1621 1273 palimpsesto
1639 1224 1823 1261 Vaticano
1853 1223 1980 1272 ampla
2000 1222 2120 1259 edidit
2137 1221 2247 1272 frag-

1195 1290 1321 1318 menta
1338 1281 1426 1334 [lt-:pl
1441 1282 1621 1327 πολιτικῆς
1636 1279 1833 1331 ἐπιστήμης
1847 1282 2044 1330 inscripta.
2061 1281 2249 1330 Equidem

1196 1343 1455 1391 inscriptionis
1469 1342 1726 1379 diversitatem
1745 1343 1918 1377 omittam
1931 1368 1941 1386 ,
1959 1353 2083 1389 neque
2095 1341 2246 1390 negabo

1196 1402 1308 1437 Petro
1328 1402 1480 1450 placere
1495 1402 1664 1451 potuisse
1681 1408 1724 1437 ut
1740 1401 1861 1436 libros
1881 1401 1960 1436 sine
1979 1400 2135 1436 nomine
2154 1396 2248 1436 ede-

1196 1467 1254 1496 ret
1285 1473 1292 1495 :
1328 1468 1495 1496 attamen
1523 1461 1587 1496 vix
1614 1460 1798 1496 credibile
1827 1459 1982 1495 videtur
2010 1470 2093 1495 rem
2124 1458 2250 1495 Suidae

1198 1527 1433 1568 compertam
1454 1520 1571 1556 docto
1603 1520 1835 1567 curiosoque
1866 1519 2004 1554 Photio
2034 1530 2114 1553 non
2132 1518 2249 1554 inno-

1198 1579 1331 1623 tuisse3
1351 1586 1417 1614 aut
1434 1586 1588 1624 contra,
1611 1577 1767 1614 Suidam
1783 1578 1932 1613 silentio
1950 1577 2140 1612 transiisse
2156 1576 2251 1612 illud

1199 1649 1296 1685 opus
1316 1650 1394 1685 quo
1409 1638 1542 1673 Petrus
1557 1637 1664 1684 Lydo
1684 1636 1746 1686 (v.
1770 1637 1910 1672 testim.
1933 1648 1948 1671 1
1964 1633 1974 1685 )
1991 1642 2084 1671 teste
2103 1634 2150 1671 de
2167 1646 2252 1671 ma-

1198 1697 1352 1744 gisterio
1381 1695 1598 1732 officiorum
1619 1696 1795 1744 exposuit
1819 1706 1828 1732 :
1851 1707 1969 1742 quum
1996 1693 2038 1730 id
2057 1700 2185 1729 tamen
2210 1694 2251 1729 in

1197 1755 1398 1791 hominum
1416 1755 1590 1790 manibus
1610 1762 1825 1790 versaretur
1845 1753 1994 1789 decimo
2012 1753 2164 1788 saeculo.
2182 1754 2250 1788 Et-

1199 1815 1299 1850 enim
1323 1814 1522 1850 manifesto
1550 1812 1664 1860 hujus
1690 1820 1818 1862 partes
1847 1820 1934 1848 sunt
1962 1824 2212 1860 quaecumque
2231 1824 2252 1848 e

1200 1874 1312 1909 Petro
1344 1875 1524 1922 magistro
1546 1879 1694 1908 exstant
1716 1873 1857 1908 inserta
1878 1871 2131 1907 caeremoniali
2149 1871 2252 1907 Con—

1200 1933 1353 1967 stantini
1379 1931 1701 1980 porphyrogeniti
1729 1942 1738 1967 :
1762 1930 1905 1966 habent
1925 1937 2052 1965 autem
2074 1941 2161 1965 eum
2181 1941 2252 1964 au-

1202 1998 1347 2027 ctorem
1376 2004 1454 2026 non
1476 1991 1600 2026 solum
1634 1990 1762 2038 capita
1787 1989 1904 2038 primi
1934 1988 2024 2024 libri
2049 1987 2097 2031 84
2120 1995 2162 2024 et
2181 1986 2253 2034 85,

1202 2050 1341 2098 quibus
1360 2049 1439 2097 ejus
1461 2061 1601 2085 nomen
1626 2047 1826 2098 praefixum
1851 2047 1989 2084 diserte
2011 2047 2164 2095 legitur,
2184 2058 2254 2083 ve—

1202 2121 1287 2144 rum
1306 2109 1420 2145 etiam
1437 2108 1569 2144 decem
1586 2119 1669 2156 quae
1688 2108 1872 2144 continuo
1888 2113 2113 2154 sequuntur,
2133 2117 2256 2153 usque

1203 2168 1251 2204 ad
1271 2167 1334 2217 95,
1350 2168 1418 2204 ubi
1434 2180 1552 2216 saepe,
1570 2181 1609 2203 v.
1630 2179 1688 2216 gr.
1710 2166 1773 2202 86.
1801 2165 1866 2212 87.
1883 2163 1956 2213 95,
1974 2164 2021 2201 de
2039 2165 2253 2200 Justiniano

1203 2235 1385 2275 tanquam
1398 2228 1610 2276 imperante
1621 2238 1740 2273 quum
1755 2225 1826 2260 ista
1841 2223 2114 2268 scriberentur,
2130 2234 2256 2259 sermo

1204 2294 1271 2322 est.
1295 2287 1417 2322 Petita
1436 2293 1563 2321 autem
1585 2297 1664 2320 esse
1681 2284 1761 2319 haec
1783 2284 1909 2319 omnia
1933 2295 1953 2318 e
1975 2282 2076 2317 libro
2100 2282 2147 2318 de
2167 2281 2256 2318 offi-

1205 2347 1266 2381 cio
1283 2345 1453 2394 magistri
1469 2345 1558 2380 satis
1574 2343 1663 2379 inde
1680 2343 1874 2391 colligitur
1887 2341 1993 2390 quod
2009 2348 2143 2376 auctor
2158 2353 2257 2390 prae—

1207 2405 1319 2453 cipue
1337 2404 1376 2440 id
1401 2405 1499 2452 agit,
1518 2409 1560 2438 ut
1585 2402 1723 2438 doceat
1743 2413 1826 2449 quae
1843 2407 1972 2450 partes
1989 2400 2160 2448 magistri
2183 2401 2258 2436 sint

1205 2464 1244 2498 in
1277 2463 1393 2499 rebus
1415 2474 1509 2510 quas
1532 2468 1693 2506 tractat;
1727 2461 2073 2509 magistrorumque
2100 2460 2258 2495 nomina

1204 2523 1334 2570 ponit,
1357 2523 1424 2570 qui
1454 2522 1494 2556 in
1513 2533 1558 2557 ea
1593 2520 1776 2568 dignitate
1801 2518 1943 2554 fuerint
1973 2529 2050 2565 quo
2085 2524 2258 2566 tempore

1206 2582 1352 2616 Leones
1363 2607 1373 2625 ‚
1395 2593 1487 2616 avus
1507 2587 1544 2616 et
1562 2591 1682 2627 nepos
1696 2605 1706 2623 ,
1726 2577 2018 2624 Anastasiusque
2034 2581 2070 2611 et
2087 2576 2258 2612 ,lustinus

1206 2640 1409 2687 imperium
1425 2645 1684 2687 susceperunt.

1267 2714 1282 2729 «
1302 2699 1440 2733 Utrum
1458 2698 1533 2733 hoc
1551 2698 1590 2732 in
1609 2697 1803 2731 volumine
1816 2707 1863 2730 an
1879 2693 1971 2729 alibi
1989 2693 2122 2728 Petrus
2136 2705 2259 2742 expo-

1209 2756 1325 2792 suerit
1344 2768 1427 2803 quae
1447 2768 1535 2791 cum
1554 2755 1722 2791 Chosroe
1742 2754 1788 2790 de
1809 2765 1903 2801 pace
1920 2751 2187 2800 componenda
2199 2753 2261 2788 lo-

1211 2821 1319 2850 cutus
1338 2821 1430 2850 esset
1460 2812 1527 2862 (V.
1547 2811 1726 2848 Menand.
1757 2810 1896 2860 fiam),
1925 2823 1998 2859 pro
2017 2811 2258 2859 incomperto

1209 2873 1400 2920 relinquo.
1417 2871 1608 2908 Sermonis
1628 2871 1879 2906 rusticitatem
1896 2871 1936 2904 in
1949 2881 1995 2905 eo
2015 2869 2260 2917 reprehendit

1210 2931 1431 2975 Menander,
1445 2942 1559 2978 quam
1570 2941 1608 2965 se
1618 2929 1745 2964 verbis
1757 2928 1893 2964 Atticis
1906 2926 2016 2977 [non]
2033 2934 2196 2962 mutasse
2207 2928 2261 2963 ait

1212 3003 1330 3038 quum
1341 2989 1534 3037 colloquia
1545 2989 1615 3024 ista
1624 2987 1781 3023 referret
1793 2998 1801 3024 ε
1812 2985 2032 3034 justamque
2043 2997 2120 3021 esse
2131 2997 2261 3034 repre-

1210 3049 1430 3085 hensionem
1443 3049 1478 3084 ei
1488 3047 1597 3083 facile
1611 3046 1800 3082 credimus
1811 3057 1819 3082 :
1830 3057 1919 3080 nam
1931 3045 1970 3079 in
1984 3044 2159 3092 capitulis
2177 3056 2260 3092 quae

1212 3109 1251 3144 in
1263 3107 1512 3144 caeremoniali
1534 3111 1680 3142 exstant
1693 3105 1862 3153 graecitas
1876 3103 1927 3139 ad
1943 3103 2160 3138 barbariem
2172 3103 2260 3138 vul-

1213 3179 1421 3216 garemque
1435 3176 1648 3201 sermonem
1661 3162 1861 3198 manifesto
1880 3162 2075 3206 inclinata,
2093 3162 2172 3196 imo
2181 3159 2263 3208 jam

1214 3227 1253 3261 in
1279 3226 1380 3261 hunc
1410 3235 1614 3270 conversa,
1638 3222 1888 3270 conspicitur3
1909 3232 2033 3268 neque
2053 3221 2191 3268 eclogae
2217 3231 2264 3256 ex

1213 3285 1372 3320 historia
1392 3283 1439 3319 ab
1459 3284 1530 3319 ista
1547 3282 1632 3318 labe
1650 3282 1836 3316 immunes
1852 3287 1952 3315 sunt.
1975 3281 2046 3323 At,
2072 3291 2156 3327 quae
2171 3290 2192 3314 e
2212 3279 2262 3314 li-

1214 3344 1293 3380 bris
1306 3340 1396 3394 Περὶ
1408 3341 1587 3386 πολιτικῆς
1598 3337 1793 3388 ἐπιστήμης
1803 3340 1843 3375 in
1852 3339 2004 3374 luminis
2019 3350 2104 3374 oras
2115 3337 2265 3373 reduxit

1216 3403 1356 3447 Maius,
1377 3412 1521 3437 summa
1541 3399 1746 3448 elegantia,
1771 3406 1808 3434 et
1822 3410 1928 3447 paene
1947 3398 2171 3433 intemerato
2191 3398 2263 3432 At-

1217 3463 1293 3498 tico
1309 3473 1480 3497 sermone
1498 3460 1639 3508 scripta
1656 3465 1757 3495 sunt.
1775 3459 1900 3504 Quum
1918 3464 2043 3492 autem
2062 3457 2191 3492 Petrus
2207 3456 2264 3490 sui
