2326 3724
988 193 1326 236 FRAGMENTA.
2166 198 2234 233 ιετ

301 317 362 346 10.
385 302 734 345 ΑΥΡΗΛῘΑΝΟΣ.
768 301 912 354 (270.)

139 413 168 441 1.
186 396 273 439 “On
289 397 504 452 Αὐρηλιανὸς
523 396 732 450 βασιλεύσας
745 396 806 435 καὶ
824 394 1029 446 συναγαγὼν
1047 393 1130 433 πάν-

82 473 144 502 τας
159 457 237 502 τοὺς
250 458 285 495 ἓν
299 457 391 509 λόγῳ
403 458 438 494 ἐν
451 455 624 508 Ῥαὸέννῃ
642 454 769 508 βουλὴν
784 455 953 500 ἐποιεῖτο,
971 454 1045 496 πῶς
1058 450 1130 504 χρὴ

85 515 282 569 βασιλεύειν
302 515 406 554 αὐτόν
419 531 427 540 ·
449 514 611 554 ἐδούλετο
630 513 698 566 γὰρ
718 512 808 564 μετὰ
834 513 982 551 θάνατον
1007 513 1132 572 Κλαυ-

84 574 159 614 δίου
176 574 211 620 ἐξ
227 569 274 613 ὧν
292 574 464 627 ἔπραττεν
483 573 610 625 μείζων
631 573 763 612 ἐκείνου
783 571 981 625 φαίνεσθαι.
1008 571 1070 614 Εἷς
1090 568 1126 607 δὲ

82 623 153 672 τῶν
171 634 212 672 ἐκ
230 635 292 680 τῆς
313 632 511 686 συγκλήτου
531 626 626 671 εἶπεν
653 632 749 684 αὐτῷ
762 646 771 655 ·
795 649 811 666 ιι
831 630 922 670 Ἐὰν
946 630 1046 682 θέλῃς
1063 645 1133 668 κα-

82 694 152 736 λῶς
169 693 400 744 βασιλεῦσαι,
413 693 535 745 χρυσῷ
548 691 608 730 καὶ
625 690 758 744 σιδήρῳ
771 689 917 729 σεαυτὸν
933 689 1113 743 ὀχύρωσον
1123 703 1132 713 ·

83 751 175 790 κατὰ
196 749 259 802 μὲν
275 753 345 789 τῶν
361 749 562 790 λυπούντων
581 765 641 801 σε,
659 749 808 802 σιδήρῳ·
829 748 915 802 πρὸς
931 747 967 787 δὲ
983 747 1060 792 τοὺς
1079 751 1134 786 θε-

85 810 308 865 ραπεύοντας,
324 811 460 863 χρυσῷ.
481 826 498 845 ν
519 809 592 849 Καὶ
610 811 747 862 πρῶτος
762 811 825 855 τῆς
843 811 954 854 κακῆς
969 810 1031 854 τ’ἧς
1048 808 1134 861 (κα-

83 869 228 917 κίστηςΡ
242 869 371 913 οἰκείας
385 872 479 909 Ζοη.
495 869 507 921 )
525 867 724 920 συμὸουλῆς
740 866 870 915 ταύτης
890 866 990 911 αὐτὸς
1007 870 1025 906 ὁ
1041 882 1134 918 συμ-

84 926 276 972 δουλεύσας
294 927 515 975 ἀπήλαυσεν.

137 1000 169 1027 2.
196 983 287 1027 Ὅτι
302 986 456 1031 Ἀλὸῖνος
475 985 585 1039 γέρων
613 985 662 1025 ὢν
681 986 792 1026 ἐνόσει
810 985 875 1034 τὴν
892 985 949 1025 ἐπὶ
967 985 1112 1024 θάνατον
1128 1000 1136 1009 ·

86 1044 248 1084 εἰσελθὼν
266 1045 303 1084 δέ
320 1060 372 1089 τις
389 1046 597 1085 ἐπυνθάνετο
612 1045 716 1084 αὐτὸν
735 1047 809 1090 πῶς
826 1045 1022 1096 διάκειται,
1039 1044 1085 1084 Ὁ
1102 1043 1137 1083 δὲ

92 1098 182 1143 εἶπεν
195 1119 204 1129 ·
228 1121 245 1139 ιι
262 1105 308 1144 Εἰ
332 1103 395 1156 μὲν
411 1103 560 1149 σώζεται
573 1107 595 1151 ἠ
609 1104 747 1158 πατρὶς,
763 1106 879 1147 κακῶς
890 1119 898 1128 ·
916 1102 1053 1147 πάντως
1066 1103 1134 1155 γὰρ

89 1160 321 1208 ἀποθνήσκω·
341 1163 371 1200 εἷ
390 1161 427 1200 δὲ
447 1161 497 1213 μὴ
512 1161 680 1210 σώζεται,
699 1164 815 1206 καλῶς
827 1177 836 1185 ·
854 1161 923 1213 ἐγὼ
936 1160 1004 1213 γὰρ
1018 1161 1137 1212 φθάνω

88 1220 274 1259 ἀποθανὼν
301 1219 384 1274 πρὶν
412 1221 515 1272 μάθω
539 1220 599 1259 τὸν
623 1220 763 1275 ὄλεθρον
783 1223 844 1268 τῆς
871 1219 1057 1274 πατρίδος·
1078 1219 1138 1258 καὶ

87 1278 211 1318 τούτου
233 1280 348 1327 μεῖζον
368 1278 497 1329 ἀγαθὸν
512 1279 550 1316 οὗ
564 1281 670 1325 ζητῶ.
692 1295 710 1314 ιν

144 1351 176 1378 3.
208 1337 295 1378 ’Ότι
312 1336 532 1390 Αὖρηλιανὸς
551 1337 673 1388 μαθὼν
690 1339 725 1376 ἐν
741 1337 942 1388 Πλακεντίᾳ
959 1333 1047 1375 εἶναι
1065 1336 1141 1388 μοῖ-

89 1411 152 1448 ραν
171 1398 239 1435 τῶν
262 1395 463 1449 βαρὸάρων,
482 1396 655 1442 ἐδήλωσεν
678 1397 794 1441 αὐτοῖς
813 1395 865 1434 ὅτι
886 1414 903 1431 ιι
924 1397 970 1435 Εἰ
990 1394 1054 1446 μὲν
1084 1396 1139 1434 θέ-

90 1457 170 1494 λετε
187 1454 413 1507 πολεμήσειν,
436 1455 509 1494 ἰδοὺ
530 1454 666 1506 ἕτοιμός
686 1456 778 1507 εἶμι·
798 1456 828 1493 εἰ
849 1453 885 1493 δὲ
912 1453 957 1493 τὰ
977 1454 1139 1507 βελτίονα

90 1513 266 1565 λογίζεσθε
289 1514 509 1567 παραδοῦναι
536 1512 695 1561 ἑαυτοὺς,
723 1511 873 1565 δέχομαι
899 1515 991 1564 ὑμᾶς
1010 1515 1055 1556 ὡς
1076 1513 1136 1550 δε-

89 1571 222 1619 σπότης
241 1573 354 1623 ὗμῶν.
377 1589 394 1606 u
417 1573 466 1611 Οἱ
487 1570 524 1611 δὲ
544 1571 791 1619 ἀντεδήλωσαν
814 1570 867 1610 ὅτι
887 1589 903 1605 ιι
928 1570 1056 1622 Ἡμεῖς
1078 1571 1141 1609 οὐκ

90 1629 220 1683 ἔχομεν
245 1629 441 1678 δεσπότην·
462 1629 524 1669 καὶ
549 1629 667 1683 αὔριον
687 1629 874 1681 ἑτοίμασον
899 1628 1058 1677 σεαυτὸν,
1081 1628 1141 1668 καὶ

92 1688 276 1740 μανθάνεις
295 1687 350 1728 ὅτι
367 1688 453 1742 πρὸς
468 1688 666 1740 ἐλευθέρους
684 1689 861 1740 πολεμεῖς.
883 1707 900 1723 ¹»

142 1761 173 1787 ⁴.
202 1746 290 1787 Ὅτι
306 1747 522 1801 Αὔρηλιανὸς
537 1749 572 1786 ἐν
591 1750 641 1801 τῷ
656 1750 853 1800 πολιορκεῖν
872 1746 917 1785 τὰ
938 1748 1072 1788 Τύανα
1089 1748 1138 1785 εἷ-

91 1805 191 1860 ρήκει
217 1812 288 1851 τοῖς
313 1806 542 1860 στρατιώταις
564 1805 618 1845 ὅτι
639 1825 655 1843 ιι
677 1806 765 1847 Ἐὰν
786 1806 1016 1858 εἰσέλθωμεν,
1047 1805 1139 1857 μηδὲ

91 1864 180 1905 κύνα
198 1865 341 1913 ἐάσητε.
363 1882 379 1901 ιι
398 1864 507 1906 Μετὰ
526 1865 562 1904 δὲ
578 1865 642 1913 τὴν
670 1864 802 1904 ἅλωσιν
830 1865 1052 1918 ἀπηγόρευσε
1072 1865 1142 1908 τοῖς

92 1923 323 1977 στρατιώταις
349 1923 439 1976 μήτε
457 1928 624 1978 φονεῦσαι
650 1924 741 1976 μήτε
761 1924 970 1977 διαρπάσαι.
993 1923 1140 1976 Ἔλεγον

92 1976 151 2021 οὖν
170 1983 264 2035 αὐτῷ
283 1982 493 2034 θυμούμενοι
512 1985 543 2022 οἳ
560 1985 775 2034 στρατιῶται
794 1983 847 2022 ὅτι
865 2001 880 2018 ιι
903 1979 947 2022 Ἃ
964 1982 1139 2034 ὑπέσχου,

93 2039 276 2094 ἐπίτρεψον
297 2041 382 2091 ἡμῖν
397 2044 556 2088 ποιῆσαι.
578 2060 594 2076 υ
613 2041 661 2081 ‘O
682 2041 719 2080 δὲ
735 2041 829 2093 λέγει
848 2043 966 2085 αὐτοῖς
978 2057 986 2065 ·
1007 2059 1024 2075 ιι
1041 2041 1141 2090 Ἀλη-

94 2099 210 2137 θεύετε
225 2098 278 2137 ὅτι
296 2098 365 2152 ἐγὼ
384 2094 480 2139 εἶπον
493 2115 502 2124 ·
523 2099 690 2139 ἀπέλθετε
701 2131 711 2148 ,
732 2100 824 2138 κύων
842 2099 891 2151 μὴ
909 2102 1029 2152 εὑρεθῇ
1047 2101 1081 2138 ἐν
1099 2102 1141 2150 τῇ

95 2157 196 2196 πόλει
214 2156 343 2210 ταύτῃ,
365 2158 458 2197 ἀλλὰ
481 2158 616 2203 πάντας
639 2158 843 2212 φονεύσατε.
873 2175 890 2193 1·
915 2158 987 2198 Καὶ
1007 2157 1143 2211 ἔπεμψε

95 2215 156 2254 καὶ
170 2214 249 2260 τοὺς
265 2216 465 2270 τριὸούνους
491 2217 553 2256 καὶ
572 2217 651 2262 τοὺς
670 2216 904 2270 στρατιώτας,
930 2215 992 2254 καὶ
1010 2215 1144 2261 πάντας

412 2361 470 2395 10.
492 2358 824 2396 AURELIANUS.

139 2431 152 2458 1
161 2450 169 2458 .
178 2426 365 2459 Aurelianus
372 2426 413 2459 ad
426 2428 598 2469 imperium
608 2429 741 2461 evectus
749 2452 761 2468 ‚
771 2429 884 2461 coacto
893 2429 1054 2461 Ravennae
1067 2435 1148 2459 con-

96 2477 169 2509 cilio
184 2477 352 2510 hominum
372 2480 535 2520 quotquot
561 2480 655 2512 erant
679 2480 764 2512 fama
787 2479 969 2519 clarorum,
995 2479 1036 2511 de
1051 2479 1152 2511 modo-

97 2529 248 2569 rcgnandi
268 2529 479 2562 deliberabat.
496 2531 623 2572 Quippe
644 2531 761 2564 avebat
780 2532 852 2572 post
876 2531 1002 2563 obitum
1022 2531 1147 2564 Claudii

54 2600 57 2604 .
96 2577 199 2618 major
216 2579 272 2611 illo
294 2579 397 2612 videri
424 2579 521 2612 rebus
544 2580 698 2622 gerendis.
725 2582 816 2614 Tunc
829 2581 870 2614 de
890 2581 1028 2613 concilio
1050 2589 1147 2621 unus,

84 2643 114 2675 ,ιι
130 2630 164 2663 Si
181 2631 246 2672 vis,
266 2632 391 2673 iuquit,
405 2632 488 2666 bene
506 2641 657 2674 regnare,
674 2642 753 2666 auro
769 2635 802 2666 et
818 2634 902 2666 ferro
914 2635 948 2667 te
961 2633 1148 2673 communi;

97 2683 248 2716 adversus
259 2683 413 2716 nimirum
424 2680 578 2717 molestos
588 2684 672 2717 ferro
681 2711 692 2727 ‚
706 2694 780 2727 erga
795 2685 1011 2727 obsequentes
1024 2694 1115 2719 auro.
1131 2698 1147 2714 ι»

98 2737 129 2768 ls
142 2737 252 2768 autem
265 2736 322 2778 qui
345 2745 483 2779 pravum
501 2737 563 2771 hoo
577 2738 749 2772 consilium
765 2738 916 2780 dederat,
931 2739 1055 2780 primus
1068 2739 1148 2772 illud

99 2789 248 2828 expertus
259 2788 320 2822 est.

139 2842 172 2871 2.
186 2838 321 2872 Albinus
333 2847 431 2873 senex
444 2840 478 2873 et
499 2841 588 2874 letali
614 2841 728 2874 morbo
747 2841 942 2875 decumbens
961 2842 1082 2875 homini
1108 2842 1148 2874 ad

98 2899 133 2923 se
148 2890 287 2932 ingresso
304 2893 492 2934 rogantique
504 2894 670 2934 quomodo
683 2903 718 2926 se
731 2894 883 2935 haberet,
901 2907 916 2922 ιι
934 2895 967 2927 Si
985 2896 1085 2935 salva,
1104 2895 1149 2927 in·

99 2942 188 2983 quit,
211 2943 315 2984 patria
330 2945 396 2984 est,
409 2944 558 2984 equidem
574 2946 659 2978 male
672 2954 787 2986 pere0;
802 2946 852 2979 sin
867 2947 911 2978 illi
926 2955 1018 2979 secus
1030 2946 1148 2986 evenit,

100 2993 181 3026 bene
197 3002 205 3023 ι
220 3003 279 3036 ego
296 2995 383 3027 enim
404 2996 523 3028 moriar
539 2996 727 3037 priusquam
745 2998 858 3039 patriae
871 2998 1034 3031 excidium
1059 2998 1151 3031 intel—

101 3044 208 3086 ligam.
224 3047 330 3087 Atque
354 3046 415 3079 hac
427 3047 584 3088 maJ'orem
613 3048 737 3081 nullam
766 3049 949 3082 felicitatem
963 3049 1116 3091 exquiro.
1135 3063 1150 3078 n

142 3099 175 3129 3.
200 3097 387 3130 Aurelianus
411 3097 544 3130 edoctus
561 3099 686 3140 partem
713 3099 924 3134 barbarorum
954 3101 1151 3134 Placentiam

101 3156 280 3190 occupare,
302 3149 493 3190 significavit
510 3150 596 3183 illis:
617 3163 634 3179 ιι
659 3151 693 3184 Si
717 3159 859 3192 pugnare
881 3153 1004 3193 avetis,
1026 3162 1068 3185 en
1093 3161 1152 3193 ego

102 3201 232 3240 paratus
242 3208 334 3241 sum;
348 3200 396 3233 sin
409 3201 543 3234 meliora
555 3202 689 3235 consilia
702 3203 832 3244 capitis,
846 3213 961 3245 nempe
973 3206 1011 3236 ut
1026 3204 1154 3236 vosmet

103 3251 242 3293 dedatis,
255 3252 374 3294 recipio
386 3261 445 3285 vos
454 3254 492 3286 ut
503 3253 653 3288 dominus
665 3256 783 3288 vester.
800 3269 816 3285 »
828 3256 877 3289 llli
893 3256 1128 3297 responderunt
1143 3268 1150 3288 :

108 3315 124 3330 «
137 3304 201 3335 Nos
218 3302 386 3336 dominum
403 3313 468 3336 non
487 3305 664 3346 habemus5
678 3308 712 3339 et
728 3315 823 3340 mane
838 3308 968 3348 quidem
982 3309 1050 3340 esto
1060 3316 1152 3349 para-

106 3355 177 3395 tus,
196 3355 233 3387 ut
243 3356 274 3387 te
286 3363 360 3388 cum
374 3356 451 3389 viris
469 3357 576 3390 liberis
588 3367 730 3399 pugnare
745 3367 925 3400 cognoscas.
947 3373 965 3388 »

150 3406 180 3437 4.
199 3406 387 3440 Aurelianus
399 3406 433 3440 in
445 3408 630 3449 Tyanorum
643 3409 806 3443 obsidione
822 3410 977 3444 militibus
993 3412 1152 3453 praedixe-

1194 281 1271 325 τοὺς
1311 280 1417 324 κύνας
1462 278 1644 332 ἐφόνευσεν
1658 295 1666 304 ·
1704 281 1795 319 ὥστε
1837 284 1883 324 εἷς
1922 280 2058 332 γέλωτα
2097 282 2240 328 ἔλθ’ἦναι

1195 340 1399 389 (ἐκλυθῆναι
1414 338 1452 388 i')
1473 337 1532 376 τὸν
1551 337 1659 388 θυμὸν
1681 342 1743 376 τοῦ
1761 338 2031 390 στρατεύματος,
2062 338 2132 378 Καὶ
2152 337 2242 387 μετὰ

1193 402 1305 437 ταῦτα
1322 396 1540 449 συγκαλέσας
1556 395 1681 440 αὐτοὺς
1699 389 1794 434 εἶπεν
1816 395 1868 435 ὅτι
1897 414 1912 431 ο
1931 397 2056 447 ἹΙμεῒς
2073 396 2159 450 ὑπὲρ
2180 399 2242 434 τοῦ

1195 458 1426 509 ἐλευθερῶσαι
1449 454 1512 498 τὰς
1531 454 1648 498 πόλεις
1675 454 1805 499 ταύτας
1824 456 2067 505 πολεμοῦμεν·
2095 456 2156 493 καὶ
2183 454 2243 492 ἐὰν

1196 516 1382 567 μέλλωμεν
1403 512 1602 567 πραιδεύειν
1620 513 1745 561 αὐτὰς,
1763 512 1878 552 οὐκέτι
1897 513 1981 563 ἡμῖν
2004 511 2243 550 πιστεύουσιν

1196 571 1287 611 ἀλλὰ
1306 572 1441 623 μᾶλλον
1468 570 1532 618 τὴν
1552 572 1684 624 πραῒδα
1714 573 1783 610 τῶν
1808 570 1996 623 βαρὸάρων
2018 569 2244 621 ζητήσωμεν,

1195 630 1257 670 καὶ
1272 630 1436 670 τοιούτων
1454 628 1654 681 (τούτων’ἰ)
1670 631 1716 673 ὡς
1727 628 1906 682 ἡμετέρων
1921 627 2132 681 φεισώμεθα.
2150 645 2166 662 υ

1250 704 1281 731 Β.
1311 687 1400 729 ’Ὀτι
1427 687 1649 741 Αὐρηλιανὸς
1670 687 1810 741 ἔπεμψε
1829 686 2048 741 πρεσὸευτὰς
2070 686 2154 739 πρὸς
2175 688 2248 731 Ζη-

1197 749 1317 788 νοὸίαν
1344 747 1551 802 προτρέπων
1573 746 1682 794 αὐτὴν
1715 745 1872 786 ἐνδοῦναι
1904 748 2014 785 τελεῖν
2046 747 2106 784 ὑπ’
2128 745 2245 785 αὐτόν.

1197 809 1244 849 Ἥ
1260 809 1296 847 δὲ
1317 808 1557 855 ἀντεδήλωσεν
1578 807 1629 846 ὅτι
1645 825 1659 841 ιι
1683 805 1781 856 Ἐγὼ
1801 805 1898 845 οὐδὲν
1916 806 2008 858 μέγα
2028 804 2201 853 ἐόλάὸην·
2216 807 2247 842 οἱ

1198 867 1265 921 γὰρ
1287 866 1451 910 πεσόντες
1471 867 1505 904 ἐν
1525 868 1576 920 τῷ
1598 865 1745 919 πολέμῳ
1774 865 1898 918 σχεδὸν
1919 865 2046 908 πάντες
2075 861 2249 914 Ῥωμαῖοί

1203 929 1303 967 εἰσιν.
1331 944 1349 960 ¹·

1253 999 1284 1026 6.
1314 983 1398 1025 Ὅτι
1429 983 1647 1038 Αὖρηλιανὸς
1681 984 1856 1036 πειραθείς
1879 998 1965 1022 ποτε
1997 982 2252 1035 στρατιωτικῆς

1202 1045 1494 1093 ἐπαναστάσεως,
1508 1043 1626 1094 ἔλεγεν
1647 1045 1847 1082 ἀπατᾶσθαι
1861 1041 1940 1086 τοὺς
1960 1041 2201 1094 στρατιώτας,
2223 1041 2253 1077 εἰ

1201 1105 1235 1142 ἐν
1255 1103 1330 1147 ταῖς
1354 1104 1467 1141 αὐτῶν
1494 1102 1597 1155 χερσὶ
1627 1101 1688 1146 τὰς
1709 1101 1836 1153 μοίρας
1865 1096 1954 1139 εἶναι
1982 1102 2051 1138 τῶν
2079 1098 2252 1152 βασιλέων

1202 1160 1528 1212 ὑπολαμὸάνουσιν.
1547 1160 1710 1215 Ἔφασκε
1729 1159 1797 1213 γὰρ
1815 1159 1875 1199 τὸν
1899 1159 1975 1198 θεὸν
2000 1158 2251 1211 δωρησάμενον

1201 1220 1264 1268 τὴν
1289 1219 1470 1274 πορφύραν
1491 1219 1576 1271 (καὶ
1603 1218 1736 1266 ταύτην
1765 1218 1943 1257 ἐπεδείκνυ
1963 1221 2006 1271 τῇ
2027 1217 2144 1270 δεξιᾷ)
2164 1215 2254 1254 πάν-

1202 1295 1267 1323 τως
1287 1279 1346 1317 καὶ
1366 1278 1425 1317 τὸν
1444 1278 1569 1332 χρόνον
1588 1281 1650 1325 τ’ἧς
1669 1277 1848 1329 βασιλείας
1868 1276 1997 1329 ὁρίσαι.
2018 1276 2090 1316 Καὶ
2109 1277 2148 1314 οὐ
2164 1274 2252 1327 πρό-

1201 1353 1299 1390 τερον
1319 1336 1455 1384 ἀπέστη
1474 1337 1556 1390 πρὶν
1583 1336 1625 1374 ἂν
1655 1337 1702 1380 εἷς
1728 1335 1807 1380 τοὺς
1828 1333 2002 1389 ἀρχηγοὺς
2021 1338 2082 1383 τῆς
2099 1334 2254 1377 στάσεως

1202 1395 1422 1443 πεντήκοντα
1443 1394 1650 1442 ἐξεδίκησεν.

1255 1456 1278 1506 5
1298 1470 1331 1494 ι.
1350 1455 1493 1493 Eadem
1507 1457 1672 1492 Zonaras
1686 1455 1787 1500 XII,
1808 1467 1874 1501 27,
1889 1467 1930 1503 p.
1951 1453 2027 1491 606
2044 1465 2054 1492 t
2077 1451 2254 1505 Αὖρηλια-

1202 1512 1258 1557 νὸς
1275 1515 1336 1560 τῆς
1352 1511 1531 1564 βασιλείας
1551 1511 1771 1559 ἐπιὸεὸηκὼς
1790 1510 1982 1571 εΡωμαίων
1995 1510 2104 1571 ᾔρετο
2122 1509 2200 1553 τοὺς
2220 1510 2254 1547 ἐν

1202 1571 1293 1611 τέλει
1317 1569 1413 1615 ὅπως
1443 1569 1641 1624 βασιλεύειν
1661 1569 1788 1623 χρεών.
1817 1565 1886 1609 ιὩ.ν
1913 1572 1959 1613 εἷς
1980 1572 2075 1608 εἶπεν
2095 1570 2192 1622 αὐτῷ
2208 1570 2255 1612 ὡς

1205 1650 1221 1666 κ
1240 1629 1330 1671 Ἐὰν
1353 1630 1462 1683 βούλῃ
1481 1631 1690 1682 βασιλεῦσαι
1709 1630 1825 1673 καλῶς
1837 1658 1848 1676 ,
1864 1630 1986 1682 χρυσῷ
2003 1643 2041 1666 σε
2058 1629 2109 1666 δεῖ
2125 1627 2185 1665 καὶ
2202 1643 2254 1665 σι-

1204 1689 1300 1743 δήρῳ
1317 1688 1526 1743 περιφράξαι
1543 1689 1689 1726 σαυτόν·
1706 1687 1800 1726 κατὰ
1817 1687 1880 1737 μὲν
1895 1689 1964 1725 τῶν
1981 1686 2181 1725 λυπούντων
2198 1702 2253 1725 κε·

1205 1747 1380 1802 χρημένον
1413 1747 1564 1800 σιδήρῳ,
1604 1746 1682 1790 τοὺς
1718 1746 1754 1784 δέ
1793 1762 1833 1797 γε
1867 1747 1975 1797 (σεὲ)
2006 1746 2256 1798 θεραπεύοντας

1205 1809 1326 1860 χρυσῷ
1347 1805 1592 1857 ἀμειὸόμενον.
1619 1824 1634 1840 υ
1664 1804 1733 1849 “Oc
1751 1808 1909 1857 πρῶτος,
1938 1807 1984 1848 ὡς
2014 1805 2173 1856 λέγεται,
2196 1807 2258 1851 τῆς

1204 1865 1332 1910 οἰκείας
1357 1865 1487 1913 ταύτης
1507 1864 1677 1903 ἀπώνατο
1698 1863 1922 1916 συμὸουλῆς,
1939 1863 2015 1915 μετ’
2031 1865 2070 1903 οὐ
2090 1863 2179 1902 πολὺ
2196 1867 2256 1902 τοῦ

1206 1923 1349 1977 σιδήρου
1368 1922 1554 1975 πειραθείς.

1260 1985 1283 2033 S
1300 1997 1337 2024 2.
1361 1999 1377 2017 ιι
1397 1985 1485 2021 Sine
1500 1983 1620 2020 dubio
1634 1984 1697 2020 hic
1713 1991 1769 2020 est
1785 1984 1837 2020 M.
1857 1983 2056 2021 Nummius
2074 1983 2255 2028 AlbinuS,

1206 2045 1272 2091 qui
1284 2044 1415 2079 consul
1428 2044 1565 2078 iterum
1581 2043 1765 2091 processit
1779 2054 1840 2078 an.
1863 2042 1960 2088 2633
1979 2042 2026 2079 de
2043 2055 2121 2091 quo
2139 2051 2260 2080 exstat

1205 2109 1298 2138 nota
1331 2102 1397 2137 illa
1432 2101 1637 2150 philologis
1671 2101 1868 2149 inscriptio
1903 2100 2009 2150 apud
2039 2102 2259 2138 Reinesium

1204 2174 1244 2210 p.
1269 2159 1344 2203 465
1370 2172 1380 2198 t
1400 2172 1444 2198 Μ.
1464 2171 1623 2196 nummo
1641 2171 1778 2195 anemo
1803 2171 1844 2197 v.
1866 2172 1901 2195 c.
1914 2171 2110 2203 Qumsmm
2129 2173 2260 2198 cmm-

1206 2230 1305 2256 DATO
1326 2230 1497 2255 merrom
1522 2229 1678 2254 vimmo
1709 2230 1847 2254 comrrl
1866 2229 2084 2255 DOMESTICO
2105 2232 2261 2258 onmms

1210 2330 1278 2369 rat,
1294 2329 1361 2361 sore
1372 2330 1409 2361 ut
1420 2328 1498 2360 illuc
1511 2328 1643 2369 ingressi
1655 2337 1696 2361 ne
1709 2336 1823 2361 canem
1839 2328 1972 2369 quidem
1986 2329 2182 2364 incolumem
2195 2340 2263 2364 esse

1210 2380 1364 2414 sinerent.
1385 2382 1462 2413 Mox
1479 2380 1559 2412 urbe
1574 2381 1758 2421 expugnata
1776 2379 1934 2413 militibus
1956 2380 2058 2414 edixit
2079 2390 2120 2415 ne
2141 2383 2262 2415 occide·

1208 2434 1281 2465 rent
1307 2441 1390 2465 neve
1411 2432 1599 2474 diriperent.
1624 2433 1677 2465 llll
1700 2432 1855 2473 indignati
1872 2433 2078 2474 postulabant
2101 2435 2143 2467 ab
2166 2444 2205 2468 eo
2224 2438 2262 2468 ut

1207 2483 1294 2525 quod
1308 2485 1384 2516 ante
1395 2483 1611 2525 promisisset,
1623 2484 1759 2516 nunciis
1773 2484 1876 2517 facere
1887 2484 2087 2518 concederet.
2100 2488 2128 2519 ls
2139 2488 2261 2528 autem,

1210 2548 1228 2564 ιι
1243 2537 1340 2576 Vere,
1355 2536 1478 2578 inquit,
1495 2536 1650 2577 narratis,
1663 2536 1751 2578 quod
1764 2536 1809 2570 ita
1823 2536 1961 2570 dixerim
1980 2551 1988 2570 :
2004 2539 2129 2579 Pergite
2143 2548 2258 2580 porr03

1208 2587 1296 2620 canis
1308 2588 1418 2621 nullus
1430 2588 1491 2621 bac
1503 2588 1539 2621 in
1555 2588 1635 2621 urbe
1644 2588 1794 2629 supersit,
1808 2588 1865 2622 sed
1877 2597 1990 2622 omnes
2004 2590 2151 2623 occidite.
2165 2605 2180 2620 u
2195 2594 2262 2624 lm-

1209 2639 1313 2672 missis
1333 2649 1408 2681 ergo
1432 2639 1570 2673 tribunis
1585 2641 1619 2672 et
1634 2640 1809 2680 militibus,
1825 2649 1921 2674 canes
1935 2641 2100 2675 occidione
2123 2642 2262 2683 delevit,

1208 2691 1252 2723 ita
1265 2692 1302 2723 ut
1314 2691 1360 2723 ira
1373 2691 1535 2724 exercitus
1545 2691 1578 2724 in
1592 2691 1691 2724 risum
1702 2692 1805 2724 soluta
1817 2692 1869 2724 sit.
1882 2692 1971 2726 Idem
1986 2694 2096 2734 postea
2108 2695 2263 2728 concione

1208 2743 1335 2782 vocata,
1352 2755 1368 2771 ιι
1380 2744 1457 2782 Nos,
1469 2742 1585 2783 inquit,
1596 2750 1655 2783 pro
1669 2743 1718 2775 his
1727 2743 1861 2776 urbibus
1873 2744 2046 2777 liberandis
2056 2746 2242 2787 praeliamur
2254 2759 2263 2787 ;

1210 2802 1292 2835 quas
1305 2794 1332 2826 si
1352 2794 1491 2835 praedari
1508 2794 1735 2834 maluerimus,
1746 2795 1810 2827 tide
1822 2795 1855 2827 in
1871 2797 2074 2836 postremum·
2086 2798 2171 2838 apud
2183 2799 2266 2839 ipsas

1209 2845 1398 2878 carebimus.
1425 2845 1511 2884 Quin
1529 2846 1635 2886 potius
1653 2845 1797 2887 praedam
1818 2855 1837 2879 e
1857 2846 2005 2880 barbaris
2025 2849 2173 2890 petamus
2184 2860 2195 2890 ;
2216 2850 2266 2882 bis

1210 2898 1320 2929 autem
1337 2897 1472 2929 urbibus
1486 2905 1543 2929 seu
1556 2896 1602 2930 rei
1615 2899 1735 2930 nostrae
1749 2906 1931 2938 parcamus.
1948 2912 1964 2927 ι»

1255 2953 1287 2982 5.
1311 2949 1502 2982 Aurelianus
1530 2949 1635 2982 missis
1664 2949 1705 2982 ad
1732 2950 1905 2984 Zenobiam
1935 2952 2046 2993 legatis
2077 2952 2268 2986 hortabatur

1210 3009 1281 3033 eam
1293 3025 1302 3041 ‚
1316 3001 1353 3032 ut
1365 3001 1414 3033 sui
1430 3000 1563 3033 demum
1577 3000 1774 3035 deditionem
1790 3002 1921 3036 faceret.
1944 3004 2005 3036 llla
2028 3013 2105 3038 vero
2132 3013 2264 3046 respon-

1212 3053 1260 3085 dit
1278 3065 1285 3085 :
1303 3065 1319 3081 «
1336 3052 1429 3085 Haud
1445 3061 1502 3093 ego
1518 3061 1711 3095 magnopere
1725 3054 1918 3088 detrimento
1939 3056 2054 3089 assecta
2075 3066 2147 3089 sum
2164 3070 2173 3090 ε
2189 3066 2264 3090 nam

1211 3105 1268 3147 qui
1279 3105 1468 3137 occiderunt
1480 3105 1512 3137 in
1525 3106 1638 3147 proelio
1647 3130 1657 3146 ‚
1672 3107 1815 3148 plerique
1828 3116 1940 3141 omnes
1957 3110 2092 3142 Romani
2105 3111 2191 3142 sunt.
2203 3122 2220 3138 ν

1253 3161 1285 3189 6.
1299 3157 1490 3189 Aurelianus
1502 3157 1657 3190 seditione
1672 3158 1802 3190 milltari
1818 3159 1991 3200 aliquando
2007 3161 2166 3201 appetitus
2181 3160 2264 3193 dixit

1212 3209 1279 3241 falli
1292 3209 1428 3246 milites,
1444 3209 1501 3251 qui
1520 3218 1632 3251 regum
1645 3211 1710 3243 fata
1726 3211 1760 3243 in
1772 3220 1831 3244 sua
1851 3220 1886 3245 se
1907 3214 2063 3254 potestate
2076 3213 2192 3245 habere
2208 3222 2262 3253 pu-

1212 3262 1328 3292 tarent.
1350 3259 1478 3301 Quippe
1504 3259 1621 3301 deum,
1638 3262 1695 3303 qui
1713 3261 1808 3296 dator
1832 3263 1874 3295 sit
1897 3272 2050 3304 purpurae
2067 3263 2183 3304 (quam
2198 3263 2262 3294 uti·

1213 3320 1276 3352 que
1286 3312 1419 3345 dextera
1436 3313 1689 3355 praetendebat),
1706 3315 1803 3347 etiam
1819 3323 1920 3347 annos
1938 3316 2026 3355 regni
2040 3315 2181 3347 definire.
2198 3317 2261 3347 Ne-

1213 3371 1278 3403 que
1289 3363 1374 3403 prius
1384 3363 1517 3404 destitit,
1529 3373 1627 3406 quam
1639 3366 1670 3398 in
1683 3365 1915 3407 quinquaginta
1927 3366 2091 3398 seditionis
2103 3365 2265 3407 principes

1213 3414 1498 3447 animadvertisset.
