2372 3704
144 282 220 316 460

142 356 383 411 στρατοπέδῳ,
401 356 564 409 διηνέχθη
582 355 660 409 περὶ
677 355 851 409 σωτηρίας
867 357 980 395 αὐτῶν
997 356 1057 396 καὶ
1079 372 1180 407 κομι-

142 418 216 464 δῆς.
238 415 397 469 Ὑστέρῳ
419 415 455 454 δὲ
478 415 593 469 χρόνῳ
611 415 668 454 τὸν
686 414 837 455 Ἔναλόν
865 430 971 469 φασιν
997 417 1031 453 ἐν
1052 415 1181 468 Λέσὸῳ

145 479 316 528 φανῆναι,
340 474 398 513 καὶ
412 474 540 527 λέγειν,
562 477 608 518 ὡς
625 474 681 512 ἐπὶ
701 474 866 527 δελφίνων
885 474 1028 527 φορητοὶ
1045 473 1102 512 διὰ
1122 477 1186 511 θα-

140 534 270 581 λάττης
289 532 466 572 ἐκπέσοιεν
492 532 658 576 ἀὸλαὸῶς
678 534 725 576 εἷς
745 532 808 578 τὴν
832 532 990 585 ἤπειρον.
1020 531 1122 570 Ἔστι
1148 531 1183 569 δὲ

142 590 233 629 ἄλλα
246 590 400 643 θειότερα
417 590 560 638 τούτων,
578 590 815 636 ἐκπλήττοντα
838 590 898 628 καὶ
917 592 1091 636 κηλοῦντα
1107 588 1185 633 τοὺς

140 648 309 698 πολλοὺς,
329 650 542 700 διηγεῖσθαι·
571 649 711 686 πάντων
742 649 778 686 δὲ
798 647 913 686 πίστιν
939 647 1037 700 ἔργον
1063 663 1184 699 παρα-

140 712 250 759 σχεῖν.
269 706 436 757 Κύματος
453 707 522 759 γὰρ
537 707 708 754 ἠλιὸοίτου
725 706 805 760 περὶ
830 706 892 753 τὴν
917 709 1019 752 νῆσον
1039 707 1184 758 αἰρομέ-

140 780 216 812 νου,
233 765 293 804 καὶ
312 768 380 803 τῶν
398 765 588 818 ἀνθρώπων
609 767 809 811 ἀπαντῆσαι
828 763 1001 812 δεδιότων,
1023 763 1125 814 μόνον
1142 763 1184 785 *⁴²

139 824 292 876 θαλάττῃ
322 823 465 862 ἕπεσθαι
484 823 681 867 πολύποδας
709 825 803 875 αὐτῷ
832 822 918 874 πρὸς
938 821 977 860 τὸ
1003 821 1093 873 ἱερὸν
1121 825 1182 859 τοῦ

140 883 376 931 Ποσειδῶνος,
395 876 442 920 ὧν
463 886 523 920 τοῦ
546 881 710 932 μεγίστου
727 880 817 919 λίθον
834 880 1043 930 κομίζοντος,
1060 879 1181 917 λαὸεῖν

137 939 195 978 τὸν
207 938 361 979 Ἔναλον
382 940 441 978 καὶ
458 942 634 978 ἀναθεῖναι
645 954 653 962 ·
671 937 729 976 καὶ
746 941 864 976 τοῦτον
884 937 934 975 ἔτι
950 938 1140 987 καλοῦμεν.

190 1000 246 1037 Cf.
263 1001 515 1036 Anticlidesin
526 998 727 1046 Nostis(fr.
741 997 775 1046 7)
791 1009 854 1044 ap
868 997 1005 1032 Athen.
1031 1009 1068 1044 p.
1094 996 1180 1038 466.

137 1059 193 1094 De
213 1059 432 1095 Penthilidis
458 1071 497 1105 Va
514 1058 664 1094 Miiller.
678 1058 786 1092 Min.
807 1068 848 1104 p.
877 1059 952 1102 477
982 1063 1019 1091 et
1045 1056 1182 1091 Nostia

139 1115 272 1163 flagm.
294 1116 476 1155 Chronol.
494 1129 536 1165 p.
557 1120 644 1161 174.

631 1182 693 1222 13.

189 1255 326 1291 Strabo
344 1255 462 1300 XIII,
484 1267 524 1302 p.
557 1253 634 1290 610
654 1266 662 1289 ε
684 1250 784 1298 Φησὶ
804 1250 839 1289 δὲ
858 1250 1034 1304 Μυρσίλος
1055 1252 1180 1297 Μηθυ-

138 1311 268 1362 μναίων
297 1312 429 1362 κτίσμα
458 1305 544 1349 εἶναι
564 1310 708 1350 Ἄσσον·
741 1310 949 1354 Ἑλλάνικος
976 1309 1012 1348 δὲ
1034 1308 1180 1348 Αἰολίδα

134 1370 238 1422 φησίν
251 1387 258 1395 ·
279 1370 369 1410 ὥστε
394 1370 454 1409 καὶ
481 1369 525 1408 τὰ
552 1370 581 1410 Γ
583 1369 718 1422 ἄργαρα
730 1369 797 1413 ,καὶ
827 1372 850 1416 ἡ
871 1368 1070 1420 Λαμπωνία
1091 1369 1181 1408 Ato-

135 1429 236 1469 λέων.

630 1486 691 1525 14.

186 1559 330 1594 Plinius
340 1559 390 1595 H.
407 1559 455 1594 N.
471 1559 540 1602 ΙΙΙ,
561 1557 604 1593 13
622 1570 629 1592 :
646 1558 860 1592 Sardiniam
879 1560 998 1605 ipsam
1020 1558 1179 1593 Timoeus

132 1616 382 1652 Sandaliotim
409 1617 618 1664 appellavit
634 1616 681 1650 ab
700 1613 830 1662 effigie
846 1617 978 1660 soleoe,
1001 1616 1179 1663 Myrsilus

133 1674 335 1710 Ichnusam
351 1687 377 1710 a
394 1675 635 1710 similitudine
651 1676 812 1721 vestigii.

626 1757 684 1795 15.

184 1834 325 1869 Plinius
345 1835 394 1870 H.
423 1835 470 1869 N.
493 1834 558 1878 IV,
588 1845 636 1868 22
657 1845 667 1871 τ
691 1835 821 1881 Ipsam
854 1832 1048 1882 (Andrum
1076 1832 1171 1882 ins.)

131 1892 311 1938 llffyrsilus
342 1893 503 1935 Gauron,
533 1892 667 1927 deinde
691 1893 909 1927 Antandron
940 1896 1176 1938 cognomina-

131 1959 206 1986 tam
225 1952 340 1985 tradit
357 1964 368 1985 .·
387 1950 644 1986 Callimachus
656 1951 830 1994 Lasiam,
847 1951 915 1985 alii
923 1950 1170 1996 Nonagriam,

130 2009 374 2055 Hydrussam,
399 2010 584 2056 Epagrin.
920 2001 923 2003 Δ

183 2068 354 2114 Myrsilus
369 2075 585 2103 recensetur
604 2068 717 2102 etiam
736 2066 835 2103 inter
849 2073 1022 2103 auctores
1039 2066 1175 2116 quibus

129 2125 226 2161 libro
248 2127 381 2174 quinto
404 2126 542 2161 Plinius
560 2138 647 2160 usus
661 2132 729 2162 est.

370 2214 612 2253 ΙΣΤΟΡΙΚΑ
641 2214 932 2253 ΠΑΡΑΔΟΞΑ.

621 2301 682 2339 16.

180 2376 375 2412 Athenaeus
385 2376 496 2420 XIII,
517 2387 557 2424 p.
573 2375 662 2420 610,
682 2375 709 2412 A
729 2389 736 2410 ι
762 2373 984 2425 Θεόφραστος
1001 2370 1037 2409 δὲ
1052 2372 1170 2422 ἀγῶνα

127 2433 274 2476 κάλλους
293 2432 377 2485 φησὶ
398 2431 556 2483 γενέσθαι
582 2432 680 2483 παρὰ
706 2432 877 2478 Ἠλείοις,
897 2431 956 2468 καὶ
975 2429 1039 2476 τὴν
1057 2429 1170 2482 κρίσιν

127 2492 359 2531 ἐπιτελεῖσθαι
390 2489 478 2540 μετὰ
506 2491 674 2536 σπουδῆς,
698 2489 891 2546 λαμὸάνειν
910 2505 947 2526 τε
967 2488 1044 2531 τοὺς
1071 2487 1171 2533 νική·

126 2562 253 2591 σαντας
273 2541 362 2586 ἀθλα
387 2546 495 2585 οπλα·
525 2546 611 2599 ἅπερ
642 2544 861 2584 ἀνατίθεσθαί
883 2562 966 2600 φησι
987 2545 1164 2588 Διονύσιος

125 2653 326 2692 adhiberent,
336 2652 434 2683 didita
447 2651 687 2683 fuitineolumes
699 2659 752 2682 eos
763 2651 776 2682 i
777 2660 857 2682 uisse
866 2652 897 2682 in
908 2651 1026 2681 terram
1037 2649 1168 2680 delatos.

127 2706 239 2736 Postea
252 2712 328 2735 vero
335 2703 485 2743 temporis
494 2703 584 2734 aiunt
598 2703 702 2742 ipsum
710 2702 742 2733 in
755 2702 852 2733 Lesbo
866 2701 962 2732 fuisse
972 2700 1074 2731 visum
1086 2702 1169 2731 Ena-

125 2756 206 2792 lum,
220 2763 258 2786 ac
274 2763 428 2794 narrasse,
443 2763 461 2785 a
474 2753 630 2794 delphinis
639 2762 672 2785 se
688 2762 705 2785 e
716 2752 796 2784 mari
812 2752 844 2783 in
862 2752 1075 2783 continentem
1090 2751 1169 2782 citra

128 2807 306 2847 periculum
320 2805 415 2837 fuisse
431 2807 568 2837 evectos.
586 2807 711 2836 Possem
724 2804 784 2835 alia
797 2804 846 2835 his
861 2802 1029 2840 diviniora,
1042 2811 1077 2833 ac
1093 2802 1169 2833 mul-

125 2860 234 2889 torum
246 2857 370 2888 animos
383 2866 447 2896 qua
460 2856 661 2897 percellentia
673 2865 736 2896 qua
749 2855 961 2887 demulcentia
971 2862 1169 2885 commemo-

126 2918 197 2941 rare
214 2908 293 2940 :sed
315 2908 443 2940 difficile
467 2910 514 2941 est
530 2908 678 2940 omnibus
696 2908 792 2939 fidem
815 2908 928 2939 facere.
950 2909 1059 2944 Quum
1083 2905 1167 2937 enim

124 2960 243 2992 fluctus
268 2961 375 3000 ingens
391 2960 475 2991 circa
503 2959 639 2991 insulam
664 2960 876 2998 attolleretur,
905 2958 1112 2996 hominesque
1127 2956 1168 2988 ad

124 3022 212 3045 mare
231 3013 381 3044 accedere
403 3022 468 3044 non
494 3012 666 3051 auderent,
692 3013 797 3044 solum
821 3012 929 3043 serunt
953 3010 1091 3042 Enalum
1115 3018 1167 3041 ac-

123 3064 268 3102 cessisse,
286 3066 318 3096 et
336 3065 476 3095 secutam
493 3072 566 3095 eum
583 3072 650 3094 esse
663 3063 857 3103 polypodum
869 3061 1108 3094 multitudinem
1126 3060 1166 3092 acl

122 3115 280 3155 templum
293 3123 394 3155 usque
407 3114 564 3155 Neptuni,
578 3114 719 3146 maximo
735 3114 870 3154 lapidem
890 3115 1048 3154 gestante,
1069 3120 1166 3153 quem

123 3166 243 3199 Enalus
258 3165 453 3198 dedicaverit
469 3178 476 3197 ι
491 3165 580 3206 isque
595 3165 674 3205 lapis
689 3174 708 3196 a
724 3165 816 3197 nobis
831 3165 875 3197 ita
891 3165 1019 3197 dicitur.

619 3231 671 3262 13.

163 3291 310 3333 Myrsilus
322 3293 435 3323 Assum
449 3298 467 3321 a
480 3290 702 3330 Metliymnoeis
714 3289 875 3322 conditam
894 3289 949 3321 ait.

938 275 1172 316 MYRONIS
1200 275 1471 316 PRIENENSl
1477 275 1502 317 S

1243 358 1261 395 ὁ
1278 357 1487 410 Λευκτρικὸς
1501 358 1544 409 τῇ
1561 356 1704 410 Ἀθηνᾷ,
1718 357 1775 396 τὸν
1791 357 1826 397 δὲ
1843 358 2034 406 νικήσαντα
2051 359 2285 410 ταινιούμενον

1243 414 1310 453 ὑπὸ
1329 417 1397 453 τῶν
1416 414 1522 468 φίλων
1541 415 1602 454 καὶ
1620 416 1844 466 πομπεύοντα
1864 417 1928 461 ἕως
1945 421 2004 456 τοῦ
2022 419 2115 470 ἱεροῦ
2134 419 2285 471 παραγί·

1242 475 1396 523 γνεσθαι.
1422 472 1493 512 Τὸν
1522 473 1690 526 στέφανον
1718 474 1747 512 δ’
1779 476 1894 519 αὐτοῖς
1923 476 2077 515 δίδοσθαι
2097 477 2282 530 μυρρίνης,

1242 531 1373 582 ἱστορεῖ
1388 531 1566 584 Μυρσίλος
1584 533 1618 570 ἐν
1637 531 1842 585 Ἱστορικοῖς
1859 534 2076 587 παραδόξοις.

1296 591 1504 627 Commode
1523 591 1601 627 haec
1618 593 1731 628 etiam
1751 593 1791 628 in
1807 594 1972 630 Lesbicis
2002 597 2203 632 memorari
2217 609 2285 645 po·

1243 656 1414 695 tuerunt,
1441 650 1754 698 quandoquidem
1780 651 1978 688 Athenaeus
1993 653 2021 693 l.
2042 654 2069 690 l.
2091 666 2137 690 ex
2156 655 2285 692 Theo-

1242 709 1396 757 phrasto
1423 709 1539 744 refert
1563 707 1711 751 κάλλους
1730 707 1858 761 κρίσεις
1878 709 2036 760 γενέσθαι
2056 711 2153 763 παρὰ
2172 713 2286 752 Τενε-

1243 764 1324 807 δίοις
1340 764 1400 802 καὶ
1417 764 1591 809 Λεσὸίοις.
1611 768 1721 803 Plura
1740 767 1787 804 de
1805 768 1906 805 hisce
1923 767 2152 813 καλλιστείοις
2164 784 2202 809 v.
2219 783 2283 822 ap.

1242 826 1370 862 Plehn.
1396 826 1566 863 Lesbiae.
1587 838 1629 874 p.
1661 824 1732 862 125
1753 838 1810 874 sq.
1832 848 1885 854 --
1907 829 1981 875 Qui
1998 828 2112 870 fuerit
2135 830 2286 879 Diony-

1242 883 1316 918 sius
1329 885 1535 918 Leuctricus
1549 883 1696 931 ignoro.
1723 885 1822 920 Num
1838 884 1920 923 fuit.
1953 886 1996 924 Δ.
2028 887 2047 923 ὁ
2061 884 2204 934 λεπτὸς,
2219 890 2286 937 qui

1241 942 1339 977 inter
1358 943 1428 978 alia
1447 943 1642 978 Theoridae
1665 954 1816 978 carmen
1834 941 1873 979 τὸ
1893 944 1941 986 εἷς
1958 942 2016 980 τὸν
2034 941 2179 996 Ἔρωτα
2198 948 2285 984 illu-

1241 1001 1371 1034 stravit
1393 998 1550 1047 (Athen.
1569 1001 1642 1044 XI,
1663 999 1754 1046 475,
1772 1002 1814 1038 F.
1828 1000 1864 1051 )1'
1880 1003 1916 1038 Is
1928 1015 2019 1038 vero
2035 1004 2098 1039 vix
2118 1004 2286 1042 diversus

1242 1065 1295 1092 est
1310 1058 1356 1092 ab
1374 1060 1421 1095 D.
1442 1058 1639 1094 Corinthio
1657 1057 1884 1110 αἷτιογράφῳ,
1904 1072 1950 1096 ex
1966 1072 2043 1108 quo
2061 1062 2284 1100 Plutarchus
2321 1071 2323 1074 ⁴

1240 1117 1279 1150 in
1295 1117 1465 1154 Amator.
1488 1129 1529 1164 p.
1548 1116 1635 1162 761,
1655 1118 1696 1162 B,
1716 1117 1912 1153 historiam
1938 1119 1984 1154 de
1999 1120 2193 1167 Clearcho,
2218 1117 2286 1170 qui

1240 1182 1431 1222 spectante
1463 1176 1604 1211 amasio
1637 1176 1935 1225 pulcherrimum
1962 1177 2104 1214 facinus
2136 1179 2257 1216 edidit
2270 1207 2280 1226 ‚

1242 1240 1525 1268 commemorat.

1734 1310 1796 1344 ¹7·

1293 1375 1482 1412 Plutarch.
1508 1377 1612 1412 Arat.
1629 1389 1664 1414 c.
1687 1377 1754 1416 3.:
1772 1378 1906 1416 Τοῦτον
1935 1377 2153 1430 (Νικοκλέα)
2173 1379 2284 1433 ἔμφε·

1240 1446 1274 1484 ρε
1260 1431 1404 1470 ’στατον
1419 1431 1559 1482 λέγουσι
1575 1433 1636 1480 τὴν
1652 1433 1728 1486 ὄψιν
1747 1434 1951 1507 Περιάνδρω
1967 1438 2016 1488 τῷ
2037 1436 2199 1489 Κυψέλου
2217 1453 2281 1488 γε-

1237 1490 1354 1528 νέσθαι
1359 1489 1536 1542 ,καθάπερ
1551 1491 1762 1542 Ἀλκμαίωνι
1773 1494 1837 1543 μὲν
1846 1496 1894 1531 τῶ
1906 1493 2104 1547 Ἀμφιάρεω
2114 1495 2171 1533 τὸν
2186 1495 2280 1548 Πέρ·

1237 1563 1301 1595 σην
1317 1548 1500 1600 Ὀρόντην,
1511 1548 1658 1601 “Em-opt
1673 1550 1708 1588 δὲ
1725 1550 1782 1588 τὸν
1799 1551 2075 1601 Λακεδαιμόνιον
2089 1553 2280 1601 νεανίσκον,

1237 1605 1273 1644 ὃν
1299 1608 1428 1658 ἱστορεῖ
1458 1607 1635 1659 Μυρσίλος
1664 1608 1730 1646 ὑπὸ
1753 1609 1903 1655 πλήθους
1921 1612 1988 1648 τῶν
2009 1611 2205 1664 θεωμένων,
2235 1615 2281 1656 ὥς

1237 1667 1332 1703 τοῦτ’
1347 1664 1513 1716 ἔγνωσαν,
1530 1669 1834 1715 καταπατηθῆναι.

1649 1805 1863 1821 ψ

1387 1906 1541 1963 MYR
1550 1905 1649 1963 ΟΝ
1689 1907 2126 1968 PRIENENSIS.

1288 2023 1427 2070 Myron
1450 2021 1659 2059 Prienensis
1687 2030 1824 2071 praeter
1860 2025 1933 2061 alia
1962 2026 2111 2075 scripsit
2137 2028 2278 2064 bellum

1232 2081 1500 2116 Messeniacum
1515 2082 1681 2129 primum
1698 2094 1816 2129 usque
1834 2082 1882 2118 ad
1899 2091 2061 2120 mortem
2084 2086 2277 2123 Aristode-

1232 2139 1297 2194 mi.
1324 2140 1412 2174 Haec
1434 2139 1542 2174 sicuti
1570 2139 1715 2187 reliqua
1736 2153 1819 2188 quae
1843 2141 1890 2176 de
1909 2142 2037 2178 indole
2053 2142 2131 2190 ejus
2151 2146 2276 2192 operis

1234 2204 1428 2245 comperta
1450 2197 1647 2243 habemus,
1675 2197 1742 2234 uni
1772 2199 1951 2236 debemus
1972 2202 2162 2240 Pausaniae
2183 2204 2274 2250 (IV,

1232 2254 1277 2300 6,
1305 2255 1346 2304 1)
1369 2268 1376 2289 :
1399 2255 1531 2292 Τοῦτον
1551 2253 1592 2300 δὴ
1612 2253 1696 2306 γὰρ,
1715 2257 1789 2301 ait,
1813 2257 1880 2297 τῶν
1902 2257 2110 2304 Μεσσηνίων
2128 2258 2185 2296 τὸν
2205 2260 2276 2299 πό-

1230 2311 1335 2361 λεμον
1365 2311 1503 2355 Ῥιανός
1520 2327 1558 2350 τε
1587 2314 1621 2350 ἐν
1650 2313 1719 2355 τοῖς
1745 2313 1864 2351 ἔπεσιν
1884 2313 2044 2360 ἐποίησεν
2070 2317 2087 2352 ὁ
2116 2317 2275 2364 Βηναῖος,

1231 2369 1289 2406 καὶ
1315 2372 1333 2407 ὃ
1356 2369 1567 2422 Πριηνεὺς
1589 2369 1742 2422 Μύρων
1757 2386 1764 2394 ·
1784 2371 1903 2422 λόγοι
1920 2371 1961 2409 δὲ
1982 2373 2102 2416 πεζοὶ
2122 2373 2275 2425 Μύρω-

1229 2428 1290 2471 νός
1311 2429 1432 2466 ἐστιν
1453 2431 1474 2475 ἡ
1496 2429 1736 2482 συγγραφή.
1760 2430 1922 2481 Συνεχῶς
1942 2429 2004 2480 μὲν
2030 2429 2070 2478 δὴ
2087 2431 2131 2469 τὰ
2159 2433 2274 2470 πάντα

1227 2484 1261 2529 ἐξ
1279 2487 1389 2538 ἀρχῆς
1409 2488 1442 2529 ἐς
1460 2490 1520 2524 τοῦ
1536 2487 1691 2537 πολέμου
1709 2486 1771 2534 τὴν
1792 2487 1955 2534 τελευτὴν
1971 2488 2138 2542 οὐδετέρῳ
2157 2490 2275 2537 διήνυ-

1235 2560 1333 2592 σται,
1352 2544 1454 2597 μέρος
1471 2545 1523 2594 δὲ,
1543 2548 1589 2590 ὡς
1605 2546 1763 2599 ἑκάτερος
1786 2546 1964 2598 ἠρέσκετο.
1988 2547 2032 2587 Ὁ
2050 2547 2123 2598 μὲν
2141 2551 2213 2595 τῆς
2232 2565 2268 2587 τε

1456 2681 1728 2721 HISTORICA
1749 2683 2044 2723 PARADOXA.

1272 2769 1320 2796 16.
1339 2765 1576 2805 Theophrastus
1589 2766 1634 2797 ait
1648 2766 1892 2806 pulchritudinis
1905 2767 2066 2799 certamen
2079 2766 2173 2800 fuisse
2186 2767 2271 2808 apud

1226 2817 1318 2848 Eleos
1327 2841 1335 2856 ,
1348 2820 1379 2849 et
1388 2827 1502 2858 magno
1512 2818 1617 2849 studio
1627 2819 1766 2850 exerceri
1772 2819 1904 2850 solitum
1913 2818 2071 2858 iudicium
2080 2830 2089 2859 ;
2101 2821 2269 2860 praemium

1226 2870 1333 2899 autem
1348 2877 1458 2899 eorum
1479 2869 1534 2908 qui
1557 2869 1724 2907 vicissent,
1751 2869 1846 2900 suisse
1860 2878 1964 2901 arma.
1988 2871 2044 2901 llla
2066 2879 2155 2901 arma
2171 2871 2212 2902 ab
2224 2872 2270 2903 eis

1227 2919 1376 2951 Minervae
1389 2919 1527 2950 dedicari
1546 2919 1638 2950 solita
1654 2928 1739 2958 esse,
1759 2920 1867 2951 scribit
1880 2921 2049 2960 Dionysius
2062 2922 2267 2961 Leuctricus;

1226 2972 1379 3003 victorem
1393 2974 1523 3010 autem,
1538 2971 1640 3002 taeniis
1656 2974 1805 3003 ornatum
1822 2972 1862 3003 ab
1875 2972 2002 3011 amicis,
2022 2973 2054 3004 in
2067 2981 2182 3013 pompa
2194 2982 2268 3014 pro-

1225 3023 1353 3054 cessisse
1365 3032 1467 3063 usque
1482 3023 1522 3054 ad
1535 3023 1604 3055 deae
1617 3024 1784 3063 templum.
1801 3025 1961 3055 Coronam
1977 3033 2071 3063 vero,
2086 3033 2149 3064 qua
2170 3024 2266 3058 dona-

1224 3075 1353 3115 bantur,
1385 3085 1427 3108 ex
1456 3077 1562 3116 myrto
1600 3075 1697 3108 fuisse
1733 3075 1831 3108 tradit
1855 3076 2005 3126 Myrsilus
2034 3077 2067 3108 in
2101 3077 2267 3109 Historicis

1225 3128 1411 3161 paradoxis.

1714 3182 1768 3213 17.

1263 3239 1357 3269 Hunc
1367 3235 1526 3268 Nicoclem
1538 3235 1638 3266 forma
1648 3235 1844 3268 simillimum
1860 3235 1952 3267 fuisse
1961 3236 2130 3268 Periandro
2140 3238 2276 3278 Cypseli*

1223 3288 1287 3320 11110
1298 3287 1481 3328 perhibent,
1498 3288 1535 3317 ut
1545 3289 1698 3318 Orontem
1714 3296 1843 3327 quoque
1854 3289 1981 3318 Persam
1997 3288 2170 3320 Alcmaeoni
2187 3292 2264 3320 Am-

1223 3339 1343 3380 phiarai
1357 3339 1440 3378 filio,
1466 3339 1497 3369 et
1516 3338 1644 3369 Hectori
1664 3338 1938 3370 Lacedaemonium
1964 3338 2143 3379 quendam,
2166 3348 2263 3380 quem

1222 3392 1370 3432 Myrsilus
1382 3392 1510 3430 narrat,
1528 3399 1629 3430 quum
1654 3390 1683 3421 id
1702 3391 1814 3430 vulgus
1828 3390 2023 3432 rescivisset,
2038 3400 2056 3423 a
2078 3391 2173 3424 turba
2189 3401 2262 3432 spe-

1221 3445 1344 3476 ctatum
1363 3444 1557 3476 venientium
1573 3443 1796 3476 conculcatum
1817 3443 1956 3483 periisse.
