2326 3724
164 213 235 245 110

503 282 506 284 Γ
560 319 623 374 4²:
655 314 800 372 (468.)

210 407 459 456 Theophanes
472 407 614 447 Chron.
630 413 670 458 Ρ.
692 410 763 456 178
775 410 834 449 ed.
851 413 998 448 Bonn.·
989 412 1139 465 .Τούτῳ
1152 416 1200 452 τῶ

157 463 225 501 ἔτει
242 463 340 503 Λέων
356 466 373 502 ὁ
395 465 555 516 βασιλευς
570 466 662 505 κατὰ
682 469 725 506 Γ·
715 467 863 519 ·ζερίχου
876 484 936 506 του
952 467 1092 522 Ἄφρων
1111 487 1198 523 κρα-

156 525 294 565 τοῦντος
314 522 436 561 στόλον
458 522 570 574 μέγαν
586 523 768 569 ἐξοπλίσας
785 525 1001 567 ἀπέστειλεν.
1016 528 1070 570 ‘O
1091 528 1126 567 δὲ
1140 533 1199 569 Γ
1173 546 1199 567 ι

157 579 291 633 ζέριχος
322 580 411 630 μετὰ
439 580 500 628 τὴν
530 582 694 629 τελευτὴν
728 585 936 636 Μαρκιανου
965 567 1079 624 πολλὰ
1106 588 1199 626 δεινὰ

158 638 368 687 ἐνεδείξατο,
391 642 425 678 ἐν
448 642 524 684 ταῖς
549 641 615 679 ὑπὸ
632 641 694 688 τὴν
714 644 781 679 τῶν
803 642 996 693 Ῥωμαίων
1019 646 1199 696 βασιλείαν

158 697 289 749 χώραις
308 697 509 749 ληϊζόμενος
531 699 590 738 καὶ
611 700 880 752 αἰχμαλωτίζων
898 702 1046 746 πολλοὺς
1065 703 1199 748 καὶτὰς

154 754 271 799 πόλεις
289 756 560 794 κατασκάπτων·
582 757 656 796 ὅθεν
672 758 766 811 ζήλῳ
780 760 927 806 κινηθεὶς
945 764 962 799 ὃ
984 761 1143 813 βασιλεὺς
1161 764 1199 801 ἐκ

154 813 270 860 πάσης
288 817 349 860 τῆς
377 816 583 862 ἀνατολικῆς
613 816 792 863 Θαλάσσης
814 818 937 856 ἑκατὸν
960 819 1123 870 χιλιάδας
1147 821 1195 870 (l.

154 873 278 910 ἑκατὸν
290 872 348 910 καὶ
361 888 386 924 χ
389 873 524 912 ιλιάδατ
544 887 558 912 1
571 889 585 911 1
597 889 612 911 1
621 876 641 911 3
653 888 766 912 naves
782 890 857 914 sec.
875 878 1052 928 Cedren.)
1068 877 1198 916 πλοίων

155 931 337 983 ἀθροίσας,
364 931 424 969 καὶ
445 935 603 984 στρατῶν
631 932 692 971 καὶ
720 932 835 971 ὅπλων
859 939 969 973 ταῦτα
989 935 1199 987 πληρώσας,

152 988 244 1026 κατὰ
264 989 443 1041 Γιζερίχου
461 990 678 1031 ἀπέστειλεν.
699 992 799 1031 Φασὶ
817 991 885 1044 γὰρ
906 993 1009 1031 αὐτὸν
1035 994 1098 1045 ‘etr'
1119 1010 1199 1032 κεν-

152 1047 301 1099 τηνάρια
321 1049 599 1094 δεδαπανηκέναι
629 1049 775 1101 χρυσίου
794 1051 828 1088 ἐν
853 1050 965 1102 τούτῳ
994 1053 1044 1103 τῷ
1067 1052 1194 1104 στόλῳ.

154 1105 359 1157 Στρατηγὸν
379 1105 414 1144 δὲ
432 1107 491 1144 καὶ
507 1106 651 1158 ἔξαρχον
670 1111 732 1146 τοῦ
750 1107 873 1147 στόλου
890 1108 1104 1156 κατέστησεν
1124 1111 1199 1149 Βα-

152 1163 306 1202 σιλίσκον
326 1164 383 1203 τὸν
402 1165 545 1217 Βερίνης
559 1169 620 1212 τῆς
638 1165 832 1217 αὖγούστης
851 1167 1011 1220 ἀδελφὸν,
1031 1171 1093 1215 τῆς
1105 1169 1197 1207 ὑπά·

152 1238 210 1260 του
227 1225 329 1273 τιμῆς
342 1223 409 1270 ἤδη
432 1224 657 1275 μετασχόντα
671 1224 732 1263 καὶ
750 1224 890 1270 Σκύθας
905 1226 1075 1271 πολλάκις
1094 1227 1198 1275 νική-

151 1296 261 1318 σαντα
276 1284 310 1320 ἐν
329 1284 372 1334 τῇ
389 1281 530 1354 Θρᾴκῃ.
549 1281 618 1326 ζῸς
635 1281 676 1329 δὴ
692 1283 752 1321 καὶ
768 1285 1033 1337 συνδραμούσης
1049 1287 1145 1340 αὐτῷ
1160 1289 1199 1325 ἐκ

149 1355 221 1386 της
216 1340 385 1392 ἑσπερίου
402 1342 464 1378 οὐκ
476 1341 595 1391 ὀλίγης
612 1341 807 1392 δυνάμεως,
822 1343 1039 1389 συμπλακεις
1054 1346 1102 1389 εἷς
1112 1361 1197 1383 ναυ-

151 1398 283 1450 μαχίας
301 1399 468 1443 πολλάκις
483 1403 527 1452 τῇ
548 1401 577 1440 l
581 1401 728 1453 ιζερίχου
753 1417 796 1452 με
782 1401 841 1439 er&
859 1403 877 1422 ⁴¹
894 1403 975 1454 (καὶ
997 1403 1088 1477 μέγα
1105 1405 1197 1451 πλῆ-

149 1458 247 1509 θοςΡ)
263 1460 331 1496 τῶν
344 1461 435 1506 νηῶν
450 1461 499 1511 τῷ
515 1462 608 1512 βυθῶ
622 1460 819 1514 παραδους
833 1465 908 1500 εἶτα
921 1478 981 1500 και
996 1462 1101 1509 αὐτὴν
1115 1465 1197 1509 ἠδυ-

148 1516 235 1562 νήθη
268 1517 483 1568 Καρχηδόνα
507 1533 696 1571 κρατησαι.
721 1518 934 1571 υΥστερον
915 1520 951 1558 οὲ
978 1520 1096 1572 δώροις
1129 1522 1196 1560 υπὸ

149 1574 329 1626 Γιζερίχου
346 1575 406 1613 καὶ
424 1575 599 1620 πλείστοις
618 1576 781 1630 χρήμασι
802 1578 1014 1626 δελεασθεὶς,
1030 1579 1194 1618 ἐνέδωκεν

148 1633 207 1671 καὶ
220 1633 352 1681 ἡττήθη
367 1633 467 1681 ἑκὼν,
483 1637 528 1678 ὡς
544 1635 696 1686 Πρίσκος
711 1635 846 1689 (ὥσπερ
858 1636 971 1684 σικὸς,
987 1647 1025 1675 et
1034 1641 1079 1681 ὡς
1093 1640 1190 1691 Περ-

188 1806 257 1836 Hoc
269 1813 352 1836 anno
376 1806 438 1838 Leo
454 1805 629 1846 imperator
644 1805 806 1846 ingentem
825 1807 961 1840 classem
975 1808 1007 1840 et
1025 1808 1129 1841 valide
1145 1809 1192 1841 in-

145 1856 305 1888 structum
321 1857 498 1888 exercitum
513 1857 667 1890 adversus
675 1858 880 1890 Gizerichum
893 1859 1095 1899 quiAfricam
1111 1861 1192 1893 obti-

145 1909 242 1941 nebat
258 1909 372 1941 emisit.
392 1909 578 1942 Gizerichus
591 1911 708 1950 quippe
717 1934 726 1950 ,
740 1910 893 1943 defuncto
903 1912 1079 1952 Marciano,
1091 1914 1194 1945 multa

145 1962 230 1993 mala
241 1961 347 1993 intulit
362 1961 395 1992 in
405 1961 585 2002 provincias
596 1963 750 1993 Romanae
761 1962 873 1994 ditioni
887 1963 1047 2003 subjectas
1056 1989 1065 2004 ,
1079 1965 1194 2005 praedis

145 2015 282 2053 abactis,
301 2013 476 2055 multisque
490 2015 520 2045 in
542 2015 760 2055 captivitatem
778 2015 879 2047 missis
895 2018 927 2048 et
940 2017 1059 2049 eversis
1075 2018 1192 2058 passim

144 2066 340 2099 civitatibus.
365 2066 490 2104 Quibus
507 2066 742 2098 excandescens
765 2067 938 2107 imperator
953 2077 1051 2100 naves
1070 2078 1109 2100 ex
1123 2071 1192 2101 toto

143 2118 273 2150 Oriente
297 2118 383 2150 mille
398 2119 430 2149 et
449 2118 580 2149 centum
605 2118 783 2157 contraxit,
807 2118 954 2159 ipsasque
981 2120 1136 2152 militibus
1160 2123 1192 2153 et

143 2170 240 2201 armis
252 2169 333 2201 bene
345 2169 484 2200 munitas
495 2168 648 2200 adversus
659 2168 863 2210 Gizerichum
875 2169 1056 2202 destinavit.
1071 2173 1107 2202 In
1119 2180 1190 2203 eam

142 2221 276 2253 classem
291 2224 367 2252 1300
381 2221 450 2252 auri
463 2219 644 2252 centenaria
659 2219 845 2260 expendisse
858 2222 1002 2252 narrant.
1017 2224 1141 2254 Ducem
1153 2231 1191 2254 ac

143 2273 331 2314 praefectum
349 2273 486 2303 instituit
503 2271 690 2304 Basiliscum
701 2295 710 2310 ‚
731 2272 862 2303 Verinae
876 2274 1028 2311 Augustae
1045 2274 1189 2314 fratrem,

143 2326 282 2357 consulis
295 2333 427 2356 munere
437 2324 502 2363 J'am
518 2324 720 2364 perfunctum
729 2324 762 2354 et
773 2323 994 2362 frequentibus
1007 2325 1038 2355 in
1052 2326 1190 2365 Scythas

144 2387 199 2418 per
209 2377 378 2409 Thraciam
393 2375 531 2407 victoriis
544 2375 678 2405 clarum.
694 2376 726 2405 ls
738 2374 920 2406 confluente
932 2375 964 2406 in
979 2376 1136 2407 auxilium
1148 2386 1190 2409 ex

141 2428 276 2460 occiduo
290 2429 368 2459 mari
383 2428 512 2458 navium
529 2435 593 2457 non
607 2425 789 2466 poenitenda
804 2435 902 2457 mann
912 2451 921 2466 ‚
939 2435 1014 2458 cum
1028 2428 1188 2460 Gizericlii

142 2483 241 2514 classe
259 2481 488 2522 frequentiores
504 2479 672 2511 conflictus
685 2478 829 2509 exercuit
842 2502 849 2518 ‚
863 2479 1031 2520 plerasque
1044 2489 1140 2513 naves
1156 2482 1188 2516 in

143 2535 337 2577 profundum
354 2533 521 2572 demersit,
536 2533 568 2564 et
586 2532 688 2572 ipsam
704 2531 834 2562 tandem
852 2532 1077 2572 Carthaginem
1096 2542 1189 2574 supe-

142 2595 212 2620 rare
225 2586 388 2628 potuisset.
404 2588 444 2618 At
458 2593 533 2616 mox
541 2584 699 2616 donorum
715 2582 872 2615 illecebris
885 2585 917 2616 et
930 2583 962 2615 vi
975 2585 1184 2625 pecuniarum

850 210 1020 251 PRISCI
1051 199 1258 255 PANlTAE
1287 217 1624 260 FRAGMENTA.

1264 305 1358 350 σικὸς
1375 309 1490 346 codd.
1507 309 1517 359 )
1534 308 1714 361 ἱστόρησεν
1737 313 1756 349 ὁ
1775 311 1888 364 Θρᾷξ.
1913 314 1970 352 Cf.
1989 316 2204 354 Tillemont.
2228 318 2301 364 VI,

1262 378 1302 413 p.
1323 366 1397 416 396
1415 379 1499 416 sqq.
1519 369 1685 406 Gibbon.
1705 377 1797 407 tom.
1817 373 1866 409 VI
1879 398 1890 417 ‚
1910 386 1950 422 p.
1973 374 2043 410 162
2058 386 2143 423 sqq.
2246 387 2248 389 ·

1476 478 1541 522 43.
1572 479 1699 528 (circa
1721 492 1783 516 an.
1812 481 1886 527 467
1906 495 1945 519 v.
1972 480 2099 533 468).

1315 583 1497 631 Euagrius
1516 583 1610 622 Ilist.
1632 584 1774 621 Eccles.
1797 586 1855 631 II,
1886 590 1930 630 14
1957 600 1965 622 :
1989 584 2081 624 Ὑπὸ
2103 588 2173 630 τοῖς
2190 587 2306 632 αὐτοῖς

1260 638 1395 691 χρόνοις
1425 638 1521 690 (τους
1548 640 1670 685 αὐτους
1695 642 1862 713 χρόνρυςῗ
1893 646 1970 682 Val.
1983 642 2013 694 )‚
2041 648 2102 683 τοῦ
2131 645 2304 684 Σκυθικοῦ

1262 697 1419 747 πολέμου
1449 713 1701 749 συνισταμενου
1729 700 1814 752 πρὸς
1840 700 1918 744 τοὺς
1946 699 2051 755 ἐῴους
2078 701 2302 776 Ῥωμαίους,

1260 754 1283 801 ἥ
1297 771 1334 793 τε
1348 756 1490 808 Θρακία
1502 771 1547 806 γη
1561 759 1620 795 καὶ
1635 759 1653 794 ὁ
1664 757 1708 797 ‘E
1710 758 1925 805 λλησποντος
1939 761 2076 808 ἐσείσθη
2086 791 2096 808 ,
2110 761 2172 800 καὶ
2186 761 2304 801 Ἰωνία

1262 814 1322 851 καὶ
1339 816 1375 852 αἱ
1393 814 1606 866 καλούμεναι
1626 817 1803 861 Κυκλάδες
1819 833 1916 864 νησοι
1927 847 1938 866 ,
1957 821 2004 863 ὡς
2023 818 2152 859 Κνίδου
2166 819 2226 858 καὶ
2242 823 2304 868 τῆς

1262 874 1326 911 Κῶ
1346 875 1412 910 τῶν
1430 873 1545 920 νήσων
1564 875 1649 924 (τῆς
1668 874 1824 926 νήσουΡ)
1841 875 1886 915 τὰ
1902 877 2018 916 πολλὰ
2037 881 2302 930 κατενεχθῆναι.

1264 930 1335 969 Καὶ
1360 931 1510 984 ὄμὸρους
1530 931 1566 970 δὲ
1594 932 1761 977 ἐξαισίους
1778 937 1795 972 δ
1825 935 1978 987 Πρίσκος
1996 938 2126 989 ἱστορεῖ
2144 937 2304 989 γενέσθαι

1262 989 1328 1027 ἀνὰ
1347 989 1410 1036 τὴν
1429 991 1815 1036 Κωνσταντίνου,πόλιν
1832 994 1892 1032 καὶ
1911 994 1973 1041 τὴν
1996 997 2148 1034 Βιθυνῶν
2163 995 2304 1048 χώραν,

1261 1048 1319 1086 ἐπὶ
1335 1055 1426 1100 τρεῖς
1442 1049 1503 1087 καὶ
1526 1049 1698 1103 τέσσαρας
1716 1051 1849 1104 ἡμέρας
1865 1054 2068 1103 ποταμηδὸν
2084 1056 2152 1092 τῶν
2169 1054 2302 1094 ὑδάτων

1261 1106 1296 1152 ἐξ
1321 1109 1465 1160 οὐρανοῦ
1486 1107 1702 1160 φερομένων·
1722 1109 1782 1147 καὶ
1808 1110 1871 1162 ὅρη
1889 1110 1952 1161 μὲν
1981 1113 2015 1155 ἐς
2035 1112 2138 1150 πεδία
2157 1127 2303 1152 κατενε-

1260 1169 1404 1218 χθῆναι,
1424 1167 1723 1211 κατακλυσθείσας
1742 1167 1779 1206 δὲ
1797 1167 1918 1220 κώμας
1941 1170 2226 1223 παραπολέσθαι·
2239 1187 2302 1223 γε-

1261 1225 1379 1263 νέσθαι
1398 1225 1433 1263 δὲ
1451 1225 1511 1263 καὶ
1531 1225 1656 1272 νήσους
1676 1227 1711 1264 ἐν
1735 1230 1778 1279 τῇ
1799 1227 1916 1281 Βοάνῃ
1944 1228 2071 1281 λίμνῃ,
2098 1231 2137 1268 οὗ
2163 1229 2301 1283 μακρὰν

1259 1287 1320 1331 τῆς
1343 1283 1584 1335 Νικομηδείας
1603 1284 1789 1337 ἀφεστώσῃ
1802 1316 1812 1333 ,
1833 1287 1872 1324 ἐκ
1888 1289 1957 1324 τῶν
1978 1287 2252 1340 συνενεχθέντων
2269 1290 2302 1333 ἐς

1260 1342 1369 1390 αὐτὴν
1388 1343 1607 1394 παμπόλλων
1628 1348 1804 1397 φορυτῶν·
1828 1344 1918 1383 ἀλλὰ
1941 1349 2053 1384 ταῦτα
2073 1346 2136 1397 μὲν
2159 1346 2300 1400 ὕστερον

1259 1401 1431 1454 ἐπράχθη.
1449 1404 1504 1442 Cf.
1525 1404 1739 1443 Tillemont.
1761 1406 1812 1441 VI
1825 1432 1835 1450 ,
1855 1418 1896 1454 p.
1916 1410 2007 1450 404.
2026 1408 2139 1456 Fugit
2155 1407 2217 1444 hic
2235 1409 2301 1444 lo-

1260 1475 1325 1498 cus
1339 1463 1606 1500 Niebuhrium.

1313 1521 1448 1570 Capita
1473 1522 1656 1557 nonnulla
1671 1534 1825 1567 eorum,
1845 1535 1938 1570 quae·
1954 1523 2133 1573 deinceps
2151 1525 2300 1561 Priscus

1258 1581 1452 1624 tractavit,
1469 1588 1639 1616 recenset
1661 1581 1847 1630 Euagrius
1862 1582 1959 1620 Hist.
1979 1583 2124 1619 Eccles.
2146 1584 2206 1630 ΙΙ,
2236 1584 2296 1620 16.

1257 1640 1350 1677 Vide
1369 1641 1574 1676 Testimon.
1591 1639 1638 1674 N.
1659 1638 1693 1676 3.

1256 1750 1432 1790 inescatus,
1449 1749 1585 1790 priorem
1607 1749 1763 1790 impetum
1780 1750 1901 1782 remisit
1915 1751 1947 1782 et
1959 1750 2070 1783 volens
2089 1751 2212 1784 cladem
2225 1760 2298 1794 pas·

1255 1810 1310 1834 sus
1322 1802 1384 1841 est,
1401 1802 1437 1833 ut
1455 1801 1582 1833 Priscus
1597 1801 1706 1833 Thrax
1719 1800 1860 1833 tradidit.

1779 1874 1839 1907 43.

1293 1942 1359 1974 Sub
1372 1941 1458 1974 idem
1471 1941 1599 1982 tempus
1612 1949 1713 1982 quum
1724 1941 1848 1973 bellum
1861 1940 2048 1980 Scythicum
2061 1943 2174 1974 contra
2187 1942 2296 1974 Orien·

1251 1994 1331 2026 tales
1345 1996 1505 2026 Romanos
1519 1994 1643 2024 motum
1660 1994 1758 2031 esset,
1772 1992 1908 2024 Thracia
1920 1994 1953 2024 et
1966 1993 2189 2034 Hellespontus
2202 1996 2297 2026 terroe

1251 2049 1342 2079 motu
1356 2054 1520 2078 concussae
1541 2047 1625 2078 sunt.
1640 2046 1729 2077 Ionia
1741 2038 1870 2086 quoque
1882 2046 1914 2077 et
1927 2045 2081 2086 Cyclades
2093 2046 2204 2079 insulae
2216 2055 2294 2079 ean-

1251 2099 1323 2131 dem
1341 2098 1557 2130 calamitatem
1572 2098 1712 2137 expertae
1725 2098 1820 2136 sunt,
1843 2096 1923 2128 adeo
1947 2098 1984 2129 ut
2005 2097 2039 2128 in
2052 2097 2156 2130 Cnido
2168 2098 2248 2131 urbe
2263 2100 2296 2131 et

1251 2151 1283 2182 in
1298 2152 1345 2183 CO
1358 2150 1461 2182 insula
1473 2150 1624 2190 pleraque
1637 2148 1773 2180 aedificia
1787 2148 1978 2180 corruerint.
1994 2150 2152 2182 Proeterea
2166 2150 2295 2182 immen-

1250 2213 1302 2236 sos
1316 2203 1435 2235 imbres
1450 2202 1728 2243 Constantinopoli
1741 2203 1773 2232 et
1789 2202 1821 2232 in
1833 2201 2045 2242 Bithynorum
2067 2202 2193 2242 regione
2207 2203 2294 2234 acci-

1250 2255 1333 2287 disse
1358 2255 1455 2287 refert
1481 2254 1609 2288 Priscus
1621 2277 1630 2293 ,
1655 2262 1756 2294 quum
1778 2252 1877 2284 trium
1902 2253 1960 2284 aut
1985 2253 2142 2293 quattuor
2168 2253 2292 2286 dierum

1249 2307 1351 2348 spatio
1373 2315 1458 2347 aqua
1471 2314 1489 2338 c
1505 2306 1586 2339 coelo
1603 2306 1773 2338 fluviorum
1791 2304 1889 2335 instar
1911 2303 2096 2344 decidisset3
2117 2313 2155 2336 ac
2168 2307 2293 2338 montes

1249 2359 1378 2399 quidem
1394 2358 1427 2390 in
1441 2357 1604 2398 planitiem
1623 2356 1787 2397 depressos
1802 2363 1869 2387 esse
1881 2379 1890 2395 ‚
1913 2355 2002 2387 vicos
2023 2363 2099 2387 vero
2113 2357 2293 2398 complures

1248 2412 1339 2451 aquis
1364 2411 1498 2442 obrutos
1520 2409 1659 2449 periisse.
1686 2407 1808 2440 lnsulas
1826 2415 1956 2447 quoque
1973 2407 2006 2438 in
2023 2407 2178 2440 Boanensi
2200 2408 2290 2449 lacu,

1248 2464 1301 2504 qui
1315 2464 1363 2494 est
1374 2463 1467 2502 juxta
1481 2460 1711 2499 Nicomediam,
1724 2460 1851 2491 exortas
1863 2467 1930 2490 esse
1939 2467 1979 2490 ex
1992 2459 2169 2500 quisquiliis
2178 2469 2291 2501 quam-

1247 2514 1411 2556 plurimis,
1427 2522 1502 2554 quae
1525 2512 1686 2544 alluvione
1703 2511 1780 2542 illnc
1794 2510 1909 2542 delatae
1926 2511 2060 2543 fuerant.
2085 2512 2207 2544 Verum
2221 2512 2291 2544 haec

1247 2567 1378 2610 quidem
1393 2567 1558 2607 aliquanto
1574 2568 1646 2606 post
1659 2564 1872 2604 contigerunt.
