2314 3756
68 218 115 250 20

67 298 134 335 ἔδει
157 296 345 347 δυσφορῶν,
363 294 422 332 καὶ
447 293 648 346 δέπραττεν
670 293 854 337 Ἰουλιανὸς
883 294 1024 345 ἔλεγχον
1044 296 1104 340 τῆς

66 354 154 397 ἰδίας
174 353 351 405 βασιλείας
368 351 641 401 ὑπολαμὸάνων,
666 352 727 396 τάς
742 368 777 390 τε
796 352 1008 401 δηλουμένας
1025 353 1103 389 ἐπι-

65 411 189 456 νικίους
205 411 324 463 ἑορτὰς
341 413 387 454 εἷς
403 410 522 453 πένθος
538 409 598 448 καὶ
618 406 798 462 συμφορὰν
821 409 1011 460 μετέὸαλλε
1022 439 1031 456 ,
1044 408 1103 446 καὶ

67 469 369 522 διοιστρούμενος(
357 469 423 507 υπὸ
438 468 561 521 φθόνου
575 467 634 505 καὶ
648 466 759 514 λύπης
771 467 855 520 πρὸς
865 468 922 505 τὸν
938 466 1102 519 ἐμφύλιον

64 528 243 579 ἐξώγκοπο
259 526 433 599 πόλεμον.

169 585 291 625 Ἔοικε
314 585 375 635 μὲν
394 588 451 622 οὖν
471 584 530 622 καὶ
557 583 671 628 ἄλλως
691 587 708 621 ὁ
734 583 853 636 χρόνος
873 584 906 620 ἐν
927 585 1001 625 ταῖς
1032 598 1103 631 μα-

63 650 162 697 κραῐς
182 644 352 697 περιόδοις
366 642 426 681 καὶ
442 642 598 689 κινήσεσι
618 641 817 684 πολλάκις’
803 656 860 679 επι
875 644 1018 679 τοιαῦτα
1036 655 1101 677 κα-

61 702 270 755 ταφέρεσθαι
290 700 559 752 συμπτώματα,
580 699 736 751 καθάπερ
757 701 788 737 οἱ
808 701 857 751 τῷ
879 698 1018 749 Δαρείῳ
1038 713 1102 735 συ-

62 761 204 804 στάντες
234 760 291 798 ἐπὶ
310 759 387 803 τοὺς
415 758 545 810 μάγους
577 753 665 805 ἦσαν
693 757 801 808 ἑπτὰ,
821 757 879 794 καὶ
911 759 941 795 οἱ
964 757 1104 799 πολλοῖς

64 819 204 871 ὕστερον
223 818 358 871 χρόνοις
376 817 528 869 Ἀρσάκῃ
547 816 637 855 κατὰ
658 817 868 854 Μακεδόνων
888 814 1103 866 συνεγερθέν-

62 894 116 922 τες
134 878 203 916 ἴσοι
219 878 274 915 τὸν
297 876 440 928 ἀριθμὸν
458 875 590 926 ἔτυχον.

113 950 145 976 Β.
166 937 342 986 Συνορῶσι
357 934 413 982 δὲ,
438 933 490 972 ὅτι
511 932 720 985 θερμότητος
741 932 802 982 μὲν
827 932 935 969 δεῖται
957 932 1017 968 καὶ
1043 933 1103 982 ὁρ-

63 998 130 1044 μῆς
143 995 181 1032 τὸ
195 992 347 1046 ἀσφαλές
359 1010 367 1016 ·
382 993 501 1046 τὸγὰρ
517 995 577 1038 τῆς
595 991 746 1041 ἀνάγκης
760 989 856 1042 παρὰ
871 989 980 1032 πόδας
995 989 1104 1035 ἑστὸς,

62 1054 188 1105 σκῆψιν
205 1052 331 1099 ἥκιστα
351 1049 592 1102 ἐκδεχόμενον,
621 1047 876 1100 προσχρότερον
901 1047 1103 1100 (προχειρό-

62 1126 157 1164 τερον
178 1112 279 1158 conj.
300 1111 440 1159 Bekk.)
463 1110 604 1146 ἀπαιτεῖ
623 1107 680 1145 τὸν
701 1107 869 1145 κίνδυνον.

114 1184 144 1210 7.
181 1168 267 1209 ‘'O-ci
300 1168 379 1220 περὶ
409 1171 468 1214 τ’ἧς
502 1165 682 1219 στρατείας
712 1168 772 1212 τῆς
802 1164 892 1203 κατὰ
922 1166 1104 1217 Ναρδινῶν

62 1229 305 1281 (Ἀλεμανῶνέ)
324 1226 386 1278 B.)

9 1281 11 1287 '
61 1286 161 1330 αὐτὸς
181 1284 384 1331 Ἰουλιανὸς,
406 1283 496 1322 ἄλλα
529 1283 563 1320 δὲ
586 1284 744 1334 ἀλλαχοῦ
773 1282 833 1320 καὶ
853 1282 938 1335 πρὸς
956 1281 1106 1331 πολλοὺς

61 1344 264 1396 ἀναφράζων
284 1345 318 1380 ἐν
347 1344 554 1385 ἐπιστολαῖς.
584 1341 677 1394 Πρός
701 1356 778 1379 τινα
801 1344 882 1391 γοῦν
913 1341 1106 1387 Κυλλήνιον

60 1403 119 1440 καὶ
139 1406 249 1440 ταῦτα
271 1400 500 1452 ἐξηγούμενον
521 1399 564 1438 τὰ
581 1399 643 1450 μὲν
662 1401 830 1449 ἐπιτιμῶν
851 1401 897 1442 ὡς
914 1399 1107 1451 διαμαρτά-

409 1226 628 1278 πολυτρόπου
649 1223 835 1274 γενομένης
861 1223 1015 1270 ἐκτίθησι
1041 1223 1105 1274 μὲν

60 1477 159 1500 νοντα
180 1464 240 1507 τῆς
269 1460 429 1508 ἀληθείας
459 1459 639 1512 φαίνεται,
662 1458 721 1496 καὶ
749 1457 977 1510 παρεκτίθησί
1005 1473 1044 1509 γε
1063 1456 1107 1495 τὰ

59 1519 260 1572 πραχθέντα
280 1518 371 1562 ὅπως
385 1517 501 1569 γέγονε
513 1533 521 1541 ·
539 1517 681 1570 φάσκων
700 1516 735 1554 δὲ
757 1516 805 1567 μὴ
828 1516 961 1555 δεῖσθαί
981 1532 1048 1555 που
1063 1516 1107 1554 τά

60 1594 98 1616 τε
109 1578 194 1629 ἔργα
208 1577 370 1628 λέγοντος
390 1576 483 1627 (οὐδὲ
498 1576 564 1628 γὰρ
581 1576 806 1625 Παλαμήδην
824 1575 983 1629 Ὁμήρου
999 1591 1106 1627 προσ-

61 1636 223 1683 δεηθῆναί
240 1652 342 1689 φησιν
360 1637 406 1679 εἷς
424 1634 566 1684 δόξαν),
587 1633 647 1672 καὶ
664 1633 726 1678 τὰς
744 1634 927 1686 ἀλλοτρίας
948 1649 1102 1687 συγγρα-

60 1696 125 1749 φὰς
140 1697 207 1734 τῶν
225 1695 317 1733 ἰδίων
334 1693 442 1747 ἔργων
457 1693 523 1731 ὑπὸ
541 1692 806 1746 μεγαλοψυχίας
821 1694 1107 1745 παραιτούμενος,

61 1754 162 1797 αὐτὸς
184 1753 279 1805 ὅμως
295 1752 349 1790 διὰ
369 1752 509 1804 μέγεθος
528 1755 595 1790 τῶν
616 1751 874 1804 πεπραγμένων
889 1751 975 1804 πρὸς
995 1752 1034 1790 τὸ
1050 1752 1105 1791 λε’-

59 1812 238 1863 γειναῦτὰ
258 1810 544 1861 κατασειόμενος,
567 1810 644 1848 οὐδὲ
665 1810 867 1863 συγγραφὴν
885 1811 1014 1858 ἁπλῆν,
1030 1811 1106 1850 ἀλλ’

60 1871 200 1909 ἔπαινον
211 1869 365 1920 κε’κρικέν
381 1870 390 1919 (
404 1867 572 1921 ἱστορικόν
583 1870 598 1906 Ρ
610 1872 655 1906 Ν.
671 1869 799 1922 ἀκριὸἧ
810 1870 847 1921 ?)
858 1884 935 1907 τινα
948 1869 1008 1908 καὶ
1020 1871 1109 1921 λαμ-

60 1929 145 1980 πρὸν
160 1931 283 1966 ἑαυτοῦ
298 1927 452 1973 διέξεισιν
470 1927 736 1972 αὐτοκέλευστος
748 1958 758 1976 ,
781 1927 841 1966 καὶ
857 1927 942 1981 πρὸς
957 1928 1108 1972 πολλοὺς

62 1987 149 2025 αὐτὰ
167 1987 223 2025 διὰ
245 1989 311 2025 τῶν
333 1987 522 2024 ἐπιστολῶν
543 1989 674 2035 ὑμνῶν.

115 2048 136 2096 s
163 2061 176 2083 1
206 2064 220 2080 «
241 2047 418 2096 Legenda
433 2054 487 2083 est
502 2049 522 2082 J
526 2048 642 2082 uliani
658 2048 818 2096 epistola
830 2040 1045 2097 Augustalis
1060 2048 1110 2084 ad
1125 2069 1130 2074 ·

60 2107 317 2152 Athenienses,
330 2107 367 2141 in
381 2118 456 2154 qua
469 2107 676 2143 Constantii
686 2105 846 2143 artificia
853 2107 928 2142 late
940 2105 1121 2154 quidem,'

67 2165 131 2200 sed
151 2166 336 2201 nescimus
356 2177 471 2212 quam
495 2178 602 2211 vere,
628 2166 860 2204 scribuntur.
887 2182 903 2198 »
933 2167 1026 2204 Mu.
1056 2186 1110 2194 —

63 2223 84 2270 ᾖ
106 2237 142 2262 2.
165 2239 179 2256 κ
200 2225 279 2260 Hos
293 2224 433 2260 aulicos
447 2225 654 2260 belluarum
670 2225 824 2260 nomine
845 2225 1011 2273 appellat
1030 2225 1122 2273 ipse'

64 2283 313 2331 JulianusEp.
325 2282 472 2321 XXIII.
492 2300 506 2315 «
524 2283 634 2320 lum.
649 2283 735 2331 -ξ
753 2288 784 2327 4.
804 2282 1003 2334 δυσφορῶν]
1022 2299 1036 2315 α
1053 2297 1106 2321 se.

64 2341 225 2376 Gallicas
248 2341 565 2389 Germanicasque
591 2343 729 2377 Juliani
753 2343 942 2378 victorias.
963 2358 977 2374 »
995 2344 1108 2378 IDEM.

62 2400 107 2434 V.
126 2398 296 2433 Zosimus
314 2399 389 2446 ΙΙΙ,
409 2399 444 2444 8,
460 2399 496 2437 6.
512 2413 550 2447 9,
570 2399 591 2435 8
608 2400 738 2447 ibique
754 2407 832 2436 not.
846 2400 1109 2447 Reitemeyeri.

32 2486 40 2493 t
63 2477 116 2483 -—
136 2455 157 2504 §
176 2455 211 2493 5.
234 2471 250 2488 »
273 2457 462 2503 Loquitur
479 2465 613 2493 auctor
632 2458 679 2493 de
695 2458 836 2493 ,Iuliani
854 2469 875 2493 a
889 2457 1110 2496 Constantio

64 2514 297 2558 defectione,
327 2513 434 2560 cujus
462 2515 750 2551 machinationis
782 2515 878 2551 duos
904 2517 984 2564 ipse
1011 2523 1111 2551 certe

68 2573 243 2608 conscios
274 2573 409 2608 habuit
435 2574 649 2609 Oribasium
676 2582 712 2610 et
741 2576 985 2620 Euemerum,
1020 2582 1112 2610 teste

64 2631 237 2678 Eunapio
273 2631 308 2666 in
332 2632 486 2666 Maximi
511 2634 608 2670 Vita.
638 2634 735 2668 Fieri
768 2641 893 2669 tamen
917 2641 1044 2682 potest
1070 2641 1111 2669 ut

63 2689 121 2724 his
137 2688 200 2724 alii
211 2696 343 2737 postea
359 2702 397 2725 se
417 2690 675 2737 adjunxerint,
691 2705 809 2739 quum
822 2705 880 2728 res
893 2692 1114 2740 peragenda

66 2799 172 2830 serens
183 2821 191 2837 ‚
205 2800 236 2830 et
252 2799 371 2831 Juliaui
385 2799 524 2831 facinora
542 2801 628 2840 regni
648 2801 697 2832 sui
714 2802 980 2841 vituperationem
998 2801 1107 2833 existi-

68 2859 171 2886 mans.
186 2850 415 2890 triumphales,
433 2851 489 2891 qui
506 2851 614 2883 indicti
628 2854 730 2892 erant,
745 2853 841 2884 festos
857 2853 923 2885 dies
935 2853 975 2884 ad
986 2854 1109 2885 luctum

66 2903 256 2943 tristemque
268 2911 379 2934 casum
390 2903 553 2935 transtulit
564 2904 764 2945 ;invidiaque
778 2906 809 2937 et
822 2905 932 2938 dolore
947 2907 1054 2937 furens
1066 2905 1107 2937 ad

66 2955 160 2986 civile
175 2954 295 2986 bellum
309 2955 468 2996 prorupit.

109 3012 139 3038 5.
155 3008 310 3046 Tempora
324 3015 543 3047 saepenumero
557 3008 623 3039 visa
634 3009 709 3040 sunt
722 3009 822 3048 longis
836 3009 972 3049 periodis
989 3018 1027 3042 ac
1037 3018 1112 3041 con—

66 3059 265 3091 versionibus
281 3059 322 3091 ad
334 3060 462 3091 eosdem
476 3060 578 3091 redire
594 3069 693 3092 casus.
736 3061 844 3093 Veluti
858 3062 999 3102 quicum
1016 3063 1112 3094 Dario

67 3112 220 3143 adversus
233 3120 342 3151 magos
361 3112 638 3152 conspiraverunt,
662 3115 783 3153 septem
802 3123 937 3145 numero
953 3118 1043 3147 erant
1059 3128 1066 3147 :
1082 3118 1114 3148 et

68 3164 138 3204 post
150 3164 294 3203 tempora
307 3163 409 3195 multa
425 3163 457 3194 hi
471 3187 480 3202 ,
494 3164 550 3203 qui
564 3172 639 3195 eum
658 3168 773 3196 Arsace
791 3167 903 3197 contra
924 3166 1114 3199 Macedonas

69 3214 317 3254 rebellaverunt,
336 3215 402 3255 pari
415 3223 549 3246 numero
563 3215 703 3247 fuerunt.

110 3270 141 3298 6.
152 3265 338 3305 intelligunt
345 3267 466 3305 autem,
474 3275 554 3306 opus
562 3275 628 3298 esse
636 3267 749 3299 ardore
757 3268 788 3299 et
799 3268 966 3308 impetu'ad
978 3269 1114 3301 efficien-

78 3318 144 3350 tam
162 3319 379 3351 securitatem.
395 3320 540 3359 Namque
559 3319 681 3351 instans
695 3321 876 3360 necessitas,
888 3322 1114 3354 consideratio-

95 3379 144 3402 rm
158 3370 289 3402 minime
304 3371 443 3410 patiens,
461 3370 637 3411 proximius
652 3371 790 3403 vindicat
807 3373 863 3403 sibi
883 3374 1071 3413 periculum.

113 3425 143 3454 7.
165 3424 211 3458 De
234 3422 345 3454 bellica
368 3422 519 3455 adversus
543 3422 698 3455 Nardinos
724 3423 969 3465 (Alemwwsx‘)
987 3426 1114 3466 expedi-

888 207 1092 246 EUNAPll
1123 207 1363 246 SARDlANl

1165 294 1247 332 suit.
1272 296 1319 332 Et
1338 294 1491 341 quidem
1510 294 1549 328 in
1573 293 1636 328 illo
1661 300 1770 328 motu
1792 294 1945 331 militari
1971 295 2075 344 apud
2100 298 2202 333 Pari-

1165 354 1238 388 sios
1256 353 1411 400 (Zosim.
1428 353 1485 387 III
1497 379 1507 399 ,
1529 364 1544 386 1
1557 351 1609 399 1),
1626 363 1703 398 quo
1714 353 1884 388 Julianus
1909 353 2120 391 declaratus
2134 356 2204 392 suit

1166 411 1367 458 Augustus,
1387 409 1568 445 credibile
1578 417 1633 445 est
1645 417 1787 458 septem
1797 412 2009 460 praecipuos
2024 415 2078 449 rei
2093 422 2205 451 tantae

1165 469 1343 503 exstitisse
1361 475 1545 503 auctores.
1562 469 1658 503 Nam
1679 476 1781 504 certe
1799 470 1966 507 Zonaras
1987 473 2083 508 XIII
2095 502 2104 518 ‚
2131 487 2175 510 ιο
2191 502 2202 519 ,

1165 527 1217 561 ait
1233 527 1423 562 Julianum
1442 527 1491 562 ob
1512 539 1595 562 eam
1613 539 1693 562 rem
1713 529 1939 576 patrandam
1966 530 2037 567 sibi
2060 534 2207 581 aliquos

1166 582 1340 619 tribunos
1358 585 1628 623 conciliavisse.
1641 587 1697 620 Ex
1711 587 1858 622 somnio
1869 594 1993 623 autem
2005 590 2205 638 imperium

1165 642 1234 677 sibi
1253 643 1497 679 ominabatur
1509 644 1681 680 Julianus
1698 644 1767 693 Ep.
1781 646 1889 682 XVlI
1906 646 1955 682 ad
1972 648 2203 697 Oribasium,

1166 701 1231 747 qui
1258 713 1385 737 secum
1414 715 1505 737 mox
1535 703 1825 751 conspiravit.»
1847 705 1941 743 Mn.
1972 706 2028 744 Cf.
2055 709 2202 759 Eunap.

1166 760 1239 796 Vit.
1260 759 1361 798 Max.
1380 773 1419 809 p
1444 759 1521 797 53:
1542 759 1718 813 Πεμφθεις
1747 759 1782 798 δὲ
1801 761 1974 814 Καῖσαρ’
1958 762 2207 812 επὶΓαλατίας

1165 816 1231 867 οὐχ
1258 813 1316 853 ἵνα
1349 816 1518 868 βασιλεύῃ
1546 820 1613 855 τῶν
1642 817 1755 869 ἐκείνῃ
1777 819 1892 868 μόνον,
1922 820 2000 858 ἀλλ’
2018 819 2075 860 ἵνα
2108 824 2142 862 ἓν
2163 829 2207 879 τῇ

1168 874 1331 927 βασιλεία
1365 875 1560 927 διαφθαρῇ,
1591 875 1687 929 παρὰ
1709 875 1809 920 δόξαν
1835 877 2018 916 ἅπασαν’
2003 895 2041 917 εκ
2059 896 2120 927 της
2138 885 2207 922 τῶν

1166 934 1250 969 θεων
1283 933 1444 985 προνοίας
1472 933 1675 985 ἀνήνεγκεν,
1705 935 1838 980 πάντας
1865 934 1927 986 μὲν
1950 937 2128 977 λανθάνων
2155 938 2208 977 ὅτι

1167 991 1348 1062 θεραπεύει
1368 991 1481 1038 θεοὺς,
1510 992 1571 1030 καὶ
1599 992 1657 1031 τόν
1685 1009 1722 1031 τε
1751 993 1877 1040 Ῥῆνον
1902 996 2117 1048 ἐπεραιώθη,
2148 997 2209 1036 καὶ

2223 374 2314 441 2⁶0

1167 1049 1282 1087 πάντα
1309 1049 1377 1088 ὅσα
1405 1049 1491 1103 ὑπὲρ
1522 1052 1650 1089 ἐκεῖνον
1671 1050 1750 1099 ἔθνη
1779 1052 1940 1125 βάρὸαρα
1969 1054 2120 1094 συνελὼν
2149 1056 2209 1095 καὶ
2254 1089 2258 1092 ,

1169 1108 1451 1159 δουλωσάμενος,
1473 1110 1611 1147 πολλῶν
1635 1109 1826 1149 ἐπιδουλῶν
1853 1111 1913 1149 καὶ
1921 1114 2210 1181 ”lssfl‘lloelss'fllfflffflv

1167 1166 1390 1217 πλεκομενων
1416 1168 1511 1219 αὐτῷ
1531 1169 1627 1217 (ὡς’
1612 1184 1647 1206 εν
1672 1171 1743 1217 τοῖς
1766 1169 1845 1221 περὶ
1865 1171 1992 1209 ἐκεῖνον
2010 1171 2206 1225 ἀναγέγρα·
2223 1202 2225 1204 -

1167 1224 1286 1276 πται),
1315 1225 1372 1264 τὸν
1393 1226 1599 1279 ἱεροφάντην
1621 1227 1904 1277 μετακαλέσας’
1888 1243 1927 1266 εκ
1957 1244 2019 1276 της
2037 1229 2210 1276 Ἑλλάδος

1167 1284 1227 1322 καὶ
1247 1284 1309 1323 σὺν
1323 1285 1442 1338 ἐκείνῳ
1461 1285 1540 1323 τινὰ
1561 1285 1674 1332 μόνοις
1688 1286 1826 1330 ἐκείνοις
1838 1286 1995 1339 γνώριμα
2016 1289 2208 1342 διαπραξά·

1169 1357 1286 1391 μενος,
1321 1343 1378 1381 ἐπὶ
1408 1343 1471 1390 τὴν
1500 1343 1700 1397 καθαίρεσιν
1727 1343 1856 1397 ἠγέρθη
1885 1348 1945 1392 τῆς
1965 1347 2211 1387 Κωνσταντίου

1167 1402 1376 1453 τυραννίδος.
1410 1405 1535 1441 Ταῦτα
1568 1402 1604 1440 δὲ
1635 1402 1826 1454 συνῄδεσαν
1858 1403 2060 1456 Ὀριὸάσιος
2084 1409 2124 1445 ἐκ
2148 1411 2210 1446 τοῦ

1170 1460 1361 1512 Περγάμου
1382 1459 1443 1498 καί
1465 1476 1512 1503 τις
1531 1463 1600 1499 τῶν
1629 1462 1668 1499 ἐκ
1691 1461 1849 1512 Λιὸύης,
1882 1462 1925 1508 ἣν
1955 1462 2116 1516 Ἀφρικὴν
2144 1480 2212 1503 κα-

1169 1521 1267 1558 λοῦσι
1283 1517 1458 1570 Ῥωμαῖοι
1477 1518 1569 1557 κατὰ
1587 1519 1626 1557 τὸ
1636 1519 1780 1571 πάτριον
1796 1523 1857 1567 τ’ἤς
1875 1520 2044 1572 γλώττης,
2063 1523 2211 1573 Ἐὐήμε-

1171 1594 1237 1631 ρος.
1262 1580 1386 1616 Ταῦτα
1405 1577 1440 1616 δὲ
1470 1578 1576 1616 πάλιν
1598 1580 1632 1616 ἐν
1652 1579 1721 1623 τοῖς
1740 1579 1831 1617 κατὰ
1861 1579 2047 1619 Ἰουλιανὸν
2063 1582 2213 1634 βιὸλίοις

1170 1636 1413 1690 ἀκριὸέστερον
1448 1635 1597 1685 εἴρηται.
1644 1659 1693 1665 --
1725 1639 1833 1675 Idem
1868 1641 1909 1675 in
1939 1641 2015 1678 Vit.
2051 1642 2212 1682 Oribasii

1169 1711 1208 1746 p.
1235 1703 1300 1740 104
1326 1709 1335 1734 ε
1355 1695 1543 1738 Ἰουλιανὸς
1558 1694 1620 1746 μὲν
1634 1695 1734 1733 αὐτὸν
1755 1698 1764 1746 (
1779 1696 1835 1734 τὸν
1845 1696 2072 1748 Ὀριὸάσιον)
2089 1700 2136 1741 εἷς
2154 1698 2212 1737 τὸν

1172 1754 1338 1805 Καίσαρα
1359 1752 1489 1805 προϊὼν
1511 1752 1731 1805 συνήρπασεν
1750 1755 1807 1804 (in
1823 1757 1981 1792 Galliam
1999 1770 2126 1797 secum
2145 1759 2213 1795 ab·
2230 1754 2235 1758 ⁸

1170 1814 1300 1863 duxit)
1319 1811 1377 1851 ἐπὶ
1398 1812 1580 1864 τῇτέχνῃ·
1605 1815 1622 1850 ὁ
1649 1811 1684 1850 δὲ
1711 1814 2114 1868 τοσοῧδτρνηέπλεονέκτει
2139 1817 2215 1860 ταῖς

1171 1872 1292 1914 ἄλλαις
1313 1874 1451 1922 ἀρεταῖς
1461 1899 1473 1919 ,
1493 1870 1583 1909 ὥστε
1600 1870 1660 1908 καὶ
1681 1870 1828 1923 βασιλέα
1845 1871 1903 1909 τὸν
1923 1872 2112 1911 Ἰουλιανὸν
2127 1873 2214 1912 ἀπέ-

1171 1929 1274 1975 δειξε·
1295 1929 1355 1968 καὶ
1372 1929 1484 1967 ταῦτά
1506 1945 1545 1981 γε
1566 1931 1600 1967 ἐν
1620 1931 1691 1972 τοῖς
1718 1929 1795 1967 κατ’
1817 1931 1943 1968 ἐκεῖνον
1968 1931 2213 1984 ἀκριὸέστερον

1171 1988 1319 2042 εἴρηται.
1340 2012 1392 2018 -
1412 1990 1433 2039 §
1451 1990 1488 2026 6.
1511 2006 1527 2022 «
1551 1991 1740 2038 Loquitur
1763 1998 1899 2026 auctor
1917 1991 1965 2027 de
1986 1992 2139 2028 militari
2156 1999 2215 2032 tu-

1170 2051 1309 2095 multu,
1330 2062 1407 2098 quo
1427 2050 1598 2085 Julianus
1614 2050 1745 2085 volens
1764 2050 1895 2085 nolens
1913 2049 1962 2098 (si
1990 2051 2145 2087 credere
2162 2051 2216 2087 di·

1170 2121 1286 2157 gnum
1306 2105 1376 2158 est)
1397 2109 1599 2157 imperium
1612 2109 1812 2144 admittere
1827 2108 1972 2144 debuit.
1989 2109 2160 2147 Zosimus
2179 2117 2216 2146 et

1171 2168 1306 2205 Zonar.
1324 2168 1350 2203 l.
1368 2168 1395 2205 l.
1412 2175 1450 2203 et
1467 2168 1654 2203 Ammian.
1671 2168 1746 2203 XX
1759 2195 1770 2214 ,
1793 2170 1829 2210 4.
1848 2182 1863 2199 »
1882 2169 1972 2205 Mn.
1989 2189 2042 2196 -
2061 2168 2082 2216 §
2109 2180 2143 2214 7.
2160 2169 2216 2204 De

1171 2227 1351 2263 Nardinis
1367 2239 1445 2262 non
1462 2234 1623 2263 constat.
1642 2227 1763 2262 Scribi
1776 2227 1895 2274 possit
1912 2237 1920 2263 τ
1942 2223 2033 2262 κατὰ
2050 2227 2119 2263 τῶν
2138 2227 2215 2264 Να·

1173 2285 1317 2335 ρισκῶν,
1346 2297 1565 2332 quanquam
1595 2285 1644 2320 ad
1673 2297 1823 2320 sensum
1855 2285 1979 2332 aptius
2011 2292 2086 2330 est,
2110 2284 2217 2332 quod

1170 2344 1360 2380 Bekkerus
1381 2343 1560 2390 conjecit,
1583 2357 1618 2381 κ.
1642 2358 1675 2379 τ.
1698 2341 1911 2391 Ἀλεμανῶν.
1936 2359 1951 2375 τι
1974 2343 2218 2379 Desideratur

1171 2403 1309 2439 Juliani
1322 2403 1479 2451 epistola
1492 2402 1541 2437 ad
1554 2403 1777 2449 Cyllenium.
1795 2403 1964 2449 Apparet
1980 2407 2106 2437 autem
2116 2401 2216 2437 hunc

1170 2461 1491 2499 hominem.fuisse
1513 2461 1746 2498 historicum.
1770 2476 1784 2492 υ
1814 2460 1904 2498 MAI.

1170 2801 1274 2840 tione,
1301 2809 1375 2840 quae
1394 2781 1498 2831 varios
1514 2807 1605 2830 casus
1626 2799 1756 2838 experta
1772 2798 1836 2837 est,
1860 2796 1969 2828 scribit
1985 2797 2052 2836 ipse
2073 2797 2221 2829 Julianus

1169 2852 1246 2884 alibi
1272 2852 1335 2884 alia
1359 2851 1392 2883 in
1417 2851 1557 2891 epistolis
1572 2850 1612 2881 ad
1631 2850 1772 2881 diversos
1796 2857 1957 2880 enarrans.
1982 2848 2028 2880 Ad
2048 2848 2220 2888 quemdam

1170 2905 1279 2945 itaque
1301 2904 1443 2936 scribens
1455 2903 1656 2944 Cyllenium,
1681 2902 1735 2942 qui
1757 2903 1980 2942 argumentum
2006 2900 2086 2932 illud
2101 2899 2225 2932 tracta:

1171 2958 1278 2996 verat,
1298 2956 1438 2997 primum
1461 2954 1592 2995 quidem
1618 2963 1692 2986 eum
1714 2952 1882 2993 obiurgat,
1905 2954 2073 2993 propterea
2099 2951 2185 2992 quod
2201 2959 2220 2983 a

1171 3010 1307 3042 veritate
1326 3010 1532 3042 aberraverat
1539 3020 1550 3049 ;
1572 3010 1643 3040 tum
1667 3008 1734 3049 ipse
1754 3016 1821 3039 rem
1840 3008 1936 3047 prout
1953 3015 1987 3038 se
2003 3006 2140 3038 habebat
2161 3015 2220 3038 ex—

1173 3063 1274 3104 ponit.
1318 3063 1372 3095 Ait
1393 3063 1520 3101 autem,
1545 3062 1628 3094 facta
1641 3061 1696 3092 illa
1712 3060 1866 3100 scriptore
1882 3068 1947 3091 non
1971 3059 2130 3099 indigere:
2146 3067 2220 3090 nam

1172 3124 1277 3155 neque
1291 3114 1464 3154 Palamedi,
1477 3113 1593 3153 inquit,
1609 3112 1648 3144 ad
1661 3112 1791 3151 gloriam
1806 3119 1885 3152 opus
1899 3112 2038 3142 Homero
2051 3111 2123 3142 suit.
2140 3111 2221 3150 Ergo

1172 3167 1292 3198 alienas
1304 3167 1463 3198 sactorum
1486 3174 1618 3197 suorum
1632 3163 1780 3195 historias
1795 3163 1920 3194 excelso
1934 3162 2042 3193 animo
2057 3161 2219 3200 abnuens,

1172 3219 1238 3259 ipse
1252 3220 1359 3250 tamen
1376 3217 1594 3258 magnitudine
1609 3223 1716 3247 rerum
1732 3215 1891 3255 gestarum
1905 3213 1946 3244 ad
1966 3212 2136 3244 dicendum
2156 3213 2220 3244 im-

1173 3270 1311 3310 pellitur.
1335 3272 1444 3310 Neque
1463 3268 1638 3309 simplicem
1659 3266 1841 3306 historiam,
1865 3265 1920 3297 sed
1944 3265 2141 3296 luculentam
2170 3264 2219 3295 sui

1175 3322 1390 3354 laudationem
1405 3323 1516 3361 sponte
1526 3319 1738 3360 persequitur,
1753 3319 1850 3358 atque
1860 3317 1892 3348 in
1905 3315 2044 3357 epistolis
2053 3315 2094 3347 ad
2104 3316 2221 3348 multos

1175 3374 1300 3414 scriptis
1309 3382 1342 3405 se
1355 3373 1455 3413 ipsum
1472 3371 1636 3412 praedicat.
