2326 3724
686 211 906 252 JOANNIS
939 211 1110 250 EPIPH.

381 341 714 397 ΙΩΑΝΝΟΥ

109 487 472 531 ΣΧΟΛΑΣΤΙΚΟΥ
503 485 591 524 ΚΑΙ
620 483 726 522 Ano
755 482 997 521 EssAme

399 578 707 620 ΕΠΙΦΑΝΕΩΣ

37 678 148 732 Περὶ
176 680 248 725 τῆς
281 681 350 715 τοῦ
378 674 476 713 νέου
505 671 702 724 Χοσρόου
730 686 1082 724 προσχωρησεως

50 733 495 791 πρὸςΜαυρίκιοντὸν
515 729 1066 782 Ρωμαίωναῦτοκράτορα

292 832 533 873 ΙΣΤΟΡΙΩΝ
575 832 754 870 ΤΟΜΟΣ
789 831 836 870 Α.

89 945 118 971 1.
141 929 199 971 Τὰ
217 928 280 980 μὲν
300 928 367 967 ὅσα
387 926 564 978 Ῥωμαῖοί
580 941 618 964 τε
635 924 695 963 καὶ
715 925 834 971 Μῆδοι
853 924 1088 974 πολεμοῦντες

38 989 202 1035 ἀλλήλοις
218 986 345 1026 ἔπαθόν
372 1002 410 1024 τε
430 985 490 1024 καὶ
510 984 659 1038 ἔδρασαν
684 981 775 1021 κατὰ
792 981 855 1030 τὴν
878 981 1086 1021 Ἰουστινια-

36 1052 96 1088 νοῧ
121 1052 180 1087 τοῦ
195 1045 386 1097 Ῥωμαίων
407 1043 658 1096 αὐτοκράτορος
681 1041 879 1094 βασιλείαν,
901 1040 942 1094 (*)
966 1040 1090 1116 γέγρα-

37 1125 123 1148 πται
141 1107 286 1160 Ἀγαθία
302 1109 353 1160 τῷ
370 1105 554 1158 Μυριναίω
572 1102 670 1155 ἀνδρι
690 1105 759 1146 τοῖς
778 1104 812 1140 ἐν
837 1101 1015 1154 Βυζαντίῳ
1035 1101 1092 1151 ῥή-

38 1183 134 1221 τορσι
150 1164 377 1217 καταλεγέντι
406 1165 600 1216 διαφανῶς,
626 1177 686 1199 και
716 1161 804 1212 μετά
826 1176 864 1212 γε
892 1160 1092 1213 Προκόπιον

42 1227 100 1266 τὸν
123 1224 310 1277 Καισαρέα
326 1222 369 1261 τὰ
387 1222 471 1276 πρὸς
489 1221 567 1264 τους
585 1219 792 1296 βαρὸάρουςϊ
796 1219 1028 1273 πραχθέντα’
1010 1235 1092 1257 ανα-

41 1286 229 1339 γράψαντι.
243 1283 421 1336 Μεγίστου
443 1281 515 1320 δὲ’
495 1297 589 1325 οντος
605 1275 653 1319 ὧν
674 1282 761 1354 ἀκοῇ
778 1279 892 1329 ἴσμεν,
907 1278 1008 1317 αὐτὸν
1031 1282 1094 1331 βα

42 1343 142 1382 σιλέα
171 1344 319 1394 Περσῶν
349 1339 487 1394 φυγάδα
518 1342 579 1386 τῆς
598 1338 727 1383 οἰκείας
757 1339 955 1390 γενόμενον,
977 1341 1037 1384 τ’ἧς
1058 1353 1093 1376 τε

43 1405 153 1456 ἀρχῆς
173 1398 445 1446 ἐκπεπτωκότα,
469 1401 512 1451 τῇ
532 1397 721 1448 Ῥωμαίων
754 1412 1005 1449 προσχωρησαι
1026 1411 1094 1434 πο-

42 1460 170 1513 λιτεία,
200 1458 401 1512 Μαυρικίου
429 1456 599 1509 βασιλέως
631 1457 793 1506 δεόμενον
823 1454 1034 1507 συμμαχίαν
1065 1456 1095 1493 οἳ

44 1521 223 1559 ἐπιδουναι
240 1517 332 1555 καὶ’
317 1533 350 1560 ες
366 1515 429 1563 τὴν
452 1516 633 1568 βασιλείαν
660 1515 886 1566 καταγαγεῖν,
916 1519 1017 1552 τοῦτο
1036 1514 1097 1566 ἔρ-

43 1593 156 1632 χομαι
176 1576 295 1623 λέξων,
318 1576 357 1613 οὗ
385 1574 490 1625 λόγου
507 1571 691 1626 περιουσία
709 1572 930 1626 τεθαρρηκως
962 1572 1040 1611 ουδέ
1060 1588 1098 1624 γε

48 1635 244 1689 πρότερον..
253 1635 313 1688 .(*
316 1635 364 1685 *‚)
379 1634 457 1671 ἀλλ’
473 1630 550 1676 ὡς
533 1648 575 1670 αν
590 1629 639 1681 μὴ
653 1637 802 1684 πρᾶγμα
813 1633 1016 1678 τηλικοῦτον
1031 1637 1099 1675 τοῖς

49 1694 170 1733 ἔπειτα
200 1691 443 1764 γενησομένοις
480 1689 690 1736 ἀδιαὸόητον
722 1689 996 1743 καταλειφθείη·
1025 1690 1099 1728 ἐπεὶ

48 1752 162 1792 και-τὰ
174 1751 323 1804 μέγιστα
333 1753 402 1788 τῶν
415 1749 540 1803 ἔργων,
559 1750 589 1787 εἰ
603 1748 653 1799 μή
669 1765 742 1793 πως
754 1748 821 1801 ἄρα
836 1748 893 1786 διὰ
903 1751 971 1786 τῶν
989 1749 1100 1799 ὶόγων

49 1810 242 1866 φυλαχθείη
259 1809 319 1848 καὶ
341 1812 384 1861 τῇ
408 1807 531 1860 μνήμῃ
553 1807 780 1860 παραδοθείη,
807 1824 856 1860 τῳ
889 1810 949 1854 τ’ἧς
969 1811 1102 1855 σιωπῆς

51 1868 304 1908 ἀποσῧέννυται
319 1866 448 1905 σκότει.
468 1864 670 1918 Παρέχουσι
681 1864 748 1917 γὰρ
761 1867 792 1903 οἱ
803 1848 900 1917 λόγοι
916 1866 955 1904 τὸ
966 1868 1026 1912 ζ’ῆν
1044 1866 1102 1911 καὶ

91 1980 132 2020 (*)
150 1982 186 2012 ln
200 1979 342 2019 margine
352 1987 451 2010 manu
470 1986 534 2010 sec.
546 1980 640 2009 τοῦτο
655 1977 862 2018 adscriptum.

51 2074 79 2106 H
93 2026 151 2080 (Ἢ
167 2028 240 2059 Vox
262 2034 362 2058 erasa.
380 2023 581 2062 ἐπιτηδεύσας
605 2023 654 2055 vel
679 2023 743 2056 tale
761 2023 841 2064 quid
866 2023 971 2064 suppl.
994 2025 1104 2056 monet

81 2082 176 2105 asnis.

426 2188 729 2246 JOANNIS

188 2301 528 2341 SCHOLASTICI
557 2301 624 2339 ET
652 2299 983 2339 EXPRAEFECTI

268 2383 270 2385 ¹
387 2388 778 2428 EPIPHANIENSIS

58 2479 104 2509 De
125 2476 276 2509 Chosrois
300 2476 434 2516 junioris
458 2476 497 2508 ad
512 2476 704 2509 Mauricium
723 2476 870 2517 imperat.
890 2478 1108 2508 Romanorum

483 2529 676 2568 accessione,

274 2617 638 2657 HISTORIARUM
658 2618 835 2657 SECTIO
861 2619 891 2656 Ι.

105 2701 132 2728 1.
146 2698 227 2734 Quae
235 2698 371 2729 Romani
379 2698 412 2730 et
419 2700 537 2738 Persae‚
549 2700 712 2730 commoto
726 2698 808 2730 inter
821 2707 855 2730 se
864 2698 947 2730 bello
958 2722 966 2737 ‚
977 2699 1010 2730 et
1023 2707 1111 2730 acce-

60 2747 164 2788 perint
179 2747 296 2780 damna
309 2749 342 2780 et
357 2748 543 2786 intulerint,
557 2749 726 2782 Justiniani
741 2752 958 2782 Romanorum
979 2749 1111 2790 impera·

42 2830 43 2833 ,
63 2799 139 2830 toris
151 2799 329 2840 principatu
341 2824 351 2840 ,
365 2800 405 2832 ab
430 2801 564 2841 Agathia
587 2801 757 2842 Myrinensi
783 2803 858 2833 sunt
874 2801 1029 2842 exposita,
1042 2801 1112 2834 viro

61 2851 144 2883 inter
169 2853 311 2884 oratores
342 2851 533 2893 Byzantinos
557 2853 719 2893 praecipue
745 2854 914 2885 numerato
926 2877 935 2892 ‚
967 2853 1023 2893 qni
1044 2854 1114 2893 post

62 2903 255 2944 Procopium
277 2903 504 2936 Caesariensem
519 2903 558 2936 de
572 2905 666 2936 rebus
683 2905 835 2937 adversus
854 2905 1006 2936 barbaros
1021 2906 1116 2945 gestis

63 2956 198 2996 scripsit.
211 2959 320 2995 Quum
337 2965 411 2988 vero
426 2956 507 2988 inter
527 2965 563 2988 ea
577 2966 650 2997 quae
669 2957 850 2988 audivimus
870 2957 1047 2988 maximum
1061 2957 1114 2997 sit,

10 3015 11 3018 ’
63 3007 168 3047 ipsum
184 3016 294 3047 regum
318 3010 487 3040 Persarum
505 3009 607 3047 patria
624 3009 793 3048 profugum
814 3018 974 3049 regnoque
988 3010 1115 3050 pulsum

64 3060 281 3090 Romanorum
295 3059 469 3100 seimperio
487 3059 694 3098 commisisse,
712 3063 809 3100 atque
822 3070 840 3092 a
856 3061 1008 3092 Mauricio
1021 3061 1116 3101 impe-

66 3110 170 3141 ratore
178 3110 336 3142 auxilium
350 3112 382 3142 et
399 3110 618 3142 reductionem
634 3111 667 3142 in
676 3120 810 3151 regnum
827 3112 970 3152 petiisse,
987 3112 1048 3143 lioc
1061 3121 1117 3152 ego

67 3169 196 3192 narrare
208 3161 373 3202 aggredior
389 3174 396 3193 :
416 3171 476 3194 nec
489 3162 614 3194 dicendi
635 3163 787 3195 facultate
807 3164 925 3202 fretus,
943 3172 1002 3195 nec
1016 3164 1117 3195 medi-

68 3214 154 3245 tatus
171 3215 245 3245 ante
257 3238 266 3253 ‚
289 3214 344 3246 sed
361 3223 400 3246 ne
416 3215 506 3246 tanta
524 3222 574 3246 res
594 3214 678 3255 apud
693 3217 837 3255 posteros
853 3215 1012 3255 incognita
1028 3215 1119 3246 relin-

12 3260 14 3262 ’
68 3266 229 3305 queretur.
257 3265 383 3297 Etenim
402 3266 484 3297 facta
497 3266 706 3306 quantumvis
728 3267 910 3305 luculenta,
932 3266 990 3297 nisi
1010 3267 1120 3306 aliquo

28 3304 60 3410 >Q
70 3316 165 3348 modo
192 3317 318 3357 scriptis
335 3319 461 3349 servata
485 3318 650 3349 memoriae
677 3318 859 3358 tradantur,
885 3317 1002 3349 silentii
1026 3319 1120 3349 nocte

71 3368 326 3408 exstinguuntur.
344 3370 482 3408 contra,
498 3368 731 3400 intereuntibus
751 3377 881 3409 quoque
898 3369 993 3400 rebus
1021 3369 1120 3400 vitam

71 3420 215 3453 tribuunt
236 3424 454 3453 monumenta.
469 3421 589 3453 Deinde
602 3446 610 3460 ‚
623 3430 723 3462 quum
741 3422 805 3462 ipse
818 3421 979 3453 nonnullis
992 3430 1009 3453 e
1028 3421 1121 3453 rebus

249 3482 439 3506 FniGMENTA
456 3484 532 3507 nisr.
560 3486 613 3509 cn.
632 3496 661 3501 -
679 3489 750 3510 vor.
778 3489 818 3511 iv.

1142 209 1525 249 FRAGMENTUM.

1137 294 1429 348 διαφθειρομένοις
1454 297 1522 337 τοῖς
1543 293 1758 345 πράγμασιν.
1795 292 1946 333 Ἔπειτα
1965 293 2000 331 δὲ
2028 292 2087 331 καί
2114 307 2184 330 τισι

1138 356 1206 391 τῶν
1221 351 1460 405 γεγενημένων
1476 351 1706 404 παρατυχὼν,
1720 353 1814 403 αὐτῷ
1834 369 1870 390 τε
1892 352 2031 404 Χοσρόῃ
2049 354 2098 405 τῷ
2117 351 2185 404 νέῳ

1140 413 1171 454 ἐς
1191 410 1312 463 λόγους
1335 410 1442 449 ἐλθὼν
1460 410 1521 448 καὶ
1540 412 1606 447 τῶν
1628 409 1743 447 ἄλλων
1766 410 1897 456 Μήδων
1928 412 1997 455 τοῖς
2031 411 2185 457 μάλιστα

1141 469 1424 521 ἀξιολογωτάτοις
1447 469 1524 523 (καὶ
1549 469 1616 521 γάρ
1638 484 1681 519 με
1701 468 1904 519 συμὸέὸηκε
1921 470 2088 521 πρότερον
2123 468 2184 517 μὲν

1142 529 1325 582 Γρηγορίῳ
1344 530 1394 581 τῷ
1413 531 1475 574 τ’ἧς
1491 527 1695 580 Ἀντιοχέων
1710 526 1841 571 πόλεως
1857 529 2010 579 ἀρχιερεῖ
2030 526 2190 577 σύμὸου-

1142 591 1200 627 λον
1218 588 1321 635 ὄντα,
1336 587 1412 638 ἅμα
1433 588 1528 635 αὐτῷ
1549 587 1612 632 τὴν
1627 585 1710 638 πρὸς
1731 586 1877 628 ἐκείνους
1900 584 2041 634 ὁμιλίαν
2057 586 2193 622 πολλά-

1144 663 1194 691 κις
1210 646 1441 693 ποιήσασθαι·
1463 646 1577 698 χρόνῳ
1598 645 1634 683 δὲ
1654 645 1794 696 ὕστερον
1817 643 1906 694 μετὰ
1919 644 1982 691 τὴν
2002 646 2060 682 τοῦ
2087 644 2192 681 πολέ-

1147 722 1211 757 μου
1226 705 1389 751 τελευτὴν
1406 704 1466 743 καὶ
1481 706 1514 748 ἐς
1529 703 1593 751 τὴν
1612 706 1759 756 Περσῶν
1773 703 1957 751 ἀφικέσθαι
1975 705 2052 754 γῆν,
2075 704 2192 754 Γεωρ-

1146 765 1212 818 γίῳ
1244 763 1504 802 συνεσὸαλόντα
1540 762 1602 810 τὴν
1632 765 1701 801 τῶν
1731 761 1924 814 γενομένων
1955 760 2195 814 ὁμοφροσύνην

1147 823 1382 884 ποιουμένῳ),
1398 824 1459 879 οὐκ
1471 822 1600 860 ἄτοπον
1615 821 1806 894 ἡγησάμην
1827 820 1903 859 καθ’
1924 819 2002 858 ὅσον
2018 821 2049 858 δ’
2070 819 2111 858 ἂν
2129 813 2198 862 οἷός

1149 886 1251 930 τεώ,
1273 898 1342 926 τοις
1376 884 1437 921 οὐκ
1462 881 1568 920 εἰδόσι
1600 880 1644 919 τὰ
1673 880 1752 933 περὶ
1782 879 1912 918 τούτων
1949 878 2195 930 διηγήσασθαι.

1153 944 1359 994 Ἀναγκαῖον
1395 940 1430 979 δὲ
1451 939 1488 979 ὂν
1508 956 1569 986 της
1593 943 1661 978 τῶν
1679 938 1860 989 ἑπομένων
1888 953 2048 990 γνωσεως
2076 936 2176 975 ἕνεκα
2190 967 2199 982 ,

1156 1000 1308 1054 ἀκριὸῶς
1337 999 1464 1046 ειδέναι
1493 999 1553 1037 καὶ
1583 998 1627 1037 τὰ
1648 998 1764 1050 καίρια
1786 1000 1855 1036 τῶν
1881 995 2200 1050 προγεγενημένων,

1152 1062 1218 1113 οὐχ
1236 1059 1365 1106 ἥκιστα
1386 1058 1422 1097 δὲ
1453 1057 1497 1096 τὰ
1520 1060 1553 1101 ἐς
1575 1057 1636 1104 τὴν
1670 1056 1911 1095 ἐπανάστασιν
1937 1055 1999 1102 τὴν
2023 1054 2202 1107 εΟρμίσδα

1153 1122 1202 1172 τῷ
1234 1118 1392 1171 Χοσρόου
1412 1117 1519 1170 πατρὶ
1537 1112 1790 1169 γεγενημένην,
1827 1118 1894 1154 τῶν
1921 1113 2115 1167 ἔμπροσθέν
2145 1129 2203 1164 μοι

1154 1180 1247 1217 δοκεῖ
1261 1177 1317 1216 διὰ
1339 1176 1498 1229 βραχέων
1524 1175 1815 1227 μνημονεύσαντα
1837 1173 2016 1227 πρότερον,
2036 1172 2203 1211 οὕτωκαὶ

1155 1254 1213 1276 επι
1226 1253 1284 1276 τον
1312 1236 1417 1274 ἄλλον
1452 1235 1635 1288 αφιγεσθαι
1651 1234 1774 1286 λογον
1808 1236 1854 1278 ὡς
1877 1249 1956 1276 τους
1979 1232 2042 1283 μὲν
2071 1232 2203 1276 εἰδότας

1156 1297 1425 1345 υπομνησθῆναι
1452 1296 1520 1332 τῶν
1549 1292 1805 1344 κεκινημένων,
1831 1290 1909 1335 τους
1943 1290 1979 1329 δὲ
2009 1291 2091 1341 μηδ’
2102 1290 2207 1351 *ὅλως

1156 1353 1351 1401 ἀκηκοότας
1369 1352 1431 1396 τὰς
1448 1351 1646 1405 ἀφορμὰς”
1628 1367 1720 1404 εχειν
1738 1349 1865 1389 εἰδέναι
1885 1352 2003 1403 σαφῶς
2016 1351 2075 1402 ἀφ’
2098 1352 2145 1386 ων
2164 1349 2207 1386 τὰ

1158 1411 1248 1463 μετὰ
1266 1427 1378 1449 ταυτα
1398 1410 1602 1463 πραχθέντα
1627 1410 1822 1462 γεγόνασιν.

1212 1484 1239 1508 2.
1270 1470 1372 1509 Ἐπεὶ
1391 1470 1458 1522 γὰρ
1473 1469 1712 1512 Ἰουστινιανὸς
1732 1467 1892 1521 βασιλεὺς
1915 1467 2012 1506 ἐννέα
2035 1466 2095 1505 καὶ
2112 1466 2209 1519 τριά-

1158 1546 1263 1568 κοντα
1291 1532 1361 1573 τοῖς
1380 1535 1487 1567 πᾶσιν
1514 1528 1606 1567 ἔτεσι
1627 1528 1818 1578 Ῥωμαίων
1845 1526 1950 1579 ἄρξας
1968 1526 2131 1565 ἐτελεύτα
2151 1526 2210 1563 τὸν

1162 1588 1248 1642 βίον,
1258 1593 1317 1628 τοῦ
1332 1588 1458 1642 χρόνου
1474 1588 1513 1627 τὸ
1530 1588 1638 1641 πέρας
1650 1590 1684 1626 ἐν
1699 1587 1817 1640 εἰρήνῃ
1837 1583 1966 1640 βιώσας
1981 1586 2066 1639 πρός
2082 1601 2119 1624 τε
2135 1586 2213 1630 τοὺς

1162 1648 1285 1692 ἄλλους
1313 1648 1372 1686 καὶ
1393 1647 1536 1694 Μήδους
1571 1647 1714 1694 αὐτοὺς,
1731 1646 1794 1692 τήν
1819 1662 1856 1684 τε
1878 1645 2067 1694 Ῥωμαίων
2099 1645 2213 1683 διεδέ-

1164 1706 1245 1752 ξατο
1261 1706 1442 1758 βασιλείαν
1463 1706 1648 1750 Ἰουστῖνος
1667 1709 1684 1744 ὅ
1701 1705 1792 1753 νέος,
1823 1705 2024 1755 ἀδελφιδοῦς
2045 1705 2139 1758 αὐτῷ
2156 1720 2214 1756 γε·

1162 1766 1289 1818 γονὼς,
1306 1767 1474 1804 λυθεισῶν
1496 1768 1565 1804 τῶν
1585 1765 1669 1818 πρὸς
1704 1763 1876 1811 ἀλλήλους
1897 1763 2086 1813 Ῥωμαίοις
2103 1779 2139 1801 τε
2157 1763 2216 1800 καὶ

1166 1825 1300 1871 Μήδοις
1336 1824 1530 1877 ἔμπροσθεν
1566 1822 1804 1875 γεγενημένων
1827 1823 2000 1871 σπονδῶν,
2015 1821 2054 1865 ἃς
2073 1821 2217 1860 Ἰουστι-

1166 1883 1278 1927 νιανὸς
1297 1884 1382 1936 πρὸς
1397 1882 1559 1936 Χοσρόην
1580 1882 1636 1921 τὸν
1667 1881 1837 1921 Καὸάδου
1849 1912 1858 1928 ,
1877 1884 2022 1934 Περσῶν
2043 1880 2190 1932 βασιλέα
2205 1910 2214 1926 ,

1165 1942 1223 1980 ἐπὶ
1239 1941 1382 1995 χρόνους
1402 1941 1619 1989 πεντήκοντα
1638 1940 1740 1979 πέντε
1765 1939 1954 1987 πεποίητο,
1973 1939 2082 1991 μέγαν
2111 1938 2219 1978 πόλε-

1167 2017 1231 2051 μον
1248 2000 1454 2047 κεκινήκασι
1473 2000 1557 2054 πρὸς
1575 1999 1762 2047 ἀλλήλους,
1781 1998 1951 2051 ἀρχθέντα
1965 1998 2027 2047 μὲν
2045 1997 2112 2045 ἤδη
2128 1997 2219 2036 κατὰ

1168 2059 1206 2097 τὸ
1224 2058 1372 2110 ἕὸδομον
1393 2058 1465 2103 ἔτος
1486 2062 1546 2106 τ’ἦς
1565 2058 1755 2098 Ἰουστίνου
1781 2057 1982 2110 βασιλείας,
2001 2059 2034 2101 ἐς
2052 2056 2160 2095 εἴκοσι
2183 2055 2219 2094 δὲ

2107 212 2180 244 273

1169 2172 1264 2212 gestis
1287 2171 1499 2204 interfuissem
1509 2195 1517 2210 ‚
1534 2172 1566 2203 in
1594 2170 1856 2211 colloquiumque
1884 2170 2040 2202 venissem
2068 2171 2100 2201 et
2124 2169 2222 2210 ipsius

1170 2225 1320 2257 Chosrois
1333 2224 1468 2264 junioris
1483 2226 1516 2256 et
1533 2224 1746 2256 honestissimi
1759 2225 1915 2264 cujusque
1930 2232 1969 2255 ex
1991 2222 2104 2254 ceteris
2121 2222 2223 2254 Persis

1170 2276 1263 2317 (nam
1277 2277 1410 2317 contigit
1423 2276 1501 2308 mihi
1513 2278 1550 2308 ut
1562 2275 1666 2316 primo
1679 2275 1867 2307 consilarius
1880 2274 2033 2314 Gregorio
2046 2273 2222 2306 Antiochiae

1169 2328 1407 2370 archiepiscopo
1424 2328 1554 2360 additus
1565 2352 1573 2367 ,
1587 2337 1652 2359 una
1664 2337 1739 2360 cum
1756 2337 1794 2359 eo
1811 2328 1995 2367 frequenter
2009 2326 2070 2358 illis
2078 2335 2224 2358 commu-

1170 2382 1326 2420 nicarem,
1341 2383 1514 2422 posteaque
1527 2381 1708 2421 aliquanto,
1724 2381 1876 2412 restincto
1887 2379 1989 2419 bello,
2011 2379 2060 2411 vel
2079 2380 2109 2411 in
2123 2380 2223 2419 ipsam

1172 2433 1311 2465 Persiam
1322 2432 1476 2472 venirem,
1489 2441 1563 2464 cum
1579 2432 1714 2473 Georgio
1728 2432 1903 2472 (Greqorio
1912 2432 1947 2472 9)
1963 2431 2166 2462 concordiam
2179 2441 2225 2463 re·

1169 2484 1321 2517 stituente
1333 2485 1510 2526 profectus)
1522 2492 1530 2516 :
1546 2492 1599 2516 eas
1609 2493 1658 2516 res
1671 2482 1985 2516 nonincommodum
1999 2483 2105 2514 visum
2117 2484 2176 2522 est,
2188 2485 2225 2514 ut

1171 2536 1305 2569 facultas
1314 2545 1386 2569 mea
1398 2537 1472 2576 fert,
1489 2536 1705 2568 nescientibus
1721 2544 1985 2567 commemorare.
1998 2534 2057 2567 Sed
2075 2535 2225 2574 quoniam

1170 2590 1211 2621 ad
1232 2589 1686 2631 sequentiumintelligentiam
1709 2589 1923 2622 necessarium
1945 2590 2010 2628 est,
2035 2588 2226 2620 anteceden-

1171 2641 1254 2673 tium
1268 2651 1399 2682 quoque
1415 2651 1521 2673 rerum
1534 2642 1698 2673 momenta
1714 2642 1801 2673 recte
1814 2650 1925 2680 nosse,
1942 2642 2012 2672 tum
2030 2641 2167 2672 maxime
2178 2648 2227 2671 ea-

1173 2704 1244 2727 rum
1258 2696 1371 2736 quaein
1384 2695 1538 2727 seditione
1548 2694 1738 2734 Hormisdae,
1751 2694 1848 2735 patris
1860 2693 2024 2732 chosrois,
2034 2695 2120 2733 gesta
2132 2695 2224 2724 sunt:

1172 2746 1292 2779 idcirco
1305 2747 1345 2779 de
1354 2747 1510 2779 anteactis
1520 2746 1663 2778 nonnihil
1677 2746 1802 2777 libitum
1817 2747 1865 2778 est
1877 2745 2031 2777 brevitter
2041 2744 2159 2784 dicere,
2170 2745 2227 2776 sic-

1174 2808 1236 2839 que
1243 2799 1392 2839 deinceps
1402 2798 1441 2830 ad
1458 2798 1613 2838 reliquam
1627 2798 1840 2829 narrationem
1849 2797 1974 2829 venire:
1987 2796 2086 2836 utqui
2096 2796 2162 2836 Jam
2174 2805 2227 2827 an-

1174 2853 1226 2883 tea
1235 2852 1375 2890 nossent,
1391 2850 1598 2882 recordentur
1615 2849 1674 2880 hos
1689 2850 1815 2888 motus3
1830 2849 1885 2889 qui
1901 2848 2032 2880 omnino
2045 2856 2108 2879 non
2122 2847 2229 2879 audie-

1176 2905 1250 2944 rint,
1262 2904 1384 2936 discere
1399 2903 1518 2944 possint
1532 2902 1652 2942 liquido
1663 2926 1671 2941 ,
1688 2902 1806 2942 quibus
1819 2902 1858 2934 de
1871 2902 1977 2934 causis
1990 2901 2162 2933 acciderint
2175 2909 2228 2942 po-

1176 2956 1292 2988 sterius
1308 2957 1391 2988 acta.

1219 3013 1249 3039 2.
1278 3010 1296 3040 J
1300 3007 1478 3039 ustinianus
1500 3007 1674 3047 imperator
1693 3016 1795 3047 quum
1822 3015 1922 3039 annos
1946 3006 2077 3038 omnino
2101 3006 2229 3046 triginta

1177 3067 1294 3091 novem
1307 3061 1469 3091 Romanos
1485 3057 1671 3090 moderatus
1683 3058 1876 3090 discessisset
1889 3067 1906 3090 e
1923 3058 1988 3090 vita
1998 3082 2007 3098 ‚
2019 3058 2111 3098 cujus
2125 3059 2229 3089 extre-

1179 3121 1265 3143 mam
1291 3114 1414 3151 partem
1433 3112 1464 3143 in
1493 3120 1570 3151 pace
1597 3112 1667 3142 tum
1694 3120 1769 3143 cum
1794 3111 1927 3151 ceteris,
1957 3112 2026 3142 tum
2043 3110 2139 3141 etiam
2154 3117 2228 3140 cum

1180 3164 1281 3195 Persis
1294 3166 1460 3203 exegerat,
1478 3165 1732 3204 'Romanumque
1750 3162 1920 3203 imperium
1941 3162 2087 3193 Justinus
2109 3160 2228 3199 Juni0r,

1179 3214 1297 3247 sororis
1311 3214 1380 3254 ejus
1401 3215 1517 3253 filius.·,›
1533 3215 1721 3255 suscepisset
1742 3224 1750 3245 :
1768 3214 1880 3246 solutis
1906 3213 2041 3244 induciis
2059 3214 2133 3243 ante
2149 3211 2229 3242 inter

1181 3268 1343 3298 Romanos
1357 3268 1389 3297 et
1413 3268 1523 3297 Persas
1546 3266 1657 3306 factis,
1678 3274 1758 3306 quas
1782 3265 1980 3298 Justinianils
1995 3272 2069 3295 cum
2088 3263 2229 3295 chosroe

1181 3317 1318 3349 Cabadis
1329 3316 1394 3348 filio
1407 3317 1439 3348 in
1452 3326 1552 3349 annos
1570 3316 1802 3358 quinquaginta
1812 3316 1955 3356 quinque
1969 3315 2082 3346 inierat
2097 3322 2104 3343 ε
2121 3313 2231 3352 ingens

1181 3369 1264 3400 inter
1288 3377 1322 3400 se
1347 3370 1593 3400 commoverunt
1619 3368 1737 3400 bellum
1748 3392 1756 3407 ‚
1786 3366 1871 3407 quod
1900 3366 1965 3406 Jam
1984 3365 2117 3405 septimo
2143 3371 2227 3394 anno

1183 3420 1304 3460 imperii
1319 3420 1435 3452 Justini
1462 3421 1569 3452 ortum
1585 3422 1616 3453 et
1634 3428 1687 3460 per
1711 3420 1809 3451 lustra
1837 3419 1990 3458 quattuor
2017 3415 2225 3456 productum,

2039 3522 2067 3543 15
