2372 3704
186 291 261 321 412

184 371 298 408 Τοῦτο
310 369 338 406 δ’
352 369 482 421 ἱστορεῖ
497 367 673 420 Ἁρμόδιος
686 370 703 406 ὁ
718 367 921 420 Λεπρεάτης
934 367 968 404 ἐν
986 367 1035 418 τῷ
1051 364 1140 417 Περὶ
1155 365 1223 402 τῶν

185 428 275 466 κατὰ
293 426 488 479 Φιγάλειαν
505 426 674 477 νομίμων.

478 530 934 586 (ΚΩΜῼΔΟΥΜΕΝΑ.)

237 652 365 690 Schol.
384 653 576 701 Aristoph.
593 651 711 701 Vesp.
732 652 848 702 1239,
864 653 913 689 ad
926 654 1042 690 verba
1058 651 1229 702 Ἀδμήτου

183 708 306 761 λόγον]
322 723 331 749 2
350 709 422 748 Καί1
435 714 536 748 τοῦτο
553 709 644 762 ἀρχὴ
660 709 844 750 σκολίου...
862 710 1040 763 Ἁρμόδιος
1055 710 1092 748 δὲ
1111 712 1144 748 ἐν
1162 711 1232 754 τοῖς

185 767 486 820 Κωμῳδουμένοις
498 766 626 806 καὶτὸν
637 765 812 817 Ἄδμητον
825 768 1056 821 ἀναγέγραφε,
1068 768 1233 820 παραθεὶς

184 825 225 863 τὰ
245 830 303 873 τοῦ
325 826 499 879 Κρατίνου
529 828 568 864 ἐκ
589 825 793 879 Χειρώνων·
813 846 828 861 ιι
852 827 1090 879 Κλειταγόρας
1119 827 1232 880 ᾄδειν,

182 883 264 923 ὅταν
282 885 456 935 Ἀδμήτου
477 885 581 935 μέλος
601 886 706 937 αὐλῇ.
731 903 747 918 »

235 949 284 982 At
294 954 398 982 recte
410 975 420 994 ,
435 954 530 995 puto
542 973 551 991 ‚
565 945 790 982 Dindorfius
801 954 837 982 et
846 947 1053 983 Diibnerus
1069 960 1140 996 pro
1154 945 1229 997 Ἃρ·

181 1001 298 1051 μόδιος
305 1006 537 1052 scripserunt
544 1002 588 1042 ‘H
596 1003 737 1056 ρόδικος,
746 1005 805 1051 cuj
812 1018 854 1041 us
863 1003 1137 1056 Κωμῳδούμενα
1147 1007 1235 1043 citat

181 1065 392 1103 Athenaeus.
414 1062 664 1115 Ἀρτεμίδωρος
683 1065 849 1101 scribere
865 1067 987 1102 voluit
1001 1067 1202 1103 Dobraeus.

604 1167 821 1183 -aeuoav—

273 1262 508 1320 AELIUS
547 1263 1141 1323 HARPOCRATION.

233 1386 368 1422 Suidas
393 1404 399 1423 :
425 1385 685 1439 Ἁρποκρατίων
697 1417 706 1433 ,
727 1389 745 1425 ὁ
769 1387 888 1432 Αἴλιος
906 1389 1151 1441 χρηματίσας,
1175 1405 1232 1429 σο-

180 1443 316 1492 φιστής.
343 1443 506 1496 Ἔγραψε
537 1445 626 1497 Περὶ
652 1447 719 1483 τῶν
751 1447 943 1485 δοκούντων
973 1453 1042 1491 τοῖς
1068 1448 1230 1501 ῥήτορσιν

180 1505 393 1553 ἠγνοῆσθαι,
405 1503 464 1540 καὶ
479 1503 682 1547 εΥποθέσεις
695 1507 762 1543 τῶν
778 1506 890 1556 λόγων
905 1506 1105 1560 (Υπερίδου,
1125 1510 1158 1546 Π
1169 1523 1184 1545 ε
1195 1507 1232 1560 ρὶ

180 1564 254 1598 τοῦ
289 1563 587 1614 κατεψεῦσθαι
631 1562 704 1609 τὴν
744 1563 978 1615 Ἡροδότου
1016 1566 1234 1618 ἱστορίαν,

179 1619 268 1672 Περὶ
287 1622 356 1657 τῶν
373 1620 468 1671 παρὰ
489 1621 688 1673 Ξενοφῶντι
705 1620 835 1666 τάξεων
851 1651 862 1672 ,
884 1623 972 1675 Περὶ
989 1622 1114 1675 τέχνης
1134 1626 1232 1677 ῥητο-

181 1681 277 1729 ρικῆς
289 1708 299 1725 ,
315 1679 404 1730 Περὶ
419 1679 531 1719 ἰδεῶν.
550 1682 666 1716 AElius
680 1683 966 1730 Harpocration
977 1684 1232 1732 probabiliter

177 1738 280 1774 idem
293 1746 347 1774 est
363 1752 450 1774 cum
465 1739 556 1786 Cajo
574 1742 879 1788 Harpocratione
891 1770 901 1786 ,
918 1755 1031 1790 quem
1048 1743 1181 1779 Suidas
1195 1744 1234 1778 in

177 1799 490 1834 antecedentibus
506 1799 599 1834 dicit
615 1800 806 1848 scripsisse
824 1798 912 1850 Περὶ
928 1801 996 1837 τῶν
1012 1799 1234 1853 Ἀντιφῶντος

179 1855 374 1906 σχημάτων
387 1885 396 1903 ,
413 1855 502 1907 Περὶ
515 1858 584 1893 τῶν
602 1855 790 1908 Ὑπερίδου
807 1858 867 1895 καὶ
885 1857 1016 1896 Λυσίου
1027 1858 1139 1908 λόγων
1150 1888 1161 1906 ,
1174 1860 1233 1896 καὶ

183 1912 300 1964 ἕτερα.
322 1916 471 1951 Nomen
491 1917 658 1952 auctoris
677 1917 791 1953 fuerit
812 1919 928 1965 Cajtcs
945 1921 994 1954 AE
998 1920 1065 1954 lius
1083 1920 1233 1967 Harpo-

178 1977 339 2018 cration,
354 1975 410 2010 uti
425 1981 551 2010 censet
564 1975 767 2024 Kiessling.
782 1978 920 2023 Quaest.
934 1978 1050 2014 Attic.
1070 1979 1232 2026 Specim.

182 2032 277 2079 (Ciz.
303 2031 423 2082 1832)
444 2047 484 2081 p.
509 2034 572 2070 26.
595 2034 653 2072 Cf.
673 2036 909 2084 Bernhardy.
934 2036 982 2072 ad
1003 2037 1111 2074 Suid.

336 2119 602 2169 (HEGEMON
630 2123 1062 2163 ALEXANDRENSIS.
1078 2123 1087 2174 )

239 2197 369 2245 steph.
393 2199 483 2245 Byz.
514 2210 523 2235 τ
555 2195 842 2249 Ἀλεξανδρεία...
868 2199 1010 2251 δευτέρα
1040 2200 1114 2238 ἐστὶ
1139 2200 1237 2245 πόλις

182 2251 333 2304 Τροίας,
354 2255 388 2291 ἐν
407 2248 428 2304 ᾗ
445 2253 578 2305 ἐγένετο
596 2254 767 2306 Ἡγήμων
787 2257 964 2305 ἐποποιὸς,
982 2257 1017 2301 ὃς
1032 2258 1160 2312 ἔγραψε
1180 2260 1237 2298 τὸν

183 2312 398 2364 Λευκτρικὸν
412 2310 565 2362 πόλεμον
579 2316 647 2352 τῶν
665 2314 837 2362 Θηὸαίων
855 2316 916 2354 καὶ
932 2317 1233 2368 Λακεδαιμονίων.

239 2372 345 2407 Idem
364 2374 531 2409 carmine
547 2376 695 2423 scripsit
713 2377 950 2421 Dardanica,
976 2391 1058 2425 quae
1074 2391 1236 2415 comme·

182 2438 307 2465 morat
327 2432 464 2469 AElian.
484 2434 533 2470 11.
556 2436 631 2471 An.
653 2436 757 2479 VIII,
787 2449 847 2473 11.
877 2436 932 2475 Cf.
956 2439 1174 2476 Buttmann.
1197 2440 1236 2474 in

183 2489 395 2538 Mytholog.
415 2492 467 2535 ΙΙ,
488 2503 530 2538 p.
556 2491 647 2529 253.

603 2589 822 2604 —a-mQ—

265 2671 755 2729 HEGESANDER
793 2674 1147 2732 DELPHUS.

237 2795 520 2843 Hegesandrum
541 2797 732 2846 Delphum
749 2798 937 2846 scripsisse
961 2807 1048 2847 post
1066 2813 1224 2849 regnum

183 2854 380 2901 Antigonae
391 2855 545 2890 Gonatae
562 2855 572 2905 (
587 2868 743 2904 229-22
754 2869 767 2891 1
782 2855 794 2906 )
812 2857 933 2904 liquet
950 2871 994 2894 ex
1010 2859 1146 2907 fragm.
1169 2864 1231 2902 42.

181 2912 302 2947 Porro
320 2912 455 2960 fragm.
479 2914 525 2950 23
546 2927 590 2950 ex
609 2915 853 2963 Hegesandro
868 2918 1052 2953 nonnulla
1067 2918 1232 2953 afferun-

182 2976 244 3004 tur
263 2970 309 3006 de
326 2970 613 3018 Mnesiptolemo
631 2974 835 3020 historico,
853 2987 967 3022 quem
983 2977 1085 3025 apud
1103 2978 1232 3013 Antio-

183 3029 296 3064 chum
325 3031 504 3078 Magnum
530 3032 753 3079 (223-187)
774 3035 815 3069 in
841 3035 989 3072 honore
1018 3035 1131 3071 fuisse
1159 3037 1231 3071 sci-

186 3140 300 3171 Narrat
323 3139 383 3170 hoc
398 3139 587 3171 Harmodius
600 3142 768 3180 Lepreates
781 3140 813 3172 in
833 3141 914 3173 libro
931 3143 977 3173 De
995 3140 1226 3180 Pliigalensium

185 3190 346 3222 institutis.

518 3261 898 3302 COMMENTARH.

687 3336 720 3368 1.

228 3393 429 3434 Hegesander
452 3394 596 3434 Delphus
620 3394 652 3425 in
671 3395 937 3434 Commentariis,
954 3396 1007 3427 ubi
1024 3396 1063 3428 de
1088 3396 1141 3427 illa
1160 3396 1228 3427 Pla-

188 3446 269 3477 tonis
294 3446 446 3479 adversus
471 3455 582 3479 omnes
606 3446 829 3479 malevolentia
851 3448 1009 3489 disputat,
1039 3449 1135 3481 etiam
1167 3449 1227 3480 hoc

655 281 778 319 AELII
808 277 1274 327 HARPOCRATIONIS,
1307 277 1632 317 HEGESANDRI
1663 278 1856 317 DELPHI

1285 378 1379 403 muS.
1405 365 1673 414 Rhodophon,
1701 366 1768 414 qui
1797 366 1843 403 fr.
1873 379 1922 402 22
1952 374 2196 415 memoratur,
2215 377 2329 407 notus

1286 432 1340 461 est
1364 438 1409 462 ex
1426 426 1583 461 historia
1607 425 1698 461 belli
1720 425 1825 473 quod
1842 433 1975 462 contra
1992 427 2167 463 Perseum
2186 422 2331 477 gestum

1287 491 1353 521 est.
1377 483 1490 530 Quod
1510 483 1558 519 ad
1569 484 1711 519 seriora
1731 489 1904 531 tempora
1917 490 2020 519 certo
2035 483 2182 531 judicio
2197 486 2331 523 referri

1285 543 1415 590 possit,
1428 542 1596 590 reliquiae
1615 541 1741 577 Nostri
1766 542 1858 577 nihil
1881 542 2136 590 suppeditant.
2160 545 2332 582 Fortasse

1287 601 1401 648 igitur
1420 599 1499 647 jam
1525 600 1649 635 Persei
1667 600 1915 647 temporibus,
1933 601 1989 636 vel
2005 600 2104 638 haud
2131 603 2185 638 ita
2210 605 2331 640 multo

1285 665 1384 706 post,
1404 657 1647 705 IIegesander
1662 655 1835 693 floruerit
1853 656 1912 706 (⁴²).

1339 717 1582 763 Fragmenta,
1604 727 1685 763 quae
1701 715 1768 749 uni
1785 714 1965 751 debemus
1979 716 2158 752 Athenaeo
2173 744 2184 762 ,
2207 720 2332 756 onmia

1288 785 1332 809 ex
1349 773 1504 816 eodem,
1527 773 1584 807 uti
1601 772 1766 817 videtur,
1788 771 1978 810 fluxerunt
1994 786 2130 823 opere,
2152 776 2257 823 quod
2274 778 2331 813 in·

1287 831 1469 879 scriptum
1482 837 1564 865 erat
1575 826 1838 877 Ὑπομνήματα
1850 829 1861 878 (
1872 830 1918 866 fr.
1936 843 1969 868 1.
1981 844 2020 879 2.
2034 835 2071 875 4.
2090 836 2150 876 ¹4·
2165 845 2212 869 22
2221 834 2329 884 etc.).

1288 889 1449 936 Singulis
1461 888 1567 923 libris
1582 899 1691 923 suum
1707 887 1819 923 fuerit
1835 895 2110 936 argumentum.
2128 891 2230 937 Quot
2240 904 2332 928 vero

1288 948 1448 994 fuerint,
1469 953 1506 982 et
1525 958 1688 994 quanam
1705 946 1853 982 ratione
1873 947 2087 993 distributi,
2106 961 2262 998 prorsus
2280 951 2333 987 la-

1289 1013 1360 1051 tet3
1381 1017 1469 1040 nam
1488 1005 1602 1041 semel
1620 1011 1766 1040 tantum
1786 1006 1911 1053 operis
1931 1012 2034 1042 certa
2054 1007 2226 1055 quaedam
2244 1021 2334 1058 pars

1289 1063 1501 1100 accuratius
1519 1063 1723 1108 indicatur,
1746 1062 1879 1111 fragm.
1903 1076 1946 1109 2,
1975 1064 2043 1100 ubi
2067 1065 2197 1101 laudat
2214 1067 2334 1105 Athe-

1287 1134 1388 1157 naeus
1406 1121 1547 1156 librum
1566 1128 1711 1156 sextum
1722 1147 1732 1165 ‚
1752 1133 1829 1168 quo
1851 1129 1985 1158 contra
1998 1122 2247 1173 philosophos
2263 1136 2334 1161 au-

1290 1186 1375 1215 ctor
1390 1179 1598 1227 disputasse
1616 1178 1782 1217 videtur.
1806 1178 1959 1215 Initium
1980 1181 2074 1217 alius
2090 1182 2179 1218 libri
2198 1184 2336 1220 citatur

1290 1238 1336 1275 fr.
1353 1236 1414 1283 32,
1433 1237 1538 1285 quod
1548 1244 1604 1273 est
1619 1237 1667 1273 de
1674 1237 1834 1273 historia
1844 1240 1904 1275 τοῦ
1918 1237 2105 1277 κοττάὸου.
2115 1242 2160 1276 In
2167 1253 2213 1277 eo
2221 1242 2337 1291 igitur

1290 1296 1336 1332 de
1355 1297 1633 1345 symposiorum
1648 1296 1798 1332 ratione
1816 1308 2029 1334 sermonem
2045 1298 2157 1335 fuisse
2176 1311 2335 1336 consen-

1289 1362 1453 1391 taneum.
1481 1351 1698 1403 Ὑπόμνημα
1719 1352 1800 1405 περὶ
1821 1353 2031 1405 ἀνδριάντων
2047 1354 2107 1392 καὶ
2121 1355 2334 1406 ἀγαλμάτων

1287 1412 1404 1448 habes
1421 1413 1556 1462 fragm.
1575 1411 1639 1455 45.
1662 1413 1768 1448 Alius
1784 1413 1914 1449 titulus
1931 1414 2070 1450 excidit
2083 1415 2130 1453 fr.
2154 1416 2218 1462 46,
2236 1417 2303 1452 ubi
2322 1430 2332 1453 :

1288 1471 1323 1507 ἐν
1345 1470 1437 1522 (τῷ)
1459 1469 1547 1525 Περὶ
1562 1470 1602 1490 **
1616 1469 1857 1520 ὑπομνήματι.
1875 1473 2126 1520 Reliquorum
2144 1474 2335 1523 fragmen-

1289 1536 1416 1565 torum
1445 1536 1666 1578 argumenta
1698 1537 1786 1565 sunt
1819 1530 1866 1565 de
1889 1531 2059 1567 moribus
2084 1532 2273 1569 dissolutis
2298 1541 2336 1569 et

1290 1587 1455 1624 dicteriis
1473 1589 1711 1637 principum,
1726 1588 1983 1636 parasitorum
2001 1588 2070 1636 (fr.
2091 1590 2208 1638 2-10)
2223 1619 2234 1640 ,
2249 1604 2334 1627 mu·

1287 1647 1454 1682 sicorum
1466 1646 1498 1695 (1
1510 1645 1559 1695 1),
1571 1654 1771 1695 poetarum
1784 1644 1815 1695 (1
1825 1646 1876 1695 2),
1884 1647 2089 1683 mimorum
2099 1648 2335 1685 saltatorum-

1289 1717 1362 1752 que
1378 1703 1456 1754 (13)
1469 1732 1480 1750 ,
1495 1702 1681 1756 ὀψοφάγων
1699 1707 1846 1753 (14-17)
1862 1732 1872 1750 ,
1890 1703 2109 1757 ἷχθυοφάγων
2127 1705 2205 1755 (19)
2220 1733 2231 1752 ‚
2251 1705 2335 1750 ἐξοί·

1287 1775 1354 1798 νων
1375 1761 1520 1813 (2ο,2ι)
1538 1791 1548 1811 ,
1570 1762 1768 1813 ὑδροποτῶν
1790 1762 1860 1812 (fr.
1880 1767 1927 1806 24
1941 1762 1977 1812 );
2002 1764 2048 1804 de
2071 1765 2335 1802 meretricibus

1288 1828 1325 1856 et
1341 1833 1423 1868 quae
1435 1821 1510 1856 huc
1529 1822 1719 1870 pertinent
1739 1819 1890 1870 (25-29)
1905 1849 1915 1867 ,
1938 1821 1984 1857 de
2003 1822 2116 1858 rebus
2134 1822 2184 1859 ad
2203 1824 2334 1859 convi-

1287 1880 1437 1914 viorum
1463 1880 1607 1915 cultum
1633 1880 1890 1928 spectantibus
1912 1879 2082 1929 (3034),
2107 1881 2154 1917 de
2173 1883 2335 1930 piscium

1287 1938 1487 1986 generibus
1496 1939 1610 1973 variis
1626 1935 1787 1988 (35-40),
1801 1938 1847 1974 de
1866 1938 1947 1974 aliis
1961 1939 2145 1978 similibus
2162 1939 2196 1989 (4
2206 1940 2330 1991 1-44).

1287 1997 1342 2031 Ex
1362 1996 1420 2032 his
1441 1996 1472 2031 si
1501 1996 1547 2032 de
1566 1996 1695 2032 indole
1722 1997 1850 2046 operis*
1869 1997 2126 2045 conjecturam
2146 1998 2271 2035 facere
2288 2000 2334 2041 li-

1289 2061 1362 2100 cet,
1377 2054 1450 2101 maj
1456 2067 1500 2093 or
1514 2067 1603 2103 pars
1615 2052 1902 2104 Ὑπομνημάτων
1920 2064 2142 2105 argumento
2156 2056 2260 2094 haud
2273 2058 2334 2094 ab·

1287 2113 1415 2148 similis
1424 2113 1533 2149 fuisse
1540 2114 1692 2150 videtur
1699 2111 2050 2163 Ἀπομνημονεύμασι
2060 2123 2098 2151 et
2107 2113 2332 2158 Ἐπιστολαῖς

1288 2170 1523 2217 δειπνητικαῒς
1554 2173 1698 2220 Lyncei
1726 2173 1842 2212 Samii
1867 2179 1981 2220 atque
2008 2174 2335 2223 Deipnosophistis

1288 2231 1470 2268 Athenaei,
1483 2233 1700 2279 Vereorque
1711 2243 1758 2267 ne
1769 2238 1903 2267 contra
1915 2231 1968 2269 fas
1983 2231 2225 2281 Hegesandro
2237 2233 2334 2269 inter

1287 2289 1488 2325 historicos
1503 2290 1631 2326 locum
1647 2290 1972 2339 assignaverimus.

1709 2396 1916 2412 -οθθθν

1623 2467 1999 2506 ΥΠΟΜΝΗΜΑΤΑ.

1797 2563 1829 2586 1.

1342 2625 1539 2663 Athenaeus
1557 2625 1635 2670 XI,
1657 2637 1696 2673 p.
1717 2623 1806 2671 507,
1824 2627 1857 2661 A
1874 2637 1882 2659 z
1904 2621 2143 2675 Ἡγήσανδρος
2157 2621 2188 2659 δ’
2209 2623 2227 2658 ὁ
2244 2621 2331 2661 Δελ-

1289 2680 1349 2733 φὸς
1376 2681 1410 2718 ἓν
1440 2683 1510 2725 τοῖς
1541 2680 1810 2731 Ὑπομνήμασι,
1831 2681 1910 2732 περὶ
1930 2683 1992 2728 τῆς
2018 2679 2101 2732 πρὸς
2124 2678 2254 2723 πάντας
2271 2682 2331 2718 τοῦ

1290 2738 1478 2782 Πλάτωνος
1489 2738 1695 2786 κακοηθείας
1708 2738 1830 2790 λέγων,
1847 2738 1971 2790 γράφει
1985 2738 2044 2776 καὶ
2056 2741 2166 2776 ταῦτα
2178 2753 2186 2761 ·
2198 2755 2215 2770 α
2230 2736 2331 2776 Μετὰ

1289 2795 1351 2842 τὴν
1371 2796 1580 2848 Σωκράτους
1598 2795 1760 2842 τελευτὴν
1778 2796 1836 2833 ἐπὶ
1855 2798 1972 2833 πλεῖον
1992 2797 2061 2832 τῶν
2078 2793 2233 2840 συνήθων
2249 2795 2330 2832 ἀθυ-

1289 2853 1458 2903 μούντων,
1479 2853 1513 2891 ἕν
1533 2869 1598 2891 τινι
1625 2854 1789 2906 συνουσίᾳ
1809 2853 1960 2893 Πλάτων
1980 2850 2188 2904 συμπαρὼν,
2210 2850 2328 2889 λαὸὼν

1332 2946 1372 2986 (Ἴ
1395 2945 1590 2985 Droysenius
1604 2946 1737 2978 Hellen.
1758 2947 1804 2984 ll,
1818 2953 1848 2984 p.
1866 2947 1926 2976 223
1941 2943 1981 2976 de
1997 2942 2198 2984 Hegesandro
2218 2943 2328 2976 laudat

1288 2992 1443 3032 scriptum
1459 2991 1584 3032 Koepkii
1602 2993 1647 3023 De
1662 2991 1865 3031 hypomnem.
1880 2999 1973 3031 groec.
1990 2998 2021 3030 p.
2035 2993 2085 3022 20.
2102 2993 2172 3028 Quo
2185 2989 2267 3021 libro
2279 2990 2328 3021 uti

1288 3048 1352 3070 non
1368 3038 1466 3070 licuit.

1286 3138 1411 3178 scripsit
1425 3150 1432 3168 ι
1449 3150 1465 3165 α
1483 3138 1557 3169 Post
1570 3137 1706 3169 Socratis
1719 3145 1736 3168 e
1749 3136 1831 3167 vivis
1840 3135 2031 3174 discessum,
2045 3143 2145 3175 quum
2161 3133 2331 3166 familiares
2367 3139 2369 3142 ⁴

1287 3189 1354 3229 ejus
1372 3189 1404 3220 in
1434 3188 1582 3220 convivio
1605 3187 1744 3228 quodam
1763 3187 1868 3219 tristes
1884 3186 2059 3218 admodum
2087 3187 2212 3224 essent,
2238 3185 2329 3217 Plato

1288 3249 1371 3272 unus
1387 3249 1404 3272 e
1419 3239 1579 3279 convivis,
1594 3240 1721 3279 sumpto
1734 3239 1849 3279 poculo
1861 3263 1870 3278 ‚
1885 3238 2031 3270 hortatus
2046 3245 2100 3269 eos
2115 3238 2175 3277 est,
2193 3245 2235 3268 ne
2251 3238 2328 3268 ani-

1288 3300 1382 3323 mum
1396 3289 1644 3331 desponderent
1652 3301 1664 3329 ;
1685 3298 1720 3321 se
1745 3291 1835 3322 enim
1852 3289 2012 3321 idoneum
2034 3296 2104 3320 esse
2123 3289 2183 3328 qui
2203 3287 2328 3319 scholoe

1287 3345 1446 3384 proeesset
1467 3354 1478 3375 :
1503 3345 1601 3383 atque
1626 3343 1668 3374 ita
1694 3341 1874 3382 propinavit
1893 3341 2043 3381 poculum
2060 3339 2262 3380 Apollodoro.
2289 3340 2329 3370 At

1289 3396 1360 3434 ille,
1379 3394 1553 3426 lubentius
1566 3402 1601 3425 se
1618 3402 1640 3425 a
1653 3395 1790 3425 Socrate
1812 3394 1931 3424 veneni-
1952 3392 2095 3424 calicem
2107 3390 2221 3431 fuisse
2236 3398 2328 3421 acce-

1287 3449 1445 3488 pturum,
1459 3447 1514 3487 ait,
1523 3454 1627 3488 quam
1639 3448 1741 3478 iscam
1750 3454 1771 3478 α
1782 3445 1923 3478 Platone
1932 3445 2184 3476 invitationem.
2195 3441 2328 3473 Videtur
