<?xml version="1.0" encoding="UTF-8"?>
<!DOCTYPE html PUBLIC "-//W3C//DTD XHTML 1.0 Transitional//EN"
    "http://www.w3.org/TR/xhtml1/DTD/xhtml1-transitional.dtd">
<html xmlns="http://www.w3.org/1999/xhtml" xml:lang="en" lang="en">
 <head>
  <title>
</title>
<meta http-equiv="Content-Type" content="text/html;charset=utf-8" />
  <meta name='ocr-system' content='tesseract 3.04.00' />
  <meta name='ocr-capabilities' content='ocr_page ocr_carea ocr_par ocr_line ocrx_word'/>
</head>
<body>
  <div class='ocr_page' id='page_1' title='image "./fragmentahistori04mueluoft_0590.png"; bbox 0 0 2372 3704; ppageno 0'>
   <div class='ocr_carea' id='block_1_1' title="bbox 154 218 228 250">
    <p class='ocr_par' dir='ltr' id='par_1_1' title="bbox 154 218 228 250">
     <span class='ocr_line' id='line_1_1' title="bbox 154 218 228 250; baseline 0 -1"><span class='ocrx_word' id='word_1_1' title='bbox 154 218 228 250; x_wconf 83' lang='lat'>578</span> 
     </span>
    </p>
   </div>
   <div class='ocr_carea' id='block_1_2' title="bbox 147 294 1187 406">
    <p class='ocr_par' dir='ltr' id='par_1_2' title="bbox 147 294 1187 406">
     <span class='ocr_line' id='line_1_2' title="bbox 147 294 1187 348; baseline 0 -14"><span class='ocrx_word' id='word_1_2' title='bbox 147 299 214 334; x_wconf 84' lang='grc' dir='ltr'>τῶν</span> <span class='ocrx_word' id='word_1_3' title='bbox 245 298 449 348; x_wconf 83' lang='grc' dir='ltr'>στρατηγῶν</span> <span class='ocrx_word' id='word_1_4' title='bbox 471 297 762 342; x_wconf 80' lang='grc' dir='ltr'>Οὐεσπασιανοῦ,</span> <span class='ocrx_word' id='word_1_5' title='bbox 794 294 1093 346; x_wconf 84' lang='grc' dir='ltr'>μεταποιουμένου</span> <span class='ocrx_word' id='word_1_6' title='bbox 1125 297 1187 342; x_wconf 74' lang='grc' dir='ltr'>τῆς</span> 
     </span>
     <span class='ocr_line' id='line_1_3' title="bbox 149 353 748 406; baseline 0.002 -14"><span class='ocrx_word' id='word_1_7' title='bbox 149 354 325 406; x_wconf 81' lang='grc' dir='ltr'>βασιλείας</span> <span class='ocrx_word' id='word_1_8' title='bbox 338 355 406 402; x_wconf 84' lang='grc' dir='ltr'>ἤδη</span> <span class='ocrx_word' id='word_1_9' title='bbox 415 384 425 402; x_wconf 84' lang='grc'>,</span> <span class='ocrx_word' id='word_1_10' title='bbox 445 353 748 405; x_wconf 87' lang='grc' dir='ltr'>κατακτείνεται.]</span> 
     </span>
    </p>
   </div>
   <div class='ocr_carea' id='block_1_3' title="bbox 634 442 698 491">
    <p class='ocr_par' dir='ltr' id='par_1_3' title="bbox 634 442 698 491">
     <span class='ocr_line' id='line_1_4' title="bbox 634 442 698 491; baseline 0.016 -12"><span class='ocrx_word' id='word_1_11' title='bbox 634 442 698 491; x_wconf 84' lang='grc'>98.</span> 
     </span>
    </p>
   </div>
   <div class='ocr_carea' id='block_1_4' title="bbox 147 519 1202 1625">
    <p class='ocr_par' dir='ltr' id='par_1_4' title="bbox 147 519 1202 1625">
     <span class='ocr_line' id='line_1_5' title="bbox 199 519 1188 573; baseline -0.001 -14"><span class='ocrx_word' id='word_1_12' title='bbox 199 524 290 561; x_wconf 83' lang='lat' dir='ltr'><em>Exc.</em></span> <span class='ocrx_word' id='word_1_13' title='bbox 307 525 364 560; x_wconf 84' lang='lat' dir='ltr'><em>De</em></span> <span class='ocrx_word' id='word_1_14' title='bbox 383 524 454 561; x_wconf 89' lang='lat' dir='ltr'><em>ins.</em></span> <span class='ocrx_word' id='word_1_15' title='bbox 479 536 520 572; x_wconf 87' lang='lat' dir='ltr'>p.</span> <span class='ocrx_word' id='word_1_16' title='bbox 551 523 599 560; x_wconf 76' lang='lat'>26</span> <span class='ocrx_word' id='word_1_17' title='bbox 624 537 632 558; x_wconf 92' lang='lat'>:</span> <span class='ocrx_word' id='word_1_18' title='bbox 654 519 745 561; x_wconf 71' lang='lat' dir='ltr'>“On</span> <span class='ocrx_word' id='word_1_19' title='bbox 774 521 950 564; x_wconf 87' lang='grc' dir='ltr'>Βιτέλλιος</span> <span class='ocrx_word' id='word_1_20' title='bbox 973 520 1188 573; x_wconf 83' lang='grc' dir='ltr'>βασιλεύσας</span> 
     </span>
     <span class='ocr_line' id='line_1_6' title="bbox 149 579 1191 632; baseline -0.003 -13"><span class='ocrx_word' id='word_1_21' title='bbox 149 583 266 624; x_wconf 85' lang='grc' dir='ltr'>κακῶς</span> <span class='ocrx_word' id='word_1_22' title='bbox 282 580 341 619; x_wconf 86' lang='grc' dir='ltr'>καὶ</span> <span class='ocrx_word' id='word_1_23' title='bbox 369 582 540 632; x_wconf 82' lang='grc' dir='ltr'>αἰσχρῶς,</span> <span class='ocrx_word' id='word_1_24' title='bbox 556 583 624 618; x_wconf 88' lang='grc' dir='ltr'>τῶν</span> <span class='ocrx_word' id='word_1_25' title='bbox 651 579 830 619; x_wconf 80' lang='grc' dir='ltr'>Ἰουδαίων</span> <span class='ocrx_word' id='word_1_26' title='bbox 849 580 1059 632; x_wconf 81' lang='grc' dir='ltr'>νεωτερίζειν</span> <span class='ocrx_word' id='word_1_27' title='bbox 1087 579 1191 632; x_wconf 83' lang='grc' dir='ltr'>ἀρξα-</span> 
     </span>
     <span class='ocr_line' id='line_1_7' title="bbox 149 636 1192 692; baseline -0.005 -13"><span class='ocrx_word' id='word_1_28' title='bbox 149 640 262 692; x_wconf 81' lang='grc' dir='ltr'>μένων</span> <span class='ocrx_word' id='word_1_29' title='bbox 274 669 285 691; x_wconf 86' lang='lat'>,</span> <span class='ocrx_word' id='word_1_30' title='bbox 309 639 552 678; x_wconf 77' lang='grc' dir='ltr'>Βεσπασιανὸν</span> <span class='ocrx_word' id='word_1_31' title='bbox 572 639 765 692; x_wconf 77' lang='grc' dir='ltr'>στρατηγὸν</span> <span class='ocrx_word' id='word_1_32' title='bbox 780 638 950 688; x_wconf 80' lang='grc' dir='ltr'>ἐκπέμπει</span> <span class='ocrx_word' id='word_1_33' title='bbox 969 641 1029 684; x_wconf 76' lang='grc' dir='ltr'>τῆς</span> <span class='ocrx_word' id='word_1_34' title='bbox 1046 637 1111 684; x_wconf 77' lang='grc' dir='ltr'>ἔω,</span> <span class='ocrx_word' id='word_1_35' title='bbox 1131 636 1192 684; x_wconf 83' lang='grc' dir='ltr'>τὴν</span> 
     </span>
     <span class='ocr_line' id='line_1_8' title="bbox 149 690 1192 751; baseline -0.003 -14"><span class='ocrx_word' id='word_1_36' title='bbox 149 699 278 738; x_wconf 89' lang='grc' dir='ltr'>τούτων</span> <span class='ocrx_word' id='word_1_37' title='bbox 303 697 470 743; x_wconf 86' lang='grc' dir='ltr'>κελεύσας</span> <span class='ocrx_word' id='word_1_38' title='bbox 489 700 584 751; x_wconf 82' lang='grc' dir='ltr'>αὐτῷ</span> <span class='ocrx_word' id='word_1_39' title='bbox 603 699 799 736; x_wconf 89' lang='grc' dir='ltr'>καταλῦσαι</span> <span class='ocrx_word' id='word_1_40' title='bbox 816 696 1026 749; x_wconf 86' lang='grc' dir='ltr'>θρασύτητα.</span> <span class='ocrx_word' id='word_1_41' title='bbox 1054 696 1115 740; x_wconf 86' lang='grc' dir='ltr'>Ὡς</span> <span class='ocrx_word' id='word_1_42' title='bbox 1135 690 1192 734; x_wconf 73' lang='grc' dir='ltr'>οῧν</span> 
     </span>
     <span class='ocr_line' id='line_1_9' title="bbox 147 754 1193 810; baseline -0.004 -14"><span class='ocrx_word' id='word_1_43' title='bbox 147 757 344 810; x_wconf 80' lang='grc' dir='ltr'>ἐπολιόρκει</span> <span class='ocrx_word' id='word_1_44' title='bbox 359 756 421 804; x_wconf 73' lang='grc' dir='ltr'>τὴν</span> <span class='ocrx_word' id='word_1_45' title='bbox 440 755 674 810; x_wconf 78' lang='grc' dir='ltr'>Ἰερουσαλὴμ</span> <span class='ocrx_word' id='word_1_46' title='bbox 685 785 695 803; x_wconf 90' lang='grc'>,</span> <span class='ocrx_word' id='word_1_47' title='bbox 713 757 744 793; x_wconf 82' lang='grc' dir='ltr'>οἱ</span> <span class='ocrx_word' id='word_1_48' title='bbox 765 757 977 808; x_wconf 89' lang='grc' dir='ltr'>στρατιῶται</span> <span class='ocrx_word' id='word_1_49' title='bbox 993 754 1074 806; x_wconf 67' lang='grc' dir='ltr'>περὶ</span> <span class='ocrx_word' id='word_1_50' title='bbox 1091 754 1193 792; x_wconf 78' lang='grc' dir='ltr'>αὐτὸν</span> 
     </span>
     <span class='ocr_line' id='line_1_10' title="bbox 152 811 1194 868; baseline -0.003 -15"><span class='ocrx_word' id='word_1_51' title='bbox 152 814 404 868; x_wconf 82' lang='grc' dir='ltr'>ἀθροισθέντες,</span> <span class='ocrx_word' id='word_1_52' title='bbox 431 814 697 867; x_wconf 85' lang='grc' dir='ltr'>ἀναγορεύουσιν</span> <span class='ocrx_word' id='word_1_53' title='bbox 727 813 830 851; x_wconf 77' lang='grc' dir='ltr'>αὐτὸν</span> <span class='ocrx_word' id='word_1_54' title='bbox 857 812 1018 865; x_wconf 87' lang='grc' dir='ltr'>βασιλέα.</span> <span class='ocrx_word' id='word_1_55' title='bbox 1075 811 1194 864; x_wconf 68' lang='grc' dir='ltr'>εὈπερ</span> 
     </span>
     <span class='ocr_line' id='line_1_11' title="bbox 151 871 1194 924; baseline -0.002 -13"><span class='ocrx_word' id='word_1_56' title='bbox 151 873 312 920; x_wconf 84' lang='grc' dir='ltr'>ἀκηκοὼς</span> <span class='ocrx_word' id='word_1_57' title='bbox 325 872 505 916; x_wconf 85' lang='grc' dir='ltr'>Βιτέλλιος</span> <span class='ocrx_word' id='word_1_58' title='bbox 517 903 528 924; x_wconf 90' lang='grc'>,</span> <span class='ocrx_word' id='word_1_59' title='bbox 547 872 698 912; x_wconf 74' lang='grc' dir='ltr'>Σαὸἵνον</span> <span class='ocrx_word' id='word_1_60' title='bbox 712 872 768 909; x_wconf 84' lang='grc' dir='ltr'>τὸν</span> <span class='ocrx_word' id='word_1_61' title='bbox 787 871 933 923; x_wconf 78' lang='grc' dir='ltr'>ἀδελφὸν</span> <span class='ocrx_word' id='word_1_62' title='bbox 951 874 1194 910; x_wconf 81' lang='grc' dir='ltr'>Βεσπασιανοῦ</span> 
     </span>
     <span class='ocr_line' id='line_1_12' title="bbox 152 929 1191 984; baseline -0.003 -14"><span class='ocrx_word' id='word_1_63' title='bbox 152 934 186 970; x_wconf 86' lang='grc' dir='ltr'>ἐν</span> <span class='ocrx_word' id='word_1_64' title='bbox 203 934 254 984; x_wconf 81' lang='grc' dir='ltr'>τῷ</span> <span class='ocrx_word' id='word_1_65' title='bbox 269 931 485 984; x_wconf 83' lang='grc' dir='ltr'>Καπιτωλίῳ</span> <span class='ocrx_word' id='word_1_66' title='bbox 496 930 739 983; x_wconf 76' lang='grc' dir='ltr'>προσφυγόντα</span> <span class='ocrx_word' id='word_1_67' title='bbox 757 929 1023 982; x_wconf 83' lang='grc' dir='ltr'>συγκατέπρησε</span> <span class='ocrx_word' id='word_1_68' title='bbox 1034 932 1084 983; x_wconf 77' lang='grc' dir='ltr'>τῷ</span> <span class='ocrx_word' id='word_1_69' title='bbox 1097 931 1191 982; x_wconf 80' lang='grc' dir='ltr'>ἱερῷ.</span> 
     </span>
     <span class='ocr_line' id='line_1_13' title="bbox 155 987 1196 1040; baseline -0.004 -11"><span class='ocrx_word' id='word_1_70' title='bbox 155 990 332 1036; x_wconf 86' lang='grc' dir='ltr'>Κινήσεως</span> <span class='ocrx_word' id='word_1_71' title='bbox 353 989 388 1028; x_wconf 87' lang='grc' dir='ltr'>δὲ</span> <span class='ocrx_word' id='word_1_72' title='bbox 406 991 559 1028; x_wconf 80' lang='grc' dir='ltr'>ἐντεῦθεν</span> <span class='ocrx_word' id='word_1_73' title='bbox 581 989 745 1039; x_wconf 78' lang='grc' dir='ltr'>μεγίστης</span> <span class='ocrx_word' id='word_1_74' title='bbox 764 987 969 1040; x_wconf 87' lang='grc' dir='ltr'>γενομένης,</span> <span class='ocrx_word' id='word_1_75' title='bbox 997 987 1116 1034; x_wconf 85' lang='grc' dir='ltr'>ἐπειδὴ</span> <span class='ocrx_word' id='word_1_76' title='bbox 1136 988 1196 1026; x_wconf 84' lang='grc' dir='ltr'>καὶ</span> 
     </span>
     <span class='ocr_line' id='line_1_14' title="bbox 153 1047 1195 1099; baseline -0.002 -13"><span class='ocrx_word' id='word_1_77' title='bbox 153 1051 171 1086; x_wconf 82' lang='grc' dir='ltr'>ὁ</span> <span class='ocrx_word' id='word_1_78' title='bbox 186 1051 428 1088; x_wconf 84' lang='grc' dir='ltr'>Βεσπασιανοῦ</span> <span class='ocrx_word' id='word_1_79' title='bbox 451 1047 595 1099; x_wconf 84' lang='grc' dir='ltr'>στρατὸς</span> <span class='ocrx_word' id='word_1_80' title='bbox 611 1047 755 1097; x_wconf 79' lang='grc' dir='ltr'>ἐγγίζειν</span> <span class='ocrx_word' id='word_1_81' title='bbox 777 1047 898 1097; x_wconf 87' lang='grc' dir='ltr'>ἔμελλε</span> <span class='ocrx_word' id='word_1_82' title='bbox 917 1049 959 1097; x_wconf 78' lang='grc' dir='ltr'>τῇ</span> <span class='ocrx_word' id='word_1_83' title='bbox 975 1048 1092 1094; x_wconf 87' lang='grc' dir='ltr'>πόλει,</span> <span class='ocrx_word' id='word_1_84' title='bbox 1113 1062 1195 1084; x_wconf 89' lang='grc' dir='ltr'>συν-</span> 
     </span>
     <span class='ocr_line' id='line_1_15' title="bbox 153 1104 1197 1159; baseline -0.002 -14"><span class='ocrx_word' id='word_1_85' title='bbox 153 1107 341 1159; x_wconf 84' lang='grc' dir='ltr'>δραμόντες</span> <span class='ocrx_word' id='word_1_86' title='bbox 358 1107 508 1150; x_wconf 85' lang='grc' dir='ltr'>ἅπαντες</span> <span class='ocrx_word' id='word_1_87' title='bbox 532 1110 696 1158; x_wconf 79' lang='grc' dir='ltr'>κρατοῦσι</span> <span class='ocrx_word' id='word_1_88' title='bbox 712 1105 771 1144; x_wconf 82' lang='grc' dir='ltr'>τὸν</span> <span class='ocrx_word' id='word_1_89' title='bbox 790 1105 988 1152; x_wconf 84' lang='grc' dir='ltr'>Βιτέλλιον,</span> <span class='ocrx_word' id='word_1_90' title='bbox 1009 1104 1070 1143; x_wconf 86' lang='grc' dir='ltr'>καὶ</span> <span class='ocrx_word' id='word_1_91' title='bbox 1089 1121 1197 1158; x_wconf 89' lang='grc' dir='ltr'>προσ-</span> 
     </span>
     <span class='ocr_line' id='line_1_16' title="bbox 156 1162 1199 1217; baseline -0.003 -13"><span class='ocrx_word' id='word_1_92' title='bbox 156 1166 281 1217; x_wconf 82' lang='grc' dir='ltr'>άγουσι</span> <span class='ocrx_word' id='word_1_93' title='bbox 301 1165 371 1209; x_wconf 81' lang='grc' dir='ltr'>τοῖς</span> <span class='ocrx_word' id='word_1_94' title='bbox 390 1167 636 1203; x_wconf 88' lang='grc' dir='ltr'>Βεσπασιανοῦ</span> <span class='ocrx_word' id='word_1_95' title='bbox 663 1163 911 1216; x_wconf 81' lang='grc' dir='ltr'>στρατιώταις,</span> <span class='ocrx_word' id='word_1_96' title='bbox 936 1163 997 1202; x_wconf 84' lang='grc' dir='ltr'>καὶ</span> <span class='ocrx_word' id='word_1_97' title='bbox 1029 1162 1199 1216; x_wconf 88' lang='grc' dir='ltr'>κατακρί-</span> 
     </span>
     <span class='ocr_line' id='line_1_17' title="bbox 154 1222 1198 1275; baseline -0.002 -13"><span class='ocrx_word' id='word_1_98' title='bbox 154 1240 266 1262; x_wconf 90' lang='grc' dir='ltr'>νουσιν</span> <span class='ocrx_word' id='word_1_99' title='bbox 290 1223 393 1262; x_wconf 83' lang='grc' dir='ltr'>αὖτὸν</span> <span class='ocrx_word' id='word_1_100' title='bbox 413 1226 574 1270; x_wconf 74' lang='grc' dir='ltr'>τελευτῆς</span> <span class='ocrx_word' id='word_1_101' title='bbox 593 1222 792 1275; x_wconf 73' lang='grc' dir='ltr'>ἀσχήμονος</span> <span class='ocrx_word' id='word_1_102' title='bbox 804 1252 814 1269; x_wconf 92' lang='grc'>,</span> <span class='ocrx_word' id='word_1_103' title='bbox 832 1226 894 1270; x_wconf 69' lang='grc' dir='ltr'>τῆς</span> <span class='ocrx_word' id='word_1_104' title='bbox 917 1222 975 1260; x_wconf 75' lang='grc' dir='ltr'>ἐπὶ</span> <span class='ocrx_word' id='word_1_105' title='bbox 993 1223 1043 1275; x_wconf 79' lang='grc' dir='ltr'>τῷ</span> <span class='ocrx_word' id='word_1_106' title='bbox 1064 1222 1198 1275; x_wconf 81' lang='grc' dir='ltr'>Νέρωνι</span> 
     </span>
     <span class='ocr_line' id='line_1_18' title="bbox 156 1280 1200 1335; baseline 0 -15"><span class='ocrx_word' id='word_1_107' title='bbox 156 1282 278 1335; x_wconf 86' lang='grc' dir='ltr'>πρώην</span> <span class='ocrx_word' id='word_1_108' title='bbox 294 1281 543 1334; x_wconf 82' lang='grc' dir='ltr'>ἐψηφισμένης.</span> <span class='ocrx_word' id='word_1_109' title='bbox 566 1282 744 1329; x_wconf 83' lang='grc' dir='ltr'>Εἱλκύσθη</span> <span class='ocrx_word' id='word_1_110' title='bbox 765 1280 833 1333; x_wconf 83' lang='grc' dir='ltr'>γὰρ</span> <span class='ocrx_word' id='word_1_111' title='bbox 854 1280 910 1319; x_wconf 80' lang='grc' dir='ltr'>διὰ</span> <span class='ocrx_word' id='word_1_112' title='bbox 927 1281 1042 1327; x_wconf 86' lang='grc' dir='ltr'>πάσης</span> <span class='ocrx_word' id='word_1_113' title='bbox 1060 1284 1121 1328; x_wconf 76' lang='grc' dir='ltr'>τῆς</span> <span class='ocrx_word' id='word_1_114' title='bbox 1139 1281 1200 1320; x_wconf 86' lang='grc' dir='ltr'>πό-</span> 
     </span>
     <span class='ocr_line' id='line_1_19' title="bbox 155 1338 1199 1392; baseline -0.002 -13"><span class='ocrx_word' id='word_1_115' title='bbox 155 1343 242 1385; x_wconf 88' lang='grc' dir='ltr'>λεως</span> <span class='ocrx_word' id='word_1_116' title='bbox 271 1341 399 1392; x_wconf 85' lang='grc' dir='ltr'>γυμνὸς</span> <span class='ocrx_word' id='word_1_117' title='bbox 426 1340 638 1390; x_wconf 84' lang='grc' dir='ltr'>ἐσθήματος,</span> <span class='ocrx_word' id='word_1_118' title='bbox 671 1339 901 1390; x_wconf 80' lang='grc' dir='ltr'>ἀνελκομένου</span> <span class='ocrx_word' id='word_1_119' title='bbox 924 1338 986 1390; x_wconf 84' lang='grc' dir='ltr'>μὲν</span> <span class='ocrx_word' id='word_1_120' title='bbox 1016 1341 1110 1392; x_wconf 74' lang='grc' dir='ltr'>αὐτῷ</span> <span class='ocrx_word' id='word_1_121' title='bbox 1138 1343 1199 1377; x_wconf 90' lang='grc' dir='ltr'>τοῦ</span> 
     </span>
     <span class='ocr_line' id='line_1_20' title="bbox 157 1398 1200 1452; baseline -0.002 -14"><span class='ocrx_word' id='word_1_122' title='bbox 157 1400 298 1452; x_wconf 84' lang='grc' dir='ltr'>κρανίου</span> <span class='ocrx_word' id='word_1_123' title='bbox 321 1399 377 1438; x_wconf 82' lang='grc' dir='ltr'>διὰ</span> <span class='ocrx_word' id='word_1_124' title='bbox 394 1403 453 1446; x_wconf 68' lang='grc' dir='ltr'>τῆς</span> <span class='ocrx_word' id='word_1_125' title='bbox 472 1399 606 1449; x_wconf 84' lang='grc' dir='ltr'>κόμης,</span> <span class='ocrx_word' id='word_1_126' title='bbox 629 1403 691 1438; x_wconf 87' lang='grc' dir='ltr'>τοῦ</span> <span class='ocrx_word' id='word_1_127' title='bbox 722 1399 756 1437; x_wconf 81' lang='grc' dir='ltr'>δὲ</span> <span class='ocrx_word' id='word_1_128' title='bbox 778 1399 889 1452; x_wconf 83' lang='grc' dir='ltr'>ξίφους</span> <span class='ocrx_word' id='word_1_129' title='bbox 916 1398 1200 1448; x_wconf 67' lang='grc' dir='ltr'>ὑποὸεὸλημένου</span> 
     </span>
     <span class='ocr_line' id='line_1_21' title="bbox 160 1456 1200 1510; baseline -0.001 -15"><span class='ocrx_word' id='word_1_130' title='bbox 160 1461 209 1510; x_wconf 79' lang='grc' dir='ltr'>τῷ</span> <span class='ocrx_word' id='word_1_131' title='bbox 229 1459 411 1509; x_wconf 78' lang='grc' dir='ltr'>ἀνθερεῶνι</span> <span class='ocrx_word' id='word_1_132' title='bbox 423 1487 432 1505; x_wconf 93' lang='grc'>,</span> <span class='ocrx_word' id='word_1_133' title='bbox 452 1457 662 1509; x_wconf 84' lang='grc' dir='ltr'>βαλλόμενος</span> <span class='ocrx_word' id='word_1_134' title='bbox 683 1457 749 1495; x_wconf 75' lang='grc' dir='ltr'>ὑπὸ</span> <span class='ocrx_word' id='word_1_135' title='bbox 768 1459 836 1495; x_wconf 88' lang='grc' dir='ltr'>τῶν</span> <span class='ocrx_word' id='word_1_136' title='bbox 855 1456 1200 1508; x_wconf 77' lang='grc' dir='ltr'>προστυγχανόντων,</span> 
     </span>
     <span class='ocr_line' id='line_1_22' title="bbox 157 1514 1202 1567; baseline 0 -13"><span class='ocrx_word' id='word_1_137' title='bbox 157 1516 253 1560; x_wconf 81' lang='grc' dir='ltr'>τέλος</span> <span class='ocrx_word' id='word_1_138' title='bbox 280 1515 478 1566; x_wconf 84' lang='grc' dir='ltr'>διατμηθεὶς</span> <span class='ocrx_word' id='word_1_139' title='bbox 506 1515 563 1554; x_wconf 79' lang='grc' dir='ltr'>τὸν</span> <span class='ocrx_word' id='word_1_140' title='bbox 593 1515 718 1566; x_wconf 80' lang='grc' dir='ltr'>λαιμὸν</span> <span class='ocrx_word' id='word_1_141' title='bbox 747 1514 914 1562; x_wconf 73' lang='grc' dir='ltr'>ἐνεὸλήθη</span> <span class='ocrx_word' id='word_1_142' title='bbox 947 1517 997 1567; x_wconf 86' lang='grc' dir='ltr'>τῷ</span> <span class='ocrx_word' id='word_1_143' title='bbox 1027 1514 1202 1567; x_wconf 62' lang='grc' dir='ltr'>Θύῧριδι,</span> 
     </span>
     <span class='ocr_line' id='line_1_23' title="bbox 159 1573 640 1625; baseline -0.002 -13"><span class='ocrx_word' id='word_1_144' title='bbox 159 1573 304 1625; x_wconf 66' lang='grc' dir='ltr'>ἴόδομον</span> <span class='ocrx_word' id='word_1_145' title='bbox 324 1576 383 1613; x_wconf 83' lang='grc' dir='ltr'>καὶ</span> <span class='ocrx_word' id='word_1_146' title='bbox 401 1573 426 1612; x_wconf 83' lang='grc' dir='ltr'>ν’</span> <span class='ocrx_word' id='word_1_147' title='bbox 445 1573 516 1617; x_wconf 87' lang='grc' dir='ltr'>ἔτος</span> <span class='ocrx_word' id='word_1_148' title='bbox 533 1573 640 1624; x_wconf 85' lang='grc' dir='ltr'>ἄγων.</span> 
     </span>
    </p>
   </div>
   <div class='ocr_carea' id='block_1_5' title="bbox 496 1672 869 1711">
    <p class='ocr_par' dir='ltr' id='par_1_5' title="bbox 496 1672 869 1711">
     <span class='ocr_line' id='line_1_24' title="bbox 496 1672 869 1711; baseline 0.003 -1"><span class='ocrx_word' id='word_1_149' title='bbox 496 1672 869 1711; x_wconf 72' lang='grc' dir='ltr'>ΒΕΣΠΑΣῘΑΝΟΣ.</span> 
     </span>
    </p>
   </div>
   <div class='ocr_carea' id='block_1_6' title="bbox 649 1780 711 1816">
    <p class='ocr_par' dir='ltr' id='par_1_6' title="bbox 649 1780 711 1816">
     <span class='ocr_line' id='line_1_25' title="bbox 649 1780 711 1816; baseline 0 0"><span class='ocrx_word' id='word_1_150' title='bbox 649 1780 711 1816; x_wconf 84' lang='grc'>99·</span> 
     </span>
    </p>
   </div>
   <div class='ocr_carea' id='block_1_7' title="bbox 161 1845 1207 2364">
    <p class='ocr_par' dir='ltr' id='par_1_7' title="bbox 161 1845 1207 2364">
     <span class='ocr_line' id='line_1_26' title="bbox 213 1845 1204 1896; baseline 0 -12"><span class='ocrx_word' id='word_1_151' title='bbox 213 1850 305 1886; x_wconf 80' lang='lat' dir='ltr'><em>Exc.</em></span> <span class='ocrx_word' id='word_1_152' title='bbox 324 1850 381 1884; x_wconf 83' lang='lat' dir='ltr'><em>De</em></span> <span class='ocrx_word' id='word_1_153' title='bbox 401 1849 491 1884; x_wconf 87' lang='lat' dir='ltr'><strong>virt.</strong></span> <span class='ocrx_word' id='word_1_154' title='bbox 521 1861 562 1896; x_wconf 91' lang='lat' dir='ltr'>p.</span> <span class='ocrx_word' id='word_1_155' title='bbox 590 1847 663 1894; x_wconf 91' lang='lat'>817</span> <span class='ocrx_word' id='word_1_156' title='bbox 686 1860 695 1885; x_wconf 72' lang='grc' dir='ltr'>τ</span> <span class='ocrx_word' id='word_1_157' title='bbox 718 1845 805 1885; x_wconf 69' lang='lat' dir='ltr'>“On</span> <span class='ocrx_word' id='word_1_158' title='bbox 834 1845 1073 1889; x_wconf 84' lang='grc' dir='ltr'>Βεσπασιανὸς</span> <span class='ocrx_word' id='word_1_159' title='bbox 1098 1845 1204 1890; x_wconf 74' lang='grc' dir='ltr'>οὕτως</span> 
     </span>
     <span class='ocr_line' id='line_1_27' title="bbox 161 1899 1204 1956; baseline 0.001 -14"><span class='ocrx_word' id='word_1_160' title='bbox 161 1899 204 1952; x_wconf 65' lang='grc' dir='ltr'>ἦν</span> <span class='ocrx_word' id='word_1_161' title='bbox 223 1905 325 1951; x_wconf 83' lang='grc' dir='ltr'>ἤπιος</span> <span class='ocrx_word' id='word_1_162' title='bbox 343 1905 403 1943; x_wconf 80' lang='grc' dir='ltr'>καὶ</span> <span class='ocrx_word' id='word_1_163' title='bbox 427 1904 620 1956; x_wconf 73' lang='grc' dir='ltr'>προσηνὴς,</span> <span class='ocrx_word' id='word_1_164' title='bbox 644 1907 689 1948; x_wconf 84' lang='grc' dir='ltr'>ὡς</span> <span class='ocrx_word' id='word_1_165' title='bbox 709 1904 795 1955; x_wconf 89' lang='grc' dir='ltr'>μηδὲ</span> <span class='ocrx_word' id='word_1_166' title='bbox 816 1904 876 1947; x_wconf 88' lang='grc' dir='ltr'>τὰς</span> <span class='ocrx_word' id='word_1_167' title='bbox 897 1906 943 1948; x_wconf 87' lang='grc' dir='ltr'>εἷς</span> <span class='ocrx_word' id='word_1_168' title='bbox 970 1905 1071 1943; x_wconf 82' lang='grc' dir='ltr'>αὐτόν</span> <span class='ocrx_word' id='word_1_169' title='bbox 1091 1921 1128 1943; x_wconf 89' lang='grc' dir='ltr'>τε</span> <span class='ocrx_word' id='word_1_170' title='bbox 1145 1904 1204 1943; x_wconf 80' lang='grc' dir='ltr'>καὶ</span> 
     </span>
     <span class='ocr_line' id='line_1_28' title="bbox 162 1961 1206 2016; baseline 0.001 -17"><span class='ocrx_word' id='word_1_171' title='bbox 162 1962 224 2009; x_wconf 71' lang='grc' dir='ltr'>τὴν</span> <span class='ocrx_word' id='word_1_172' title='bbox 252 1963 430 2014; x_wconf 81' lang='grc' dir='ltr'>βασιλείαν</span> <span class='ocrx_word' id='word_1_173' title='bbox 462 1961 643 2014; x_wconf 87' lang='grc' dir='ltr'>γινομένας</span> <span class='ocrx_word' id='word_1_174' title='bbox 669 1961 842 2016; x_wconf 82' lang='grc' dir='ltr'>ἁμαρτίας</span> <span class='ocrx_word' id='word_1_175' title='bbox 861 1961 950 2015; x_wconf 85' lang='grc' dir='ltr'>πέρα</span> <span class='ocrx_word' id='word_1_176' title='bbox 980 1964 1206 2014; x_wconf 84' lang='grc' dir='ltr'>τιμωρεῖσθαι</span> 
     </span>
     <span class='ocr_line' id='line_1_29' title="bbox 162 2019 1207 2073; baseline -0.002 -14"><span class='ocrx_word' id='word_1_177' title='bbox 162 2024 283 2073; x_wconf 75' lang='grc' dir='ltr'>φυγῆς.</span> <span class='ocrx_word' id='word_1_178' title='bbox 303 2021 377 2065; x_wconf 84' lang='grc' dir='ltr'>Τάς</span> <span class='ocrx_word' id='word_1_179' title='bbox 390 2037 426 2059; x_wconf 89' lang='grc' dir='ltr'>τε</span> <span class='ocrx_word' id='word_1_180' title='bbox 445 2020 512 2072; x_wconf 83' lang='grc' dir='ltr'>γὰρ</span> <span class='ocrx_word' id='word_1_181' title='bbox 529 2020 715 2072; x_wconf 81' lang='grc' dir='ltr'>ἀπεχθείας</span> <span class='ocrx_word' id='word_1_182' title='bbox 729 2019 789 2058; x_wconf 80' lang='grc' dir='ltr'>καὶ</span> <span class='ocrx_word' id='word_1_183' title='bbox 801 2019 844 2058; x_wconf 86' lang='grc' dir='ltr'>τὰ</span> <span class='ocrx_word' id='word_1_184' title='bbox 863 2019 1133 2072; x_wconf 84' lang='grc' dir='ltr'>προσκρούματα</span> <span class='ocrx_word' id='word_1_185' title='bbox 1147 2023 1207 2067; x_wconf 75' lang='grc' dir='ltr'>τῆς</span> 
     </span>
     <span class='ocr_line' id='line_1_30' title="bbox 163 2077 1206 2132; baseline -0.002 -14"><span class='ocrx_word' id='word_1_186' title='bbox 163 2079 314 2123; x_wconf 83' lang='grc' dir='ltr'>διανοίας</span> <span class='ocrx_word' id='word_1_187' title='bbox 339 2079 474 2132; x_wconf 80' lang='grc' dir='ltr'>ταχέως</span> <span class='ocrx_word' id='word_1_188' title='bbox 495 2079 693 2126; x_wconf 81' lang='grc' dir='ltr'>ἅπεσείετο,</span> <span class='ocrx_word' id='word_1_189' title='bbox 721 2077 781 2117; x_wconf 84' lang='grc' dir='ltr'>καὶ</span> <span class='ocrx_word' id='word_1_190' title='bbox 807 2078 1006 2128; x_wconf 85' lang='grc' dir='ltr'>σκώμματα</span> <span class='ocrx_word' id='word_1_191' title='bbox 1035 2078 1206 2131; x_wconf 82' lang='grc' dir='ltr'>ῥητόρων,</span> 
     </span>
     <span class='ocr_line' id='line_1_31' title="bbox 164 2133 1207 2191; baseline -0.001 -16"><span class='ocrx_word' id='word_1_192' title='bbox 164 2138 218 2191; x_wconf 78' lang='grc' dir='ltr'>ὑφ’</span> <span class='ocrx_word' id='word_1_193' title='bbox 247 2133 295 2177; x_wconf 61' lang='grc' dir='ltr'>ὧν</span> <span class='ocrx_word' id='word_1_194' title='bbox 312 2138 457 2190; x_wconf 79' lang='grc' dir='ltr'>ἠφίετο,</span> <span class='ocrx_word' id='word_1_195' title='bbox 477 2138 536 2176; x_wconf 81' lang='grc' dir='ltr'>καὶ</span> <span class='ocrx_word' id='word_1_196' title='bbox 566 2137 686 2188; x_wconf 81' lang='grc' dir='ltr'>δήμων</span> <span class='ocrx_word' id='word_1_197' title='bbox 708 2138 740 2181; x_wconf 87' lang='grc' dir='ltr'>ἐς</span> <span class='ocrx_word' id='word_1_198' title='bbox 769 2135 871 2174; x_wconf 84' lang='grc' dir='ltr'>αὐτὸν</span> <span class='ocrx_word' id='word_1_199' title='bbox 902 2136 1207 2189; x_wconf 85' lang='grc' dir='ltr'>ἀπορριπτούμενα</span> 
     </span>
     <span class='ocr_line' id='line_1_32' title="bbox 164 2193 1204 2250; baseline -0.003 -15"><span class='ocrx_word' id='word_1_200' title='bbox 164 2196 299 2250; x_wconf 82' lang='grc' dir='ltr'>κούφως</span> <span class='ocrx_word' id='word_1_201' title='bbox 315 2213 352 2235; x_wconf 93' lang='grc' dir='ltr'>τε</span> <span class='ocrx_word' id='word_1_202' title='bbox 376 2197 435 2235; x_wconf 76' lang='grc' dir='ltr'>καὶ</span> <span class='ocrx_word' id='word_1_203' title='bbox 452 2198 610 2248; x_wconf 76' lang='grc' dir='ltr'>γαληνῶς</span> <span class='ocrx_word' id='word_1_204' title='bbox 627 2196 757 2248; x_wconf 82' lang='grc' dir='ltr'>ἔφερεν·</span> <span class='ocrx_word' id='word_1_205' title='bbox 775 2195 807 2239; x_wconf 81' lang='grc' dir='ltr'>ἔς</span> <span class='ocrx_word' id='word_1_206' title='bbox 825 2211 861 2234; x_wconf 86' lang='grc' dir='ltr'>τε</span> <span class='ocrx_word' id='word_1_207' title='bbox 877 2193 938 2239; x_wconf 75' lang='grc' dir='ltr'>τὰς</span> <span class='ocrx_word' id='word_1_208' title='bbox 957 2194 1119 2240; x_wconf 83' lang='grc' dir='ltr'>ἐντεύξεις</span> <span class='ocrx_word' id='word_1_209' title='bbox 1135 2211 1204 2234; x_wconf 83' lang='grc' dir='ltr'>κοι·</span> 
     </span>
     <span class='ocr_line' id='line_1_33' title="bbox 164 2252 1207 2305; baseline -0.001 -13"><span class='ocrx_word' id='word_1_210' title='bbox 164 2254 218 2297; x_wconf 75' lang='grc' dir='ltr'>νὸς</span> <span class='ocrx_word' id='word_1_211' title='bbox 237 2254 296 2292; x_wconf 73' lang='grc' dir='ltr'>καὶ</span> <span class='ocrx_word' id='word_1_212' title='bbox 313 2255 495 2305; x_wconf 82' lang='grc' dir='ltr'>δημοτικὸς</span> <span class='ocrx_word' id='word_1_213' title='bbox 509 2252 556 2293; x_wconf 80' lang='grc' dir='ltr'>ὢν</span> <span class='ocrx_word' id='word_1_214' title='bbox 566 2285 576 2302; x_wconf 90' lang='grc'>,</span> <span class='ocrx_word' id='word_1_215' title='bbox 591 2253 788 2301; x_wconf 85' lang='grc' dir='ltr'>ἀπεσκήνου</span> <span class='ocrx_word' id='word_1_216' title='bbox 807 2253 869 2305; x_wconf 87' lang='grc' dir='ltr'>μὲν</span> <span class='ocrx_word' id='word_1_217' title='bbox 893 2255 938 2297; x_wconf 77' lang='grc' dir='ltr'>ὥς</span> <span class='ocrx_word' id='word_1_218' title='bbox 953 2253 997 2292; x_wconf 81' lang='grc' dir='ltr'>τὰ</span> <span class='ocrx_word' id='word_1_219' title='bbox 1011 2252 1124 2291; x_wconf 81' lang='grc' dir='ltr'>πολλὰ</span> <span class='ocrx_word' id='word_1_220' title='bbox 1139 2256 1207 2291; x_wconf 78' lang='grc' dir='ltr'>τῶν</span> 
     </span>
     <span class='ocr_line' id='line_1_34' title="bbox 166 2313 349 2364; baseline 0 -14"><span class='ocrx_word' id='word_1_221' title='bbox 166 2313 349 2364; x_wconf 84' lang='grc' dir='ltr'>βασιλέων.</span> 
     </span>
    </p>
   </div>
   <div class='ocr_carea' id='block_1_8' title="bbox 938 206 1495 248">
    <p class='ocr_par' dir='ltr' id='par_1_8' title="bbox 938 206 1495 248">
     <span class='ocr_line' id='line_1_35' title="bbox 938 206 1495 248; baseline 0.004 -2"><span class='ocrx_word' id='word_1_222' title='bbox 938 209 960 246; x_wconf 89' lang='lat' dir='ltr'>J</span> <span class='ocrx_word' id='word_1_223' title='bbox 963 206 1154 247; x_wconf 87' lang='lat' dir='ltr'><strong>OANNIS</strong></span> <span class='ocrx_word' id='word_1_224' title='bbox 1183 206 1495 248; x_wconf 83' lang='lat' dir='ltr'><strong>ANTIOCHENI</strong></span> 
     </span>
    </p>
   </div>
   <div class='ocr_carea' id='block_1_9' title="bbox 1731 312 1814 335">
    <p class='ocr_par' dir='ltr' id='par_1_9' title="bbox 1731 312 1814 335">
     <span class='ocr_line' id='line_1_36' title="bbox 1731 312 1814 335; baseline 0 0"><span class='ocrx_word' id='word_1_225' title='bbox 1731 312 1814 335; x_wconf 82' lang='lat'><em>100.</em></span> 
     </span>
    </p>
   </div>
   <div class='ocr_carea' id='block_1_10' title="bbox 1253 367 2298 774">
    <p class='ocr_par' dir='ltr' id='par_1_10' title="bbox 1253 367 2298 774">
     <span class='ocr_line' id='line_1_37' title="bbox 1304 367 2293 417; baseline 0.006 -13"><span class='ocrx_word' id='word_1_226' title='bbox 1304 369 1395 404; x_wconf 85' lang='lat' dir='ltr'><em>Exc.</em></span> <span class='ocrx_word' id='word_1_227' title='bbox 1417 369 1474 404; x_wconf 90' lang='lat' dir='ltr'><em>De</em></span> <span class='ocrx_word' id='word_1_228' title='bbox 1492 369 1562 406; x_wconf 87' lang='lat' dir='ltr'><em>ins.</em></span> <span class='ocrx_word' id='word_1_229' title='bbox 1588 381 1627 417; x_wconf 90' lang='lat' dir='ltr'>p.</span> <span class='ocrx_word' id='word_1_230' title='bbox 1659 369 1706 412; x_wconf 80' lang='lat'>43</span> <span class='ocrx_word' id='word_1_231' title='bbox 1734 382 1742 405; x_wconf 89' lang='lat'>:</span> <span class='ocrx_word' id='word_1_232' title='bbox 1763 367 1849 406; x_wconf 69' lang='lat' dir='ltr'>“On</span> <span class='ocrx_word' id='word_1_233' title='bbox 1868 370 1886 405; x_wconf 87' lang='grc' dir='ltr'>ὁ</span> <span class='ocrx_word' id='word_1_234' title='bbox 1918 369 2156 414; x_wconf 83' lang='grc' dir='ltr'>Βεσπασιανὸς</span> <span class='ocrx_word' id='word_1_235' title='bbox 2185 370 2293 416; x_wconf 77' lang='grc' dir='ltr'>οὕτως</span> 
     </span>
     <span class='ocr_line' id='line_1_38' title="bbox 1253 424 2294 482; baseline 0.006 -20"><span class='ocrx_word' id='word_1_236' title='bbox 1253 424 1321 476; x_wconf 88' lang='grc' dir='ltr'>ἄρα</span> <span class='ocrx_word' id='word_1_237' title='bbox 1334 424 1372 463; x_wconf 85' lang='grc' dir='ltr'>τὸ</span> <span class='ocrx_word' id='word_1_238' title='bbox 1384 424 1608 477; x_wconf 81' lang='grc' dir='ltr'>πεπρωμένον</span> <span class='ocrx_word' id='word_1_239' title='bbox 1621 425 1678 463; x_wconf 81' lang='grc' dir='ltr'>ἐπὶ</span> <span class='ocrx_word' id='word_1_240' title='bbox 1692 431 1760 468; x_wconf 89' lang='grc' dir='ltr'>τοῖς</span> <span class='ocrx_word' id='word_1_241' title='bbox 1775 426 1894 465; x_wconf 84' lang='grc' dir='ltr'>παισὶν</span> <span class='ocrx_word' id='word_1_242' title='bbox 1911 426 2076 478; x_wconf 84' lang='grc' dir='ltr'>ἐγίνωσκε</span> <span class='ocrx_word' id='word_1_243' title='bbox 2091 428 2199 476; x_wconf 81' lang='grc' dir='ltr'>τέλος,</span> <span class='ocrx_word' id='word_1_244' title='bbox 2217 429 2294 482; x_wconf 86' lang='grc' dir='ltr'>βίου</span> 
     </span>
     <span class='ocr_line' id='line_1_39' title="bbox 1253 483 2294 540; baseline 0.007 -20"><span class='ocrx_word' id='word_1_245' title='bbox 1253 499 1290 521; x_wconf 89' lang='grc' dir='ltr'>τε</span> <span class='ocrx_word' id='word_1_246' title='bbox 1308 485 1418 521; x_wconf 77' lang='grc' dir='ltr'>αὐτῶν</span> <span class='ocrx_word' id='word_1_247' title='bbox 1435 483 1539 535; x_wconf 89' lang='grc' dir='ltr'>πέρι,</span> <span class='ocrx_word' id='word_1_248' title='bbox 1558 483 1617 521; x_wconf 73' lang='grc' dir='ltr'>καὶ</span> <span class='ocrx_word' id='word_1_249' title='bbox 1633 486 1693 528; x_wconf 76' lang='grc' dir='ltr'>τῆς</span> <span class='ocrx_word' id='word_1_250' title='bbox 1709 486 1741 527; x_wconf 87' lang='grc' dir='ltr'>ἐς</span> <span class='ocrx_word' id='word_1_251' title='bbox 1759 483 1822 531; x_wconf 82' lang='grc' dir='ltr'>τὴν</span> <span class='ocrx_word' id='word_1_252' title='bbox 1843 486 2031 536; x_wconf 84' lang='grc' dir='ltr'>ἡγεμονίαν</span> <span class='ocrx_word' id='word_1_253' title='bbox 2050 486 2202 540; x_wconf 85' lang='grc' dir='ltr'>παρόδου</span> <span class='ocrx_word' id='word_1_254' title='bbox 2216 517 2226 535; x_wconf 91' lang='grc'>,</span> <span class='ocrx_word' id='word_1_255' title='bbox 2247 491 2294 532; x_wconf 82' lang='grc' dir='ltr'>ὡς</span> 
     </span>
     <span class='ocr_line' id='line_1_40' title="bbox 1253 541 2292 597; baseline 0.005 -17"><span class='ocrx_word' id='word_1_256' title='bbox 1253 541 1424 584; x_wconf 84' lang='grc' dir='ltr'>πολλάκις</span> <span class='ocrx_word' id='word_1_257' title='bbox 1438 542 1644 592; x_wconf 87' lang='grc' dir='ltr'>μηνυθείσης</span> <span class='ocrx_word' id='word_1_258' title='bbox 1657 542 1842 589; x_wconf 64' lang='grc' dir='ltr'>ἐπιδουλῆς</span> <span class='ocrx_word' id='word_1_259' title='bbox 1852 573 1862 591; x_wconf 88' lang='grc'>,</span> <span class='ocrx_word' id='word_1_260' title='bbox 1877 543 1983 594; x_wconf 85' lang='grc' dir='ltr'>μηδὲν</span> <span class='ocrx_word' id='word_1_261' title='bbox 2001 545 2062 595; x_wconf 87' lang='grc' dir='ltr'>μὲν</span> <span class='ocrx_word' id='word_1_262' title='bbox 2079 546 2292 597; x_wconf 84' lang='grc' dir='ltr'>ἐργάσασθαι</span> 
     </span>
     <span class='ocr_line' id='line_1_41' title="bbox 1254 599 2295 658; baseline 0.005 -21"><span class='ocrx_word' id='word_1_263' title='bbox 1254 599 1329 644; x_wconf 75' lang='grc' dir='ltr'>τοὺς</span> <span class='ocrx_word' id='word_1_264' title='bbox 1355 600 1410 638; x_wconf 87' lang='grc' dir='ltr'>ἐπ’</span> <span class='ocrx_word' id='word_1_265' title='bbox 1433 602 1526 652; x_wconf 81' lang='grc' dir='ltr'>αὐτῷ</span> <span class='ocrx_word' id='word_1_266' title='bbox 1549 602 1764 644; x_wconf 83' lang='grc' dir='ltr'>συνεστῶτας</span> <span class='ocrx_word' id='word_1_267' title='bbox 1787 601 1906 648; x_wconf 82' lang='grc' dir='ltr'>κακὸν,</span> <span class='ocrx_word' id='word_1_268' title='bbox 1935 602 2122 654; x_wconf 80' lang='grc' dir='ltr'>διαρρήδην</span> <span class='ocrx_word' id='word_1_269' title='bbox 2143 603 2231 642; x_wconf 83' lang='grc' dir='ltr'>δὲέν</span> <span class='ocrx_word' id='word_1_270' title='bbox 2245 606 2295 658; x_wconf 77' lang='grc' dir='ltr'>τῷ</span> 
     </span>
     <span class='ocr_line' id='line_1_42' title="bbox 1258 658 2298 712; baseline 0.005 -16"><span class='ocrx_word' id='word_1_271' title='bbox 1258 658 1490 712; x_wconf 88' lang='grc' dir='ltr'>βουλευτηρίῳ</span> <span class='ocrx_word' id='word_1_272' title='bbox 1507 658 1574 696; x_wconf 76' lang='grc' dir='ltr'>ὑπὸ</span> <span class='ocrx_word' id='word_1_273' title='bbox 1603 660 1646 710; x_wconf 81' lang='grc' dir='ltr'>τῇ</span> <span class='ocrx_word' id='word_1_274' title='bbox 1663 658 1801 696; x_wconf 84' lang='grc' dir='ltr'>πάντων</span> <span class='ocrx_word' id='word_1_275' title='bbox 1820 660 1908 712; x_wconf 83' lang='grc' dir='ltr'>ἀκοῇ</span> <span class='ocrx_word' id='word_1_276' title='bbox 1929 661 2150 711; x_wconf 81' lang='grc' dir='ltr'>προσειπεῖν,</span> <span class='ocrx_word' id='word_1_277' title='bbox 2175 660 2198 708; x_wconf 80' lang='grc' dir='ltr'><strong>ἢ</strong></span> <span class='ocrx_word' id='word_1_278' title='bbox 2219 661 2298 707; x_wconf 74' lang='grc' dir='ltr'>τοὺς</span> 
     </span>
     <span class='ocr_line' id='line_1_43' title="bbox 1254 715 2295 774; baseline 0.003 -19"><span class='ocrx_word' id='word_1_279' title='bbox 1254 718 1381 761; x_wconf 88' lang='grc' dir='ltr'>παῖδας</span> <span class='ocrx_word' id='word_1_280' title='bbox 1396 716 1480 761; x_wconf 80' lang='grc' dir='ltr'>ἕξειν</span> <span class='ocrx_word' id='word_1_281' title='bbox 1491 715 1512 763; x_wconf 82' lang='grc' dir='ltr'>ἢ</span> <span class='ocrx_word' id='word_1_282' title='bbox 1525 715 1658 767; x_wconf 85' lang='grc' dir='ltr'>μηδένα</span> <span class='ocrx_word' id='word_1_283' title='bbox 1673 718 1851 761; x_wconf 88' lang='grc' dir='ltr'>παντελῶς</span> <span class='ocrx_word' id='word_1_284' title='bbox 1861 720 1921 764; x_wconf 86' lang='grc' dir='ltr'>τ’ἤς</span> <span class='ocrx_word' id='word_1_285' title='bbox 1933 718 2111 770; x_wconf 86' lang='grc' dir='ltr'>βασιλείας</span> <span class='ocrx_word' id='word_1_286' title='bbox 2119 718 2295 774; x_wconf 78' lang='grc' dir='ltr'>διάδοχον.</span> 
     </span>
    </p>
   </div>
   <div class='ocr_carea' id='block_1_11' title="bbox 1737 811 1821 837">
    <p class='ocr_par' dir='ltr' id='par_1_11' title="bbox 1737 811 1821 837">
     <span class='ocr_line' id='line_1_44' title="bbox 1737 811 1821 837; baseline 0.024 -2"><span class='ocrx_word' id='word_1_287' title='bbox 1737 811 1821 837; x_wconf 92' lang='lat'><em>101.</em></span> 
     </span>
    </p>
   </div>
   <div class='ocr_carea' id='block_1_12' title="bbox 1257 867 2300 1094">
    <p class='ocr_par' dir='ltr' id='par_1_12' title="bbox 1257 867 2300 1094">
     <span class='ocr_line' id='line_1_45' title="bbox 1310 867 2299 917; baseline 0.009 -15"><span class='ocrx_word' id='word_1_288' title='bbox 1310 869 1401 904; x_wconf 88' lang='lat' dir='ltr'><em>Exc.</em></span> <span class='ocrx_word' id='word_1_289' title='bbox 1425 868 1537 906; x_wconf 86' lang='lat' dir='ltr'><em>Salm.</em></span> <span class='ocrx_word' id='word_1_290' title='bbox 1551 880 1589 916; x_wconf 92' lang='lat' dir='ltr'>p.</span> <span class='ocrx_word' id='word_1_291' title='bbox 1607 867 1681 916; x_wconf 79' lang='lat'>395</span> <span class='ocrx_word' id='word_1_292' title='bbox 1700 879 1710 906; x_wconf 92' lang='lat'>:</span> <span class='ocrx_word' id='word_1_293' title='bbox 1732 868 1997 912; x_wconf 79' lang='grc' dir='ltr'>Οὐεσπασιανὸς</span> <span class='ocrx_word' id='word_1_294' title='bbox 2012 869 2072 917; x_wconf 85' lang='grc' dir='ltr'>ἔτη</span> <span class='ocrx_word' id='word_1_295' title='bbox 2093 870 2190 910; x_wconf 86' lang='grc' dir='ltr'>δέκα.</span> <span class='ocrx_word' id='word_1_296' title='bbox 2209 873 2299 912; x_wconf 84' lang='grc' dir='ltr'>Οὖε·</span> 
     </span>
     <span class='ocr_line' id='line_1_46' title="bbox 1259 919 2300 981; baseline 0.007 -18"><span class='ocrx_word' id='word_1_297' title='bbox 1259 928 1456 963; x_wconf 84' lang='grc' dir='ltr'>σπασιανοῦ</span> <span class='ocrx_word' id='word_1_298' title='bbox 1477 924 1747 970; x_wconf 87' lang='grc' dir='ltr'>τελευτήσαντος</span> <span class='ocrx_word' id='word_1_299' title='bbox 1771 919 1858 970; x_wconf 71' lang='grc' dir='ltr'>οἶνος</span> <span class='ocrx_word' id='word_1_300' title='bbox 1884 928 1918 965; x_wconf 85' lang='grc' dir='ltr'>ἐν</span> <span class='ocrx_word' id='word_1_301' title='bbox 1939 929 2119 981; x_wconf 84' lang='grc' dir='ltr'>καπηλείῳ</span> <span class='ocrx_word' id='word_1_302' title='bbox 2150 930 2217 969; x_wconf 83' lang='grc' dir='ltr'>τινὶ</span> <span class='ocrx_word' id='word_1_303' title='bbox 2243 946 2300 970; x_wconf 88' lang='grc' dir='ltr'>το·</span> 
     </span>
     <span class='ocr_line' id='line_1_47' title="bbox 1258 983 2299 1036; baseline 0.009 -17"><span class='ocrx_word' id='word_1_304' title='bbox 1258 987 1378 1026; x_wconf 82' lang='grc' dir='ltr'>σοῦτος</span> <span class='ocrx_word' id='word_1_305' title='bbox 1397 983 1484 1035; x_wconf 72' lang='grc' dir='ltr'>ὑπὲρ</span> <span class='ocrx_word' id='word_1_306' title='bbox 1506 983 1546 1021; x_wconf 85' lang='grc' dir='ltr'>τὸ</span> <span class='ocrx_word' id='word_1_307' title='bbox 1566 986 1702 1034; x_wconf 87' lang='grc' dir='ltr'>ἀγγεῖον</span> <span class='ocrx_word' id='word_1_308' title='bbox 1722 983 1885 1036; x_wconf 77' lang='grc' dir='ltr'>ἐξεχύθη,</span> <span class='ocrx_word' id='word_1_309' title='bbox 1911 987 1958 1030; x_wconf 83' lang='grc' dir='ltr'>ὡς</span> <span class='ocrx_word' id='word_1_310' title='bbox 1986 987 2046 1025; x_wconf 81' lang='grc' dir='ltr'>καὶ</span> <span class='ocrx_word' id='word_1_311' title='bbox 2065 989 2113 1032; x_wconf 83' lang='grc' dir='ltr'>εἷς</span> <span class='ocrx_word' id='word_1_312' title='bbox 2135 988 2198 1036; x_wconf 81' lang='grc' dir='ltr'>τὴν</span> <span class='ocrx_word' id='word_1_313' title='bbox 2220 988 2299 1028; x_wconf 82' lang='grc' dir='ltr'>ὁδὸν</span> 
     </span>
     <span class='ocr_line' id='line_1_48' title="bbox 1257 1045 1501 1094; baseline 0.012 -16"><span class='ocrx_word' id='word_1_314' title='bbox 1257 1045 1501 1094; x_wconf 79' lang='grc' dir='ltr'>προχωρῆσαι.</span> 
     </span>
    </p>
   </div>
   <div class='ocr_carea' id='block_1_13' title="bbox 1693 1119 1861 1158">
    <p class='ocr_par' dir='ltr' id='par_1_13' title="bbox 1693 1119 1861 1158">
     <span class='ocr_line' id='line_1_49' title="bbox 1693 1119 1861 1158; baseline 0.006 -1"><span class='ocrx_word' id='word_1_315' title='bbox 1693 1119 1861 1158; x_wconf 89' lang='grc' dir='ltr'>ΤΙΤΟΣ.</span> 
     </span>
    </p>
   </div>
   <div class='ocr_carea' id='block_1_14' title="bbox 1739 1208 1825 1231">
    <p class='ocr_par' dir='ltr' id='par_1_14' title="bbox 1739 1208 1825 1231">
     <span class='ocr_line' id='line_1_50' title="bbox 1739 1208 1825 1231; baseline 0 0"><span class='ocrx_word' id='word_1_316' title='bbox 1739 1208 1825 1231; x_wconf 85' lang='lat'><em>102.</em></span> 
     </span>
    </p>
   </div>
   <div class='ocr_carea' id='block_1_15' title="bbox 1261 1262 2308 2159">
    <p class='ocr_par' dir='ltr' id='par_1_15' title="bbox 1261 1262 2305 1668">
     <span class='ocr_line' id='line_1_51' title="bbox 1315 1262 2301 1316; baseline 0.006 -15"><span class='ocrx_word' id='word_1_317' title='bbox 1315 1267 1402 1303; x_wconf 85' lang='lat' dir='ltr'><em>Exc.</em></span> <span class='ocrx_word' id='word_1_318' title='bbox 1423 1267 1480 1301; x_wconf 88' lang='lat' dir='ltr'><em>De</em></span> <span class='ocrx_word' id='word_1_319' title='bbox 1495 1266 1586 1302; x_wconf 86' lang='lat' dir='ltr'><strong>virt.</strong></span> <span class='ocrx_word' id='word_1_320' title='bbox 1604 1277 1646 1313; x_wconf 87' lang='lat' dir='ltr'>p.</span> <span class='ocrx_word' id='word_1_321' title='bbox 1666 1264 1739 1311; x_wconf 84' lang='lat'>817</span> <span class='ocrx_word' id='word_1_322' title='bbox 1765 1278 1774 1301; x_wconf 79' lang='grc' dir='ltr'>ι</span> <span class='ocrx_word' id='word_1_323' title='bbox 1793 1262 1877 1302; x_wconf 63' lang='grc' dir='ltr'>’Ὀτι</span> <span class='ocrx_word' id='word_1_324' title='bbox 1892 1263 2016 1316; x_wconf 87' lang='grc' dir='ltr'>Τίτος,</span> <span class='ocrx_word' id='word_1_325' title='bbox 2032 1266 2301 1307; x_wconf 75' lang='grc' dir='ltr'>Οὐεσπασιανοῦ</span> 
     </span>
     <span class='ocr_line' id='line_1_52' title="bbox 1261 1316 2304 1378; baseline 0.005 -18"><span class='ocrx_word' id='word_1_326' title='bbox 1261 1321 1349 1370; x_wconf 79' lang='grc' dir='ltr'>υἱὸς,</span> <span class='ocrx_word' id='word_1_327' title='bbox 1380 1323 1420 1359; x_wconf 82' lang='grc' dir='ltr'>οἷν</span> <span class='ocrx_word' id='word_1_328' title='bbox 1438 1337 1466 1374; x_wconf 82' lang='grc' dir='ltr'>,ρ</span> <span class='ocrx_word' id='word_1_329' title='bbox 1491 1316 1533 1369; x_wconf 67' lang='grc' dir='ltr'>ἦν</span> <span class='ocrx_word' id='word_1_330' title='bbox 1552 1327 1622 1359; x_wconf 78' lang='grc' dir='ltr'>πᾶν</span> <span class='ocrx_word' id='word_1_331' title='bbox 1644 1323 1768 1374; x_wconf 74' lang='grc' dir='ltr'>ἀρετῆς</span> <span class='ocrx_word' id='word_1_332' title='bbox 1787 1322 1998 1375; x_wconf 88' lang='grc' dir='ltr'>συνειληφὼς</span> <span class='ocrx_word' id='word_1_333' title='bbox 2017 1323 2112 1375; x_wconf 85' lang='grc' dir='ltr'>γένος</span> <span class='ocrx_word' id='word_1_334' title='bbox 2125 1353 2136 1372; x_wconf 93' lang='grc'>,</span> <span class='ocrx_word' id='word_1_335' title='bbox 2156 1327 2203 1370; x_wconf 82' lang='grc' dir='ltr'>ὡς</span> <span class='ocrx_word' id='word_1_336' title='bbox 2221 1325 2304 1378; x_wconf 81' lang='grc' dir='ltr'>πρὸς</span> 
     </span>
     <span class='ocr_line' id='line_1_53' title="bbox 1262 1380 2303 1437; baseline 0.004 -18"><span class='ocrx_word' id='word_1_337' title='bbox 1262 1381 1427 1420; x_wconf 82' lang='grc' dir='ltr'>ἁπάντων</span> <span class='ocrx_word' id='word_1_338' title='bbox 1454 1380 1538 1433; x_wconf 84' lang='grc' dir='ltr'>ἔρως</span> <span class='ocrx_word' id='word_1_339' title='bbox 1556 1396 1593 1418; x_wconf 90' lang='grc' dir='ltr'>τε</span> <span class='ocrx_word' id='word_1_340' title='bbox 1615 1380 1675 1418; x_wconf 86' lang='grc' dir='ltr'>καὶ</span> <span class='ocrx_word' id='word_1_341' title='bbox 1695 1380 1807 1434; x_wconf 82' lang='grc' dir='ltr'>τρυφὴ</span> <span class='ocrx_word' id='word_1_342' title='bbox 1836 1385 1894 1419; x_wconf 91' lang='grc' dir='ltr'>τοῦ</span> <span class='ocrx_word' id='word_1_343' title='bbox 1915 1385 2037 1429; x_wconf 88' lang='grc' dir='ltr'>θνητοῦ</span> <span class='ocrx_word' id='word_1_344' title='bbox 2065 1398 2303 1437; x_wconf 89' lang='grc' dir='ltr'>προσαγορευ-</span> 
     </span>
     <span class='ocr_line' id='line_1_54' title="bbox 1261 1438 2305 1493; baseline 0.005 -16"><span class='ocrx_word' id='word_1_345' title='bbox 1261 1442 1363 1486; x_wconf 79' lang='grc' dir='ltr'>θῆναι</span> <span class='ocrx_word' id='word_1_346' title='bbox 1379 1439 1509 1490; x_wconf 84' lang='grc' dir='ltr'>γένους.</span> <span class='ocrx_word' id='word_1_347' title='bbox 1525 1438 1815 1490; x_wconf 83' lang='grc' dir='ltr'>Εὐγλωττότατός</span> <span class='ocrx_word' id='word_1_348' title='bbox 1826 1455 1862 1478; x_wconf 93' lang='grc' dir='ltr'>τε</span> <span class='ocrx_word' id='word_1_349' title='bbox 1875 1439 1941 1493; x_wconf 86' lang='grc' dir='ltr'>γὰρ</span> <span class='ocrx_word' id='word_1_350' title='bbox 1952 1441 2012 1479; x_wconf 86' lang='grc' dir='ltr'>καὶ</span> <span class='ocrx_word' id='word_1_351' title='bbox 2025 1442 2305 1492; x_wconf 83' lang='grc' dir='ltr'>πολεμικώτατος</span> 
     </span>
     <span class='ocr_line' id='line_1_55' title="bbox 1262 1492 2305 1556; baseline 0.005 -20"><span class='ocrx_word' id='word_1_352' title='bbox 1262 1497 1321 1537; x_wconf 85' lang='grc' dir='ltr'>καὶ</span> <span class='ocrx_word' id='word_1_353' title='bbox 1351 1497 1583 1550; x_wconf 85' lang='grc' dir='ltr'>μετριώτατος</span> <span class='ocrx_word' id='word_1_354' title='bbox 1612 1492 1677 1545; x_wconf 66' lang='grc' dir='ltr'>ἦν,</span> <span class='ocrx_word' id='word_1_355' title='bbox 1698 1499 1756 1535; x_wconf 86' lang='grc' dir='ltr'>καὶ</span> <span class='ocrx_word' id='word_1_356' title='bbox 1782 1501 1824 1550; x_wconf 83' lang='grc' dir='ltr'>τῇ</span> <span class='ocrx_word' id='word_1_357' title='bbox 1854 1498 1915 1549; x_wconf 82' lang='grc' dir='ltr'>μὲν</span> <span class='ocrx_word' id='word_1_358' title='bbox 1944 1499 2102 1538; x_wconf 79' lang='grc' dir='ltr'>Λατίνων</span> <span class='ocrx_word' id='word_1_359' title='bbox 2127 1502 2305 1556; x_wconf 83' lang='grc' dir='ltr'>ἐπιχωρίῳ</span> 
     </span>
     <span class='ocr_line' id='line_1_56' title="bbox 1264 1555 2305 1609; baseline 0.006 -16"><span class='ocrx_word' id='word_1_360' title='bbox 1264 1555 1405 1608; x_wconf 88' lang='grc' dir='ltr'>γλώττῃ</span> <span class='ocrx_word' id='word_1_361' title='bbox 1425 1555 1510 1608; x_wconf 86' lang='grc' dir='ltr'>πρὸς</span> <span class='ocrx_word' id='word_1_362' title='bbox 1530 1555 1591 1599; x_wconf 85' lang='grc' dir='ltr'>τὰς</span> <span class='ocrx_word' id='word_1_363' title='bbox 1607 1558 1674 1594; x_wconf 84' lang='grc' dir='ltr'>τῶν</span> <span class='ocrx_word' id='word_1_364' title='bbox 1691 1559 1811 1594; x_wconf 84' lang='grc' dir='ltr'>κοινῶν</span> <span class='ocrx_word' id='word_1_365' title='bbox 1831 1558 1958 1609; x_wconf 74' lang='grc' dir='ltr'>ἐχρῆτο</span> <span class='ocrx_word' id='word_1_366' title='bbox 1979 1558 2182 1607; x_wconf 82' lang='grc' dir='ltr'>διοικήσεις,</span> <span class='ocrx_word' id='word_1_367' title='bbox 2203 1560 2305 1608; x_wconf 83' lang='grc' dir='ltr'>ποιή·</span> 
     </span>
     <span class='ocr_line' id='line_1_57' title="bbox 1265 1614 2196 1668; baseline 0.008 -17"><span class='ocrx_word' id='word_1_368' title='bbox 1265 1630 1360 1666; x_wconf 90' lang='grc' dir='ltr'>ματα</span> <span class='ocrx_word' id='word_1_369' title='bbox 1382 1614 1416 1652; x_wconf 85' lang='grc' dir='ltr'>δὲ</span> <span class='ocrx_word' id='word_1_370' title='bbox 1436 1614 1495 1652; x_wconf 77' lang='grc' dir='ltr'>καὶ</span> <span class='ocrx_word' id='word_1_371' title='bbox 1508 1614 1702 1667; x_wconf 84' lang='grc' dir='ltr'>τραγῳδίας</span> <span class='ocrx_word' id='word_1_372' title='bbox 1722 1614 1866 1654; x_wconf 79' lang='grc' dir='ltr'>Ἑλλάδι</span> <span class='ocrx_word' id='word_1_373' title='bbox 1884 1618 1980 1668; x_wconf 82' lang='grc' dir='ltr'>φωνῇ</span> <span class='ocrx_word' id='word_1_374' title='bbox 1996 1617 2196 1659; x_wconf 79' lang='grc' dir='ltr'>διεπονεῖτο.</span> 
     </span>
    </p>

    <p class='ocr_par' dir='ltr' id='par_1_16' title="bbox 1744 1693 1829 1730">
     <span class='ocr_line' id='line_1_58' title="bbox 1744 1693 1829 1730; baseline 0.035 -3"><span class='ocrx_word' id='word_1_375' title='bbox 1744 1693 1829 1730; x_wconf 85' lang='lat'><em>103.</em></span> 
     </span>
    </p>

    <p class='ocr_par' dir='ltr' id='par_1_17' title="bbox 1267 1756 2308 2159">
     <span class='ocr_line' id='line_1_59' title="bbox 1317 1756 2306 1813; baseline 0.006 -18"><span class='ocrx_word' id='word_1_376' title='bbox 1317 1759 1414 1796; x_wconf 88' lang='lat' dir='ltr'><em>Ibid.</em></span> <span class='ocrx_word' id='word_1_377' title='bbox 1425 1772 1465 1807; x_wconf 87' lang='lat' dir='ltr'><em>p.</em></span> <span class='ocrx_word' id='word_1_378' title='bbox 1481 1758 1554 1805; x_wconf 86' lang='lat'>817</span> <span class='ocrx_word' id='word_1_379' title='bbox 1571 1773 1579 1795; x_wconf 74' lang='grc' dir='ltr'>ε</span> <span class='ocrx_word' id='word_1_380' title='bbox 1595 1756 1681 1796; x_wconf 67' lang='lat' dir='ltr'><em>“Ort</em></span> <span class='ocrx_word' id='word_1_381' title='bbox 1692 1758 1767 1796; x_wconf 83' lang='grc' dir='ltr'>ἐπεὶ</span> <span class='ocrx_word' id='word_1_382' title='bbox 1781 1758 1903 1811; x_wconf 78' lang='grc' dir='ltr'>ᾑρήκει</span> <span class='ocrx_word' id='word_1_383' title='bbox 1915 1759 1959 1797; x_wconf 78' lang='grc' dir='ltr'>τὰ</span> <span class='ocrx_word' id='word_1_384' title='bbox 1974 1760 2201 1813; x_wconf 88' lang='grc' dir='ltr'>Ἱεροσόλυμα</span> <span class='ocrx_word' id='word_1_385' title='bbox 2214 1762 2306 1803; x_wconf 59' lang='lat' dir='ltr'><em>§Ti-</em></span> 
     </span>
     <span class='ocr_line' id='line_1_60' title="bbox 1267 1816 2306 1873; baseline 0.007 -20"><span class='ocrx_word' id='word_1_386' title='bbox 1267 1832 1341 1864; x_wconf 87' lang='grc' dir='ltr'>τος,</span> <span class='ocrx_word' id='word_1_387' title='bbox 1365 1816 1475 1868; x_wconf 85' lang='grc' dir='ltr'>Συρία</span> <span class='ocrx_word' id='word_1_388' title='bbox 1507 1832 1543 1854; x_wconf 87' lang='grc' dir='ltr'>τε</span> <span class='ocrx_word' id='word_1_389' title='bbox 1577 1823 1674 1854; x_wconf 81' lang='grc' dir='ltr'>πᾶσα</span> <span class='ocrx_word' id='word_1_390' title='bbox 1694 1817 1753 1855; x_wconf 78' lang='grc' dir='ltr'>καὶ</span> <span class='ocrx_word' id='word_1_391' title='bbox 1773 1817 1947 1868; x_wconf 87' lang='grc' dir='ltr'>Αἴγυπτος</span> <span class='ocrx_word' id='word_1_392' title='bbox 1965 1819 2026 1856; x_wconf 85' lang='grc' dir='ltr'>καὶ</span> <span class='ocrx_word' id='word_1_393' title='bbox 2053 1819 2119 1857; x_wconf 78' lang='grc' dir='ltr'>ὅσα</span> <span class='ocrx_word' id='word_1_394' title='bbox 2147 1824 2189 1873; x_wconf 84' lang='grc' dir='ltr'>τῇ</span> <span class='ocrx_word' id='word_1_395' title='bbox 2223 1823 2306 1860; x_wconf 89' lang='grc' dir='ltr'>Πα-</span> 
     </span>
     <span class='ocr_line' id='line_1_61' title="bbox 1271 1873 2306 1929; baseline 0.006 -17"><span class='ocrx_word' id='word_1_396' title='bbox 1271 1873 1431 1925; x_wconf 84' lang='grc' dir='ltr'>λαιστίνῃ</span> <span class='ocrx_word' id='word_1_397' title='bbox 1446 1873 1615 1925; x_wconf 88' lang='grc' dir='ltr'>πρόσοικα</span> <span class='ocrx_word' id='word_1_398' title='bbox 1629 1873 1711 1926; x_wconf 85' lang='grc' dir='ltr'>γένη</span> <span class='ocrx_word' id='word_1_399' title='bbox 1729 1875 1933 1928; x_wconf 78' lang='grc' dir='ltr'>ἐστεφάνουν</span> <span class='ocrx_word' id='word_1_400' title='bbox 1947 1875 2005 1914; x_wconf 88' lang='grc' dir='ltr'>τὸν</span> <span class='ocrx_word' id='word_1_401' title='bbox 2020 1876 2127 1929; x_wconf 81' lang='grc' dir='ltr'>ἄνδρα</span> <span class='ocrx_word' id='word_1_402' title='bbox 2137 1907 2149 1927; x_wconf 83' lang='grc'>,</span> <span class='ocrx_word' id='word_1_403' title='bbox 2162 1880 2306 1927; x_wconf 82' lang='grc' dir='ltr'>νικητὴν</span> 
     </span>
     <span class='ocr_line' id='line_1_62' title="bbox 1271 1932 2308 1987; baseline 0.007 -18"><span class='ocrx_word' id='word_1_404' title='bbox 1271 1932 1538 1975; x_wconf 80' lang='grc' dir='ltr'>ἀποκαλοῦντες.</span> <span class='ocrx_word' id='word_1_405' title='bbox 1561 1932 1607 1971; x_wconf 89' lang='grc' dir='ltr'>Ὁ</span> <span class='ocrx_word' id='word_1_406' title='bbox 1627 1932 1662 1970; x_wconf 87' lang='grc' dir='ltr'>δὲ</span> <span class='ocrx_word' id='word_1_407' title='bbox 1687 1933 1840 1971; x_wconf 80' lang='grc' dir='ltr'>διωθεῖτο</span> <span class='ocrx_word' id='word_1_408' title='bbox 1854 1932 1930 1977; x_wconf 78' lang='grc' dir='ltr'>τοὺς</span> <span class='ocrx_word' id='word_1_409' title='bbox 1943 1934 2148 1987; x_wconf 73' lang='grc' dir='ltr'>στεφάνους,</span> <span class='ocrx_word' id='word_1_410' title='bbox 2170 1938 2232 1975; x_wconf 81' lang='grc' dir='ltr'>οὐκ</span> <span class='ocrx_word' id='word_1_411' title='bbox 2245 1939 2308 1975; x_wconf 84' lang='grc' dir='ltr'>αὖ-</span> 
     </span>
     <span class='ocr_line' id='line_1_63' title="bbox 1269 1987 2308 2048; baseline 0.009 -23"><span class='ocrx_word' id='word_1_412' title='bbox 1269 1988 1325 2032; x_wconf 87' lang='grc' dir='ltr'>τὸς</span> <span class='ocrx_word' id='word_1_413' title='bbox 1347 1987 1458 2040; x_wconf 88' lang='grc' dir='ltr'>λέγων</span> <span class='ocrx_word' id='word_1_414' title='bbox 1484 1988 1665 2041; x_wconf 73' lang='grc' dir='ltr'>εἰργάσθαι</span> <span class='ocrx_word' id='word_1_415' title='bbox 1701 1994 1809 2028; x_wconf 89' lang='grc' dir='ltr'>ταῦτα</span> <span class='ocrx_word' id='word_1_416' title='bbox 1821 2019 1832 2038; x_wconf 86' lang='grc'>,</span> <span class='ocrx_word' id='word_1_417' title='bbox 1865 1993 1931 2043; x_wconf 86' lang='grc' dir='ltr'>θεῷ</span> <span class='ocrx_word' id='word_1_418' title='bbox 1960 1992 1996 2030; x_wconf 83' lang='grc' dir='ltr'>δὲ</span> <span class='ocrx_word' id='word_1_419' title='bbox 2054 1992 2174 2040; x_wconf 84' lang='grc' dir='ltr'>ήναντι</span> <span class='ocrx_word' id='word_1_420' title='bbox 2202 1994 2308 2048; x_wconf 80' lang='grc' dir='ltr'>ὀργὴν</span> 
     </span>
     <span class='ocr_line' id='line_1_64' title="bbox 1268 2047 2308 2104; baseline 0.009 -20"><span class='ocrx_word' id='word_1_421' title='bbox 1268 2047 1515 2085; x_wconf 82' lang='grc' dir='ltr'>ἐπιδεδωκέναι</span> <span class='ocrx_word' id='word_1_422' title='bbox 1529 2047 1590 2091; x_wconf 86' lang='grc' dir='ltr'>τὰς</span> <span class='ocrx_word' id='word_1_423' title='bbox 1606 2049 1730 2087; x_wconf 80' lang='grc' dir='ltr'>ἑαυτοῦ</span> <span class='ocrx_word' id='word_1_424' title='bbox 1749 2054 1880 2101; x_wconf 89' lang='grc' dir='ltr'>χεῖρας.</span> <span class='ocrx_word' id='word_1_425' title='bbox 1898 2047 2021 2094; x_wconf 84' lang='grc' dir='ltr'>Οὕτως</span> <span class='ocrx_word' id='word_1_426' title='bbox 2034 2066 2076 2097; x_wconf 88' lang='grc' dir='ltr'>ην</span> <span class='ocrx_word' id='word_1_427' title='bbox 2093 2051 2230 2104; x_wconf 85' lang='grc' dir='ltr'>μέτριος</span> <span class='ocrx_word' id='word_1_428' title='bbox 2247 2053 2308 2092; x_wconf 80' lang='grc' dir='ltr'>καὶ</span> 
     </span>
     <span class='ocr_line' id='line_1_65' title="bbox 1268 2105 1644 2159; baseline 0 -14"><span class='ocrx_word' id='word_1_429' title='bbox 1268 2105 1491 2159; x_wconf 83' lang='grc' dir='ltr'>σωφροσύνης</span> <span class='ocrx_word' id='word_1_430' title='bbox 1510 2105 1644 2156; x_wconf 86' lang='grc' dir='ltr'>μεστός.</span> 
     </span>
    </p>
   </div>
   <div class='ocr_carea' id='block_1_16' title="bbox 1733 2189 1820 2228">
    <p class='ocr_par' dir='ltr' id='par_1_18' title="bbox 1733 2189 1820 2228">
     <span class='ocr_line' id='line_1_66' title="bbox 1733 2189 1820 2228; baseline 0 -7"><span class='ocrx_word' id='word_1_431' title='bbox 1733 2189 1820 2228; x_wconf 79' lang='grc'><strong>104.</strong></span> 
     </span>
    </p>
   </div>
   <div class='ocr_carea' id='block_1_17' title="bbox 1271 2252 2310 2426">
    <p class='ocr_par' dir='ltr' id='par_1_19' title="bbox 1271 2252 2310 2426">
     <span class='ocr_line' id='line_1_67' title="bbox 1323 2252 2310 2305; baseline 0.004 -15"><span class='ocrx_word' id='word_1_432' title='bbox 1323 2256 1416 2290; x_wconf 71' lang='lat' dir='ltr'><em>Exc.</em></span> <span class='ocrx_word' id='word_1_433' title='bbox 1438 2257 1495 2291; x_wconf 89' lang='lat' dir='ltr'><em>De</em></span> <span class='ocrx_word' id='word_1_434' title='bbox 1510 2255 1580 2292; x_wconf 87' lang='lat' dir='ltr'><em>ins.</em></span> <span class='ocrx_word' id='word_1_435' title='bbox 1599 2267 1638 2303; x_wconf 89' lang='lat' dir='ltr'>p.</span> <span class='ocrx_word' id='word_1_436' title='bbox 1654 2266 1701 2301; x_wconf 81' lang='lat'>27</span> <span class='ocrx_word' id='word_1_437' title='bbox 1722 2267 1732 2290; x_wconf 90' lang='lat'>:</span> <span class='ocrx_word' id='word_1_438' title='bbox 1753 2252 1840 2293; x_wconf 74' lang='grc' dir='ltr'>’Ὀτι</span> <span class='ocrx_word' id='word_1_439' title='bbox 1853 2253 1910 2292; x_wconf 83' lang='grc' dir='ltr'>ἐπὶ</span> <span class='ocrx_word' id='word_1_440' title='bbox 1927 2253 2033 2293; x_wconf 87' lang='grc' dir='ltr'>Τίτου</span> <span class='ocrx_word' id='word_1_441' title='bbox 2046 2258 2104 2294; x_wconf 85' lang='grc' dir='ltr'>τοῦ</span> <span class='ocrx_word' id='word_1_442' title='bbox 2119 2255 2310 2305; x_wconf 82' lang='grc' dir='ltr'>Ῥωμαίων</span> 
     </span>
     <span class='ocr_line' id='line_1_68' title="bbox 1273 2307 2310 2368; baseline 0.006 -20"><span class='ocrx_word' id='word_1_443' title='bbox 1273 2311 1454 2363; x_wconf 89' lang='grc' dir='ltr'>βασιλέως,</span> <span class='ocrx_word' id='word_1_444' title='bbox 1464 2311 1550 2362; x_wconf 84' lang='grc' dir='ltr'>ἀνήρ</span> <span class='ocrx_word' id='word_1_445' title='bbox 1564 2327 1612 2354; x_wconf 85' lang='grc' dir='ltr'>τις</span> <span class='ocrx_word' id='word_1_446' title='bbox 1622 2310 1818 2364; x_wconf 80' lang='grc' dir='ltr'>[Ἀσιανὸς]</span> <span class='ocrx_word' id='word_1_447' title='bbox 1834 2311 1879 2350; x_wconf 81' lang='grc' dir='ltr'>ὢν</span> <span class='ocrx_word' id='word_1_448' title='bbox 1888 2307 1952 2364; x_wconf 66' lang='grc' dir='ltr'>[ἦν</span> <span class='ocrx_word' id='word_1_449' title='bbox 1963 2314 2000 2364; x_wconf 68' lang='grc' dir='ltr'>Ῥ]</span> <span class='ocrx_word' id='word_1_450' title='bbox 2013 2312 2051 2352; x_wconf 82' lang='grc' dir='ltr'>τὸ</span> <span class='ocrx_word' id='word_1_451' title='bbox 2066 2313 2174 2365; x_wconf 84' lang='grc' dir='ltr'>γένος,</span> <span class='ocrx_word' id='word_1_452' title='bbox 2183 2315 2310 2368; x_wconf 86' lang='grc' dir='ltr'>Τερέν-</span> 
     </span>
     <span class='ocr_line' id='line_1_69' title="bbox 1271 2370 2310 2426; baseline 0.005 -20"><span class='ocrx_word' id='word_1_453' title='bbox 1271 2385 1339 2413; x_wconf 88' lang='grc' dir='ltr'>τιος</span> <span class='ocrx_word' id='word_1_454' title='bbox 1353 2370 1512 2420; x_wconf 84' lang='grc' dir='ltr'>Μάξιμος</span> <span class='ocrx_word' id='word_1_455' title='bbox 1524 2370 1650 2421; x_wconf 83' lang='grc' dir='ltr'>ὄνομα,</span> <span class='ocrx_word' id='word_1_456' title='bbox 1662 2370 1706 2408; x_wconf 84' lang='grc' dir='ltr'>τά</span> <span class='ocrx_word' id='word_1_457' title='bbox 1722 2386 1758 2408; x_wconf 89' lang='grc' dir='ltr'>τε</span> <span class='ocrx_word' id='word_1_458' title='bbox 1770 2370 1858 2409; x_wconf 82' lang='grc' dir='ltr'>ἄλλα</span> <span class='ocrx_word' id='word_1_459' title='bbox 1874 2370 1933 2409; x_wconf 83' lang='grc' dir='ltr'>καὶ</span> <span class='ocrx_word' id='word_1_460' title='bbox 1947 2370 2009 2419; x_wconf 84' lang='grc' dir='ltr'>τὴν</span> <span class='ocrx_word' id='word_1_461' title='bbox 2028 2372 2141 2424; x_wconf 81' lang='grc' dir='ltr'>φωνὴν</span> <span class='ocrx_word' id='word_1_462' title='bbox 2154 2388 2310 2426; x_wconf 90' lang='grc' dir='ltr'>προσεοι-</span> 
     </span>
    </p>
   </div>
   <div class='ocr_carea' id='block_1_18' title="bbox 172 2448 2302 2463">
    <p class='ocr_par' dir='ltr' id='par_1_20' title="bbox 172 2448 2302 2463">
     <span class='ocr_line' id='line_1_70' title="bbox 172 2448 2302 2463; baseline 0 1241"><span class='ocrx_word' id='word_1_463' title='bbox 172 2448 2302 2463; x_wconf 95' lang='lat' dir='ltr'> </span> 
     </span>
    </p>
   </div>
   <div class='ocr_carea' id='block_1_19' title="bbox 166 2481 2322 3406">
    <p class='ocr_par' dir='ltr' id='par_1_21' title="bbox 166 2481 2310 2570">
     <span class='ocr_line' id='line_1_71' title="bbox 169 2481 2310 2528; baseline 0.002 -15"><span class='ocrx_word' id='word_1_464' title='bbox 169 2484 304 2513; x_wconf 83' lang='lat' dir='ltr'><em>occisus</em></span> <span class='ocrx_word' id='word_1_465' title='bbox 321 2483 372 2513; x_wconf 78' lang='lat' dir='ltr'>est</span> <span class='ocrx_word' id='word_1_466' title='bbox 383 2506 392 2521; x_wconf 95' lang='lat'>‚</span> <span class='ocrx_word' id='word_1_467' title='bbox 409 2481 591 2521; x_wconf 79' lang='lat' dir='ltr'><em>interfecto</em></span> <span class='ocrx_word' id='word_1_468' title='bbox 606 2484 708 2522; x_wconf 85' lang='lat' dir='ltr'><em>prius</em></span> <span class='ocrx_word' id='word_1_469' title='bbox 726 2482 854 2513; x_wconf 82' lang='lat' dir='ltr'><em>Sabino</em></span> <span class='ocrx_word' id='word_1_470' title='bbox 865 2505 875 2520; x_wconf 93' lang='lat'>‚</span> <span class='ocrx_word' id='word_1_471' title='bbox 895 2483 1092 2522; x_wconf 73' lang='lat' dir='ltr'><em>Vespasiani</em></span> <span class='ocrx_word' id='word_1_472' title='bbox 1109 2483 1190 2522; x_wconf 87' lang='lat' dir='ltr'><em>imp.</em></span> <span class='ocrx_word' id='word_1_473' title='bbox 1200 2481 1342 2522; x_wconf 83' lang='lat' dir='ltr'><em>fratre,</em></span> <span class='ocrx_word' id='word_1_474' title='bbox 1357 2490 1457 2523; x_wconf 79' lang='lat' dir='ltr'><em>quem</em></span> <span class='ocrx_word' id='word_1_475' title='bbox 1475 2491 1553 2514; x_wconf 87' lang='lat' dir='ltr'>cum</span> <span class='ocrx_word' id='word_1_476' title='bbox 1567 2483 1737 2523; x_wconf 76' lang='lat' dir='ltr'><em>Capitolio</em></span> <span class='ocrx_word' id='word_1_477' title='bbox 1751 2482 1912 2515; x_wconf 78' lang='lat' dir='ltr'><em>incendit.</em></span> <span class='ocrx_word' id='word_1_478' title='bbox 1927 2484 1978 2516; x_wconf 82' lang='lat' dir='ltr'>Cf.</span> <span class='ocrx_word' id='word_1_479' title='bbox 1994 2484 2032 2515; x_wconf 80' lang='lat' dir='ltr'><em>fr.</em></span> <span class='ocrx_word' id='word_1_480' title='bbox 2049 2487 2103 2517; x_wconf 82' lang='lat'><em>98.</em></span> <span class='ocrx_word' id='word_1_481' title='bbox 2116 2502 2157 2508; x_wconf 92' lang='lat'><strong>—</strong></span> <span class='ocrx_word' id='word_1_482' title='bbox 2172 2485 2310 2528; x_wconf 73' lang='grc' dir='ltr'>ἐπῄνει</span> 
     </span>
     <span class='ocr_line' id='line_1_72' title="bbox 166 2527 2187 2570; baseline 0.003 -12"><span class='ocrx_word' id='word_1_483' title='bbox 166 2529 214 2558; x_wconf 85' lang='grc' dir='ltr'>τὰ</span> <span class='ocrx_word' id='word_1_484' title='bbox 231 2527 431 2568; x_wconf 85' lang='grc' dir='ltr'>Νέρωνος]</span> <span class='ocrx_word' id='word_1_485' title='bbox 450 2528 499 2559; x_wconf 76' lang='lat' dir='ltr'>Cf.</span> <span class='ocrx_word' id='word_1_486' title='bbox 517 2527 669 2567; x_wconf 81' lang='lat' dir='ltr'><em>Xiphilin.</em></span> <span class='ocrx_word' id='word_1_487' title='bbox 686 2530 769 2559; x_wconf 84' lang='lat' dir='ltr'>XLV</span> <span class='ocrx_word' id='word_1_488' title='bbox 782 2552 790 2566; x_wconf 93' lang='lat'><em>‚</em></span> <span class='ocrx_word' id='word_1_489' title='bbox 813 2530 843 2559; x_wconf 82' lang='lat'><em>4.</em></span> <span class='ocrx_word' id='word_1_490' title='bbox 866 2529 957 2560; x_wconf 87' lang='lat' dir='ltr'><em>Dion.</em></span> <span class='ocrx_word' id='word_1_491' title='bbox 977 2530 1055 2559; x_wconf 84' lang='lat' dir='ltr'><em>Exc.</em></span> <span class='ocrx_word' id='word_1_492' title='bbox 1076 2529 1150 2560; x_wconf 82' lang='lat' dir='ltr'><em>vat.</em></span> <span class='ocrx_word' id='word_1_493' title='bbox 1176 2536 1207 2567; x_wconf 88' lang='lat' dir='ltr'>p.</span> <span class='ocrx_word' id='word_1_494' title='bbox 1228 2531 1298 2570; x_wconf 67' lang='grc'>218.</span> <span class='ocrx_word' id='word_1_495' title='bbox 1315 2547 1355 2554; x_wconf 88' lang='lat'>-—</span> <span class='ocrx_word' id='word_1_496' title='bbox 1370 2529 1461 2568; x_wconf 87' lang='grc' dir='ltr'>πρὸς</span> <span class='ocrx_word' id='word_1_497' title='bbox 1477 2529 1557 2560; x_wconf 74' lang='grc' dir='ltr'>δε...</span> <span class='ocrx_word' id='word_1_498' title='bbox 1578 2528 1908 2570; x_wconf 54' lang='grc' dir='ltr'>κατακζτείνεται]</span> <span class='ocrx_word' id='word_1_499' title='bbox 1926 2538 1943 2561; x_wconf 89' lang='lat' dir='ltr'><em>e</em></span> <span class='ocrx_word' id='word_1_500' title='bbox 1959 2529 2056 2562; x_wconf 74' lang='lat' dir='ltr'>Sama</span> <span class='ocrx_word' id='word_1_501' title='bbox 2067 2530 2187 2564; x_wconf 83' lang='lat' dir='ltr'><em>addidi.</em></span> 
     </span>
    </p>

    <p class='ocr_par' dir='ltr' id='par_1_22' title="bbox 168 2573 2313 2798">
     <span class='ocr_line' id='line_1_73' title="bbox 213 2573 2308 2620; baseline 0.002 -14"><span class='ocrx_word' id='word_1_502' title='bbox 213 2577 264 2606; x_wconf 85' lang='lat' dir='ltr'><em>Fr.</em></span> <span class='ocrx_word' id='word_1_503' title='bbox 284 2578 336 2607; x_wconf 80' lang='lat'><em>98.</em></span> <span class='ocrx_word' id='word_1_504' title='bbox 353 2573 458 2613; x_wconf 81' lang='lat' dir='ltr'><em>Pergit</em></span> <span class='ocrx_word' id='word_1_505' title='bbox 471 2574 643 2613; x_wconf 80' lang='lat' dir='ltr'><strong>Eutropius</strong></span> <span class='ocrx_word' id='word_1_506' title='bbox 659 2586 666 2604; x_wconf 88' lang='lat'>:</span> <span class='ocrx_word' id='word_1_507' title='bbox 686 2575 901 2614; x_wconf 77' lang='lat' dir='ltr'><em>Interceptus</em></span> <span class='ocrx_word' id='word_1_508' title='bbox 916 2575 1033 2605; x_wconf 82' lang='lat' dir='ltr'><em>autem</em></span> <span class='ocrx_word' id='word_1_509' title='bbox 1047 2575 1080 2606; x_wconf 78' lang='lat' dir='ltr'><em>et</em></span> <span class='ocrx_word' id='word_1_510' title='bbox 1093 2581 1172 2604; x_wconf 81' lang='lat' dir='ltr'>cum</span> <span class='ocrx_word' id='word_1_511' title='bbox 1185 2581 1262 2613; x_wconf 77' lang='lat' dir='ltr'>may</span> <span class='ocrx_word' id='word_1_512' title='bbox 1269 2582 1310 2604; x_wconf 88' lang='lat' dir='ltr'>no</span> <span class='ocrx_word' id='word_1_513' title='bbox 1325 2574 1485 2608; x_wconf 79' lang='lat' dir='ltr'><em>dedecore</em></span> <span class='ocrx_word' id='word_1_514' title='bbox 1499 2578 1634 2608; x_wconf 79' lang='lat' dir='ltr'><em>tractus</em></span> <span class='ocrx_word' id='word_1_515' title='bbox 1647 2584 1709 2616; x_wconf 88' lang='lat' dir='ltr'>per</span> <span class='ocrx_word' id='word_1_516' title='bbox 1723 2576 1843 2608; x_wconf 79' lang='lat' dir='ltr'><em>urbem</em></span> <span class='ocrx_word' id='word_1_517' title='bbox 1857 2579 1998 2609; x_wconf 85' lang='lat' dir='ltr'><em>Romam</em></span> <span class='ocrx_word' id='word_1_518' title='bbox 2010 2577 2164 2617; x_wconf 78' lang='lat' dir='ltr'><em>publice,</em></span> <span class='ocrx_word' id='word_1_519' title='bbox 2179 2578 2308 2620; x_wconf 75' lang='lat' dir='ltr'><em>nudus,</em></span> 
     </span>
     <span class='ocr_line' id='line_1_74' title="bbox 170 2619 2310 2667; baseline 0.003 -15"><span class='ocrx_word' id='word_1_520' title='bbox 170 2623 285 2652; x_wconf 72' lang='lat' dir='ltr'><em>erecta</em></span> <span class='ocrx_word' id='word_1_521' title='bbox 300 2628 398 2651; x_wconf 84' lang='lat' dir='ltr'><em>coma</em></span> <span class='ocrx_word' id='word_1_522' title='bbox 417 2622 448 2651; x_wconf 82' lang='lat' dir='ltr'><em>et</em></span> <span class='ocrx_word' id='word_1_523' title='bbox 465 2621 597 2660; x_wconf 82' lang='lat' dir='ltr'><em>capite,</em></span> <span class='ocrx_word' id='word_1_524' title='bbox 619 2619 767 2658; x_wconf 79' lang='lat' dir='ltr'><em>subjecto</em></span> <span class='ocrx_word' id='word_1_525' title='bbox 783 2620 832 2651; x_wconf 85' lang='lat' dir='ltr'>ad</span> <span class='ocrx_word' id='word_1_526' title='bbox 852 2622 1007 2651; x_wconf 79' lang='lat' dir='ltr'><em>mentum</em></span> <span class='ocrx_word' id='word_1_527' title='bbox 1024 2620 1159 2659; x_wconf 66' lang='lat' dir='ltr'><em>eladio,</em></span> <span class='ocrx_word' id='word_1_528' title='bbox 1177 2622 1324 2652; x_wconf 82' lang='lat' dir='ltr'><em>stercore</em></span> <span class='ocrx_word' id='word_1_529' title='bbox 1344 2623 1382 2654; x_wconf 82' lang='lat' dir='ltr'>in</span> <span class='ocrx_word' id='word_1_530' title='bbox 1406 2623 1542 2655; x_wconf 81' lang='lat' dir='ltr'><em>vultum</em></span> <span class='ocrx_word' id='word_1_531' title='bbox 1561 2626 1594 2655; x_wconf 80' lang='lat' dir='ltr'><em>et</em></span> <span class='ocrx_word' id='word_1_532' title='bbox 1612 2625 1732 2663; x_wconf 79' lang='lat' dir='ltr'><em>pectus</em></span> <span class='ocrx_word' id='word_1_533' title='bbox 1754 2624 1796 2655; x_wconf 80' lang='lat' dir='ltr'>ab</span> <span class='ocrx_word' id='word_1_534' title='bbox 1821 2625 1976 2656; x_wconf 79' lang='lat' dir='ltr'><em>omnibus</em></span> <span class='ocrx_word' id='word_1_535' title='bbox 1998 2625 2108 2657; x_wconf 84' lang='lat' dir='ltr'><em>obviis</em></span> <span class='ocrx_word' id='word_1_536' title='bbox 2124 2628 2310 2667; x_wconf 71' lang='lat' dir='ltr'><em>appetitus,</em></span> 
     </span>
     <span class='ocr_line' id='line_1_75' title="bbox 168 2666 2313 2713; baseline 0.003 -15"><span class='ocrx_word' id='word_1_537' title='bbox 168 2669 341 2706; x_wconf 79' lang='lat' dir='ltr'><em>postremo</em></span> <span class='ocrx_word' id='word_1_538' title='bbox 357 2666 548 2707; x_wconf 74' lang='lat' dir='ltr'><em>juqulatus</em></span> <span class='ocrx_word' id='word_1_539' title='bbox 567 2668 599 2697; x_wconf 88' lang='lat' dir='ltr'><em>et</em></span> <span class='ocrx_word' id='word_1_540' title='bbox 614 2667 651 2698; x_wconf 87' lang='lat' dir='ltr'>in</span> <span class='ocrx_word' id='word_1_541' title='bbox 674 2666 822 2698; x_wconf 79' lang='lat' dir='ltr'><em>Tiberim</em></span> <span class='ocrx_word' id='word_1_542' title='bbox 836 2666 1004 2706; x_wconf 73' lang='lat' dir='ltr'><em>dejectus,</em></span> <span class='ocrx_word' id='word_1_543' title='bbox 1022 2668 1130 2697; x_wconf 79' lang='lat' dir='ltr'><em>eciam</em></span> <span class='ocrx_word' id='word_1_544' title='bbox 1143 2670 1313 2698; x_wconf 84' lang='lat' dir='ltr'><em>communi</em></span> <span class='ocrx_word' id='word_1_545' title='bbox 1330 2671 1449 2702; x_wconf 81' lang='lat' dir='ltr'><em>caruit</em></span> <span class='ocrx_word' id='word_1_546' title='bbox 1465 2670 1658 2711; x_wconf 78' lang='lat' dir='ltr'><em>sepultura.</em></span> <span class='ocrx_word' id='word_1_547' title='bbox 1675 2672 1788 2702; x_wconf 77' lang='lat' dir='ltr'><em>Periit</em></span> <span class='ocrx_word' id='word_1_548' title='bbox 1801 2673 1917 2702; x_wconf 71' lang='lat' dir='ltr'><em>autem</em></span> <span class='ocrx_word' id='word_1_549' title='bbox 1936 2673 2050 2703; x_wconf 78' lang='lat' dir='ltr'><em>aetatis</em></span> <span class='ocrx_word' id='word_1_550' title='bbox 2065 2679 2158 2703; x_wconf 86' lang='lat' dir='ltr'><em>anno</em></span> <span class='ocrx_word' id='word_1_551' title='bbox 2169 2675 2313 2713; x_wconf 77' lang='lat' dir='ltr'><em>septimo</em></span> 
     </span>
     <span class='ocr_line' id='line_1_76' title="bbox 172 2712 2311 2758; baseline 0.003 -14"><span class='ocrx_word' id='word_1_552' title='bbox 172 2715 205 2744; x_wconf 79' lang='lat' dir='ltr'><em>el</em></span> <span class='ocrx_word' id='word_1_553' title='bbox 222 2715 491 2754; x_wconf 81' lang='lat' dir='ltr'><em>quinquasemo,</em></span> <span class='ocrx_word' id='word_1_554' title='bbox 505 2714 641 2752; x_wconf 83' lang='lat' dir='ltr'><em>imperii</em></span> <span class='ocrx_word' id='word_1_555' title='bbox 657 2721 770 2744; x_wconf 83' lang='lat' dir='ltr'><em>mense</em></span> <span class='ocrx_word' id='word_1_556' title='bbox 785 2714 874 2745; x_wconf 86' lang='lat' dir='ltr'><em>XIII</em></span> <span class='ocrx_word' id='word_1_557' title='bbox 888 2715 920 2744; x_wconf 77' lang='lat' dir='ltr'><em>et</em></span> <span class='ocrx_word' id='word_1_558' title='bbox 935 2712 976 2751; x_wconf 94' lang='lat' dir='ltr'>I(</span> <span class='ocrx_word' id='word_1_559' title='bbox 994 2713 1138 2751; x_wconf 70' lang='lat' dir='ltr'><em>V12).Ct.</em></span> <span class='ocrx_word' id='word_1_560' title='bbox 1155 2712 1249 2753; x_wconf 83' lang='lat' dir='ltr'><em>Xiph.</em></span> <span class='ocrx_word' id='word_1_561' title='bbox 1264 2715 1363 2753; x_wconf 89' lang='lat' dir='ltr'>LXV,</span> <span class='ocrx_word' id='word_1_562' title='bbox 1379 2720 1436 2755; x_wconf 87' lang='lat'>20,</span> <span class='ocrx_word' id='word_1_563' title='bbox 1451 2720 1555 2748; x_wconf 88' lang='lat'><em>21.-</em></span> <span class='ocrx_word' id='word_1_564' title='bbox 1567 2717 1734 2756; x_wconf 81' lang='grc' dir='ltr'>ἕὸδομον</span> <span class='ocrx_word' id='word_1_565' title='bbox 1752 2717 1815 2747; x_wconf 84' lang='grc' dir='ltr'>καὶ</span> <span class='ocrx_word' id='word_1_566' title='bbox 1832 2715 1879 2757; x_wconf 88' lang='grc' dir='ltr'>ν’]</span> <span class='ocrx_word' id='word_1_567' title='bbox 1894 2716 1944 2748; x_wconf 86' lang='lat' dir='ltr'><em>Sic</em></span> <span class='ocrx_word' id='word_1_568' title='bbox 1954 2717 2049 2748; x_wconf 81' lang='lat' dir='ltr'><em>etiam</em></span> <span class='ocrx_word' id='word_1_569' title='bbox 2063 2719 2193 2749; x_wconf 80' lang='lat' dir='ltr'><em>sueton.</em></span> <span class='ocrx_word' id='word_1_570' title='bbox 2208 2727 2237 2750; x_wconf 84' lang='lat' dir='ltr'><em>c.</em></span> <span class='ocrx_word' id='word_1_571' title='bbox 2254 2722 2311 2758; x_wconf 83' lang='lat'>18;</span> 
     </span>
     <span class='ocr_line' id='line_1_77' title="bbox 172 2758 2206 2798; baseline 0.002 -8"><span class='ocrx_word' id='word_1_572' title='bbox 172 2759 273 2790; x_wconf 78' lang='lat' dir='ltr'><em>Tacit.</em></span> <span class='ocrx_word' id='word_1_573' title='bbox 288 2761 350 2797; x_wconf 85' lang='lat'>111,</span> <span class='ocrx_word' id='word_1_574' title='bbox 367 2762 423 2797; x_wconf 75' lang='lat'>863</span> <span class='ocrx_word' id='word_1_575' title='bbox 438 2758 548 2789; x_wconf 83' lang='lat' dir='ltr'><em>Victor</em></span> <span class='ocrx_word' id='word_1_576' title='bbox 564 2761 618 2798; x_wconf 83' lang='lat' dir='ltr'><em>Ep.</em></span> <span class='ocrx_word' id='word_1_577' title='bbox 634 2760 729 2798; x_wconf 90' lang='lat' dir='ltr'><em>Vlll,</em></span> <span class='ocrx_word' id='word_1_578' title='bbox 746 2764 774 2790; x_wconf 87' lang='lat'><em>5.</em></span> <span class='ocrx_word' id='word_1_579' title='bbox 790 2758 942 2798; x_wconf 83' lang='lat' dir='ltr'><em>Xiphilin.</em></span> <span class='ocrx_word' id='word_1_580' title='bbox 957 2759 989 2789; x_wconf 88' lang='lat' dir='ltr'><em>et</em></span> <span class='ocrx_word' id='word_1_581' title='bbox 1004 2760 1140 2790; x_wconf 85' lang='lat' dir='ltr'><em>zonaras</em></span> <span class='ocrx_word' id='word_1_582' title='bbox 1153 2759 1278 2790; x_wconf 78' lang='lat' dir='ltr'><em>nonnisi</em></span> <span class='ocrx_word' id='word_1_583' title='bbox 1292 2762 1330 2791; x_wconf 83' lang='lat'>54</span> <span class='ocrx_word' id='word_1_584' title='bbox 1343 2769 1443 2793; x_wconf 83' lang='lat' dir='ltr'><em>annos</em></span> <span class='ocrx_word' id='word_1_585' title='bbox 1459 2764 1640 2793; x_wconf 81' lang='lat' dir='ltr'><em>numerant.</em></span> <span class='ocrx_word' id='word_1_586' title='bbox 1657 2764 1695 2793; x_wconf 90' lang='lat' dir='ltr'>V.</span> <span class='ocrx_word' id='word_1_587' title='bbox 1714 2763 1782 2793; x_wconf 85' lang='lat' dir='ltr'><em>not.</em></span> <span class='ocrx_word' id='word_1_588' title='bbox 1800 2764 1860 2793; x_wconf 67' lang='lat'>&#39;114</span> <span class='ocrx_word' id='word_1_589' title='bbox 1876 2762 1915 2793; x_wconf 84' lang='lat' dir='ltr'>ad</span> <span class='ocrx_word' id='word_1_590' title='bbox 1932 2762 2022 2794; x_wconf 83' lang='lat' dir='ltr'><em>Dion.</em></span> <span class='ocrx_word' id='word_1_591' title='bbox 2037 2762 2091 2794; x_wconf 87' lang='lat' dir='ltr'><em>lib.</em></span> <span class='ocrx_word' id='word_1_592' title='bbox 2106 2765 2206 2796; x_wconf 85' lang='lat' dir='ltr'>LXV.</span> 
     </span>
    </p>

    <p class='ocr_par' dir='ltr' id='par_1_23' title="bbox 173 2803 2315 3173">
     <span class='ocr_line' id='line_1_78' title="bbox 216 2803 2312 2848; baseline 0.003 -12"><span class='ocrx_word' id='word_1_593' title='bbox 216 2806 265 2836; x_wconf 81' lang='lat' dir='ltr'><em>Fr.</em></span> <span class='ocrx_word' id='word_1_594' title='bbox 289 2808 340 2837; x_wconf 84' lang='lat'><em>99.</em></span> <span class='ocrx_word' id='word_1_595' title='bbox 362 2805 480 2836; x_wconf 81' lang='lat' dir='ltr'><em>Eadem</em></span> <span class='ocrx_word' id='word_1_596' title='bbox 498 2804 612 2836; x_wconf 78' lang='lat' dir='ltr'><em>suidas</em></span> <span class='ocrx_word' id='word_1_597' title='bbox 634 2814 666 2836; x_wconf 88' lang='lat' dir='ltr'><em>v.</em></span> <span class='ocrx_word' id='word_1_598' title='bbox 690 2805 922 2843; x_wconf 83' lang='grc' dir='ltr'>Βεσπασιανὸς,</span> <span class='ocrx_word' id='word_1_599' title='bbox 940 2804 994 2844; x_wconf 87' lang='lat' dir='ltr'>qul</span> <span class='ocrx_word' id='word_1_600' title='bbox 1009 2803 1124 2835; x_wconf 82' lang='lat' dir='ltr'><em>deinde</em></span> <span class='ocrx_word' id='word_1_601' title='bbox 1140 2805 1273 2837; x_wconf 79' lang='lat' dir='ltr'><em>alteram</em></span> <span class='ocrx_word' id='word_1_602' title='bbox 1290 2808 1426 2846; x_wconf 85' lang='lat' dir='ltr'>glossam</span> <span class='ocrx_word' id='word_1_603' title='bbox 1444 2809 1589 2848; x_wconf 74' lang='lat' dir='ltr'><em>suinoit,</em></span> <span class='ocrx_word' id='word_1_604' title='bbox 1607 2817 1682 2848; x_wconf 78' lang='lat' dir='ltr'>quae</span> <span class='ocrx_word' id='word_1_605' title='bbox 1702 2808 1847 2848; x_wconf 82' lang='lat' dir='ltr'>Eutropii</span> <span class='ocrx_word' id='word_1_606' title='bbox 1868 2810 2081 2840; x_wconf 80' lang='lat' dir='ltr'>narrationem</span> <span class='ocrx_word' id='word_1_607' title='bbox 2103 2818 2206 2848; x_wconf 77' lang='lat' dir='ltr'><em>graece</em></span> <span class='ocrx_word' id='word_1_608' title='bbox 2224 2809 2312 2842; x_wconf 79' lang='lat' dir='ltr'><em>exhi-</em></span> 
     </span>
     <span class='ocr_line' id='line_1_79' title="bbox 173 2850 2311 2895; baseline 0.002 -13"><span class='ocrx_word' id='word_1_609' title='bbox 173 2850 245 2890; x_wconf 74' lang='lat' dir='ltr'><em>bet,</em></span> <span class='ocrx_word' id='word_1_610' title='bbox 268 2859 305 2882; x_wconf 76' lang='lat' dir='ltr'><em>nc</em></span> <span class='ocrx_word' id='word_1_611' title='bbox 331 2851 535 2890; x_wconf 81' lang='lat' dir='ltr'><em>probabiliter</em></span> <span class='ocrx_word' id='word_1_612' title='bbox 554 2860 594 2882; x_wconf 80' lang='lat' dir='ltr'>ex</span> <span class='ocrx_word' id='word_1_613' title='bbox 609 2851 720 2882; x_wconf 80' lang='lat' dir='ltr'><em>eodem</em></span> <span class='ocrx_word' id='word_1_614' title='bbox 744 2853 865 2883; x_wconf 82' lang='lat' dir='ltr'><em>Joanne</em></span> <span class='ocrx_word' id='word_1_615' title='bbox 880 2851 978 2891; x_wconf 81' lang='lat' dir='ltr'><em>petita</em></span> <span class='ocrx_word' id='word_1_616' title='bbox 1002 2851 1050 2882; x_wconf 81' lang='lat' dir='ltr'>est</span> <span class='ocrx_word' id='word_1_617' title='bbox 1075 2863 1081 2882; x_wconf 89' lang='lat'>:</span> <span class='ocrx_word' id='word_1_618' title='bbox 1100 2851 1198 2888; x_wconf 86' lang='grc' dir='ltr'>Οὗτος</span> <span class='ocrx_word' id='word_1_619' title='bbox 1217 2856 1281 2889; x_wconf 88' lang='grc' dir='ltr'>τοῖς</span> <span class='ocrx_word' id='word_1_620' title='bbox 1305 2853 1440 2894; x_wconf 83' lang='grc' dir='ltr'>ἀρίστοις</span> <span class='ocrx_word' id='word_1_621' title='bbox 1467 2857 1528 2886; x_wconf 87' lang='grc' dir='ltr'>τῶν</span> <span class='ocrx_word' id='word_1_622' title='bbox 1551 2855 1679 2886; x_wconf 86' lang='grc' dir='ltr'>πώποτε</span> <span class='ocrx_word' id='word_1_623' title='bbox 1705 2855 1858 2895; x_wconf 84' lang='grc' dir='ltr'>βασιλέων</span> <span class='ocrx_word' id='word_1_624' title='bbox 1883 2854 2130 2895; x_wconf 78' lang='grc' dir='ltr'>παραὸάλλεσθοιι</span> <span class='ocrx_word' id='word_1_625' title='bbox 2147 2855 2227 2892; x_wconf 81' lang='grc' dir='ltr'>ἀξιος</span> <span class='ocrx_word' id='word_1_626' title='bbox 2252 2856 2311 2895; x_wconf 86' lang='grc' dir='ltr'>ἦν·</span> 
     </span>
     <span class='ocr_line' id='line_1_80' title="bbox 175 2899 2313 2942; baseline 0.002 -13"><span class='ocrx_word' id='word_1_627' title='bbox 175 2899 206 2934; x_wconf 88' lang='grc' dir='ltr'>ὅς</span> <span class='ocrx_word' id='word_1_628' title='bbox 222 2909 256 2937; x_wconf 88' lang='grc' dir='ltr'>γε</span> <span class='ocrx_word' id='word_1_629' title='bbox 276 2899 330 2929; x_wconf 82' lang='grc' dir='ltr'>καὶ</span> <span class='ocrx_word' id='word_1_630' title='bbox 344 2899 396 2930; x_wconf 86' lang='grc' dir='ltr'>τὸν</span> <span class='ocrx_word' id='word_1_631' title='bbox 419 2899 544 2936; x_wconf 83' lang='grc' dir='ltr'>ἰδιώτην</span> <span class='ocrx_word' id='word_1_632' title='bbox 557 2899 668 2930; x_wconf 80' lang='grc' dir='ltr'>ἑαυτοῦ</span> <span class='ocrx_word' id='word_1_633' title='bbox 684 2899 752 2940; x_wconf 83' lang='grc' dir='ltr'>βίον</span> <span class='ocrx_word' id='word_1_634' title='bbox 766 2900 904 2936; x_wconf 82' lang='grc' dir='ltr'>ἐπίδοξον</span> <span class='ocrx_word' id='word_1_635' title='bbox 921 2900 1043 2935; x_wconf 82' lang='grc' dir='ltr'>πολλοῖς</span> <span class='ocrx_word' id='word_1_636' title='bbox 1055 2909 1088 2929; x_wconf 85' lang='grc' dir='ltr'>τε</span> <span class='ocrx_word' id='word_1_637' title='bbox 1101 2901 1154 2930; x_wconf 85' lang='grc' dir='ltr'>καὶ</span> <span class='ocrx_word' id='word_1_638' title='bbox 1169 2899 1310 2940; x_wconf 84' lang='grc' dir='ltr'>μεγάλοις</span> <span class='ocrx_word' id='word_1_639' title='bbox 1327 2900 1490 2932; x_wconf 82' lang='grc' dir='ltr'>ἀπετέλεσε</span> <span class='ocrx_word' id='word_1_640' title='bbox 1513 2902 1745 2942; x_wconf 87' lang='grc' dir='ltr'>κατορθώμασι.</span> <span class='ocrx_word' id='word_1_641' title='bbox 1767 2900 1914 2940; x_wconf 85' lang='grc' dir='ltr'>Κλαυδίῳ</span> <span class='ocrx_word' id='word_1_642' title='bbox 1935 2900 1994 2940; x_wconf 81' lang='grc' dir='ltr'>γὰρ</span> <span class='ocrx_word' id='word_1_643' title='bbox 2005 2903 2052 2940; x_wconf 79' lang='grc' dir='ltr'>τῷ</span> <span class='ocrx_word' id='word_1_644' title='bbox 2070 2901 2194 2940; x_wconf 87' lang='grc' dir='ltr'>βασιλεῖ’</span> <span class='ocrx_word' id='word_1_645' title='bbox 2215 2913 2313 2942; x_wconf 85' lang='grc' dir='ltr'>στρα-</span> 
     </span>
     <span class='ocr_line' id='line_1_81' title="bbox 173 2945 2313 2988; baseline 0.002 -13"><span class='ocrx_word' id='word_1_646' title='bbox 173 2948 276 2984; x_wconf 86' lang='grc' dir='ltr'>τηγῶν</span> <span class='ocrx_word' id='word_1_647' title='bbox 291 2946 339 2976; x_wconf 81' lang='grc' dir='ltr'>ἐπὶ</span> <span class='ocrx_word' id='word_1_648' title='bbox 355 2946 527 2985; x_wconf 82' lang='grc' dir='ltr'>Γερμανοὺς</span> <span class='ocrx_word' id='word_1_649' title='bbox 541 2947 592 2976; x_wconf 86' lang='grc' dir='ltr'>καὶ</span> <span class='ocrx_word' id='word_1_650' title='bbox 611 2947 794 2986; x_wconf 74' lang='grc' dir='ltr'>Βρεττανοὺς</span> <span class='ocrx_word' id='word_1_651' title='bbox 804 2970 812 2985; x_wconf 86' lang='grc'>,</span> <span class='ocrx_word' id='word_1_652' title='bbox 828 2945 848 2978; x_wconf 84' lang='grc' dir='ltr'>λ’</span> <span class='ocrx_word' id='word_1_653' title='bbox 865 2947 1012 2988; x_wconf 84' lang='grc' dir='ltr'>καρτερὰς</span> <span class='ocrx_word' id='word_1_654' title='bbox 1026 2945 1128 2987; x_wconf 82' lang='grc' dir='ltr'>μάχας</span> <span class='ocrx_word' id='word_1_655' title='bbox 1141 2946 1215 2986; x_wconf 79' lang='grc' dir='ltr'>πρὸς</span> <span class='ocrx_word' id='word_1_656' title='bbox 1228 2947 1297 2981; x_wconf 86' lang='grc' dir='ltr'>τοὺς</span> <span class='ocrx_word' id='word_1_657' title='bbox 1313 2947 1476 2987; x_wconf 80' lang='grc' dir='ltr'>πολεμίους</span> <span class='ocrx_word' id='word_1_658' title='bbox 1491 2946 1775 2987; x_wconf 83' lang='grc' dir='ltr'>ἀντιπαρεστήσατο</span> <span class='ocrx_word' id='word_1_659' title='bbox 1788 2955 1796 2962; x_wconf 84' lang='grc'><strong>”</strong></span> <span class='ocrx_word' id='word_1_660' title='bbox 1809 2948 1851 2982; x_wconf 79' lang='grc' dir='ltr'>εἰς</span> <span class='ocrx_word' id='word_1_661' title='bbox 1864 2947 1896 2977; x_wconf 85' lang='grc' dir='ltr'>δὲ</span> <span class='ocrx_word' id='word_1_662' title='bbox 1909 2947 1963 2983; x_wconf 80' lang='grc' dir='ltr'>τήν</span> <span class='ocrx_word' id='word_1_663' title='bbox 1976 2946 2143 2987; x_wconf 82' lang='grc' dir='ltr'>ἡγεμονίαν</span> <span class='ocrx_word' id='word_1_664' title='bbox 2153 2949 2313 2988; x_wconf 75' lang='grc' dir='ltr'>παρελθὼν</span> 
     </span>
     <span class='ocr_line' id='line_1_82' title="bbox 178 2991 2314 3036; baseline 0.002 -14"><span class='ocrx_word' id='word_1_665' title='bbox 178 2991 308 3032; x_wconf 82' lang='grc' dir='ltr'>μετρίως</span> <span class='ocrx_word' id='word_1_666' title='bbox 332 3001 364 3022; x_wconf 85' lang='grc' dir='ltr'>τε</span> <span class='ocrx_word' id='word_1_667' title='bbox 381 2992 433 3022; x_wconf 88' lang='grc' dir='ltr'>καὶ</span> <span class='ocrx_word' id='word_1_668' title='bbox 451 2992 615 3032; x_wconf 84' lang='grc' dir='ltr'>σωφρόνως</span> <span class='ocrx_word' id='word_1_669' title='bbox 631 2993 685 3029; x_wconf 79' lang='grc' dir='ltr'>τὴν</span> <span class='ocrx_word' id='word_1_670' title='bbox 702 2993 799 3033; x_wconf 78' lang='grc' dir='ltr'>ἀρχὴν</span> <span class='ocrx_word' id='word_1_671' title='bbox 817 2994 950 3034; x_wconf 86' lang='grc' dir='ltr'>διῴκητο</span> <span class='ocrx_word' id='word_1_672' title='bbox 963 3017 971 3032; x_wconf 92' lang='grc'>,</span> <span class='ocrx_word' id='word_1_673' title='bbox 994 2994 1221 3032; x_wconf 84' lang='grc' dir='ltr'>ἐπιθυμητικῶς</span> <span class='ocrx_word' id='word_1_674' title='bbox 1239 2992 1292 3031; x_wconf 85' lang='grc' dir='ltr'>μὲν</span> <span class='ocrx_word' id='word_1_675' title='bbox 1312 2992 1412 3023; x_wconf 85' lang='grc' dir='ltr'>δοκῶν</span> <span class='ocrx_word' id='word_1_676' title='bbox 1431 2993 1512 3034; x_wconf 75' lang='grc' dir='ltr'>ἔχειν</span> <span class='ocrx_word' id='word_1_677' title='bbox 1529 2993 1713 3034; x_wconf 82' lang='grc' dir='ltr'>χρημάτων,</span> <span class='ocrx_word' id='word_1_678' title='bbox 1740 2993 1776 3023; x_wconf 86' lang='grc' dir='ltr'>οὐ</span> <span class='ocrx_word' id='word_1_679' title='bbox 1793 2993 1852 3033; x_wconf 82' lang='grc' dir='ltr'>μὴν</span> <span class='ocrx_word' id='word_1_680' title='bbox 1873 2992 1956 3023; x_wconf 85' lang='grc' dir='ltr'>ὥστε</span> <span class='ocrx_word' id='word_1_681' title='bbox 1973 2994 2052 3033; x_wconf 76' lang='grc' dir='ltr'>παρὰ</span> <span class='ocrx_word' id='word_1_682' title='bbox 2063 2993 2155 3031; x_wconf 84' lang='grc' dir='ltr'>δίκην</span> <span class='ocrx_word' id='word_1_683' title='bbox 2178 2995 2314 3036; x_wconf 79' lang='grc' dir='ltr'>ἀφαιρεῖ-</span> 
     </span>
     <span class='ocr_line' id='line_1_83' title="bbox 177 3037 2313 3082; baseline 0.002 -13"><span class='ocrx_word' id='word_1_684' title='bbox 177 3038 249 3069; x_wconf 86' lang='grc' dir='ltr'>σθαί</span> <span class='ocrx_word' id='word_1_685' title='bbox 266 3048 334 3068; x_wconf 89' lang='grc' dir='ltr'>τινα</span> <span class='ocrx_word' id='word_1_686' title='bbox 347 3041 408 3069; x_wconf 86' lang='grc' dir='ltr'>τῶν</span> <span class='ocrx_word' id='word_1_687' title='bbox 423 3039 558 3070; x_wconf 78' lang='grc' dir='ltr'>οἰκείων.</span> <span class='ocrx_word' id='word_1_688' title='bbox 579 3040 639 3070; x_wconf 86' lang='grc' dir='ltr'>Καὶ</span> <span class='ocrx_word' id='word_1_689' title='bbox 655 3039 708 3070; x_wconf 86' lang='grc' dir='ltr'>τὸν</span> <span class='ocrx_word' id='word_1_690' title='bbox 721 3041 854 3071; x_wconf 81' lang='grc' dir='ltr'>πλοῦτον</span> <span class='ocrx_word' id='word_1_691' title='bbox 874 3042 932 3072; x_wconf 81' lang='grc' dir='ltr'>οὐκ</span> <span class='ocrx_word' id='word_1_692' title='bbox 951 3041 980 3077; x_wconf 86' lang='grc' dir='ltr'>ἐς</span> <span class='ocrx_word' id='word_1_693' title='bbox 996 3041 1051 3076; x_wconf 86' lang='grc' dir='ltr'>τὰς</span> <span class='ocrx_word' id='word_1_694' title='bbox 1066 3038 1176 3077; x_wconf 78' lang='grc' dir='ltr'>ἡδονὰς</span> <span class='ocrx_word' id='word_1_695' title='bbox 1186 3061 1195 3077; x_wconf 86' lang='grc'>,</span> <span class='ocrx_word' id='word_1_696' title='bbox 1218 3037 1284 3069; x_wconf 81' lang='grc' dir='ltr'>ἀλλ’</span> <span class='ocrx_word' id='word_1_697' title='bbox 1298 3038 1326 3074; x_wconf 86' lang='grc' dir='ltr'>ἐς</span> <span class='ocrx_word' id='word_1_698' title='bbox 1338 3040 1392 3075; x_wconf 82' lang='grc' dir='ltr'>τὰς</span> <span class='ocrx_word' id='word_1_699' title='bbox 1406 3039 1556 3078; x_wconf 82' lang='grc' dir='ltr'>δημοσίας</span> <span class='ocrx_word' id='word_1_700' title='bbox 1571 3038 1673 3080; x_wconf 86' lang='grc' dir='ltr'>χρείας</span> <span class='ocrx_word' id='word_1_701' title='bbox 1689 3039 1833 3070; x_wconf 85' lang='grc' dir='ltr'>ἐποιεῖτο.</span> <span class='ocrx_word' id='word_1_702' title='bbox 1859 3039 1980 3070; x_wconf 79' lang='grc' dir='ltr'>Οὔκουν</span> <span class='ocrx_word' id='word_1_703' title='bbox 1994 3040 2076 3079; x_wconf 78' lang='grc' dir='ltr'>εὕροι</span> <span class='ocrx_word' id='word_1_704' title='bbox 2092 3051 2137 3076; x_wconf 87' lang='grc' dir='ltr'>τις</span> <span class='ocrx_word' id='word_1_705' title='bbox 2159 3041 2197 3072; x_wconf 84' lang='grc' dir='ltr'>ἂν</span> <span class='ocrx_word' id='word_1_706' title='bbox 2211 3042 2313 3082; x_wconf 81' lang='grc' dir='ltr'>ἕτερον</span> 
     </span>
     <span class='ocr_line' id='line_1_84' title="bbox 178 3084 2315 3128; baseline 0.002 -12"><span class='ocrx_word' id='word_1_707' title='bbox 178 3085 236 3125; x_wconf 85' lang='grc' dir='ltr'>πρὸ</span> <span class='ocrx_word' id='word_1_708' title='bbox 252 3084 341 3114; x_wconf 80' lang='grc' dir='ltr'>τοῦδε</span> <span class='ocrx_word' id='word_1_709' title='bbox 357 3085 489 3125; x_wconf 84' lang='grc' dir='ltr'>βασιλέα</span> <span class='ocrx_word' id='word_1_710' title='bbox 503 3085 573 3116; x_wconf 82' lang='grc' dir='ltr'>οὗτε</span> <span class='ocrx_word' id='word_1_711' title='bbox 590 3086 808 3126; x_wconf 77' lang='grc' dir='ltr'>δαψιλέστερον</span> <span class='ocrx_word' id='word_1_712' title='bbox 823 3087 892 3118; x_wconf 82' lang='grc' dir='ltr'>οὔτε</span> <span class='ocrx_word' id='word_1_713' title='bbox 907 3087 981 3128; x_wconf 80' lang='grc' dir='ltr'>πρὸς</span> <span class='ocrx_word' id='word_1_714' title='bbox 994 3087 1030 3118; x_wconf 89' lang='grc' dir='ltr'>τὸ</span> <span class='ocrx_word' id='word_1_715' title='bbox 1043 3086 1111 3117; x_wconf 79' lang='grc' dir='ltr'>ῐσον</span> <span class='ocrx_word' id='word_1_716' title='bbox 1125 3097 1158 3118; x_wconf 90' lang='grc' dir='ltr'>τε</span> <span class='ocrx_word' id='word_1_717' title='bbox 1171 3086 1225 3117; x_wconf 85' lang='grc' dir='ltr'>καὶ</span> <span class='ocrx_word' id='word_1_718' title='bbox 1242 3085 1362 3117; x_wconf 84' lang='grc' dir='ltr'>δίκαιον</span> <span class='ocrx_word' id='word_1_719' title='bbox 1377 3086 1581 3126; x_wconf 83' lang='grc' dir='ltr'>ἐξητασμένον</span> <span class='ocrx_word' id='word_1_720' title='bbox 1599 3086 1654 3122; x_wconf 85' lang='grc' dir='ltr'>τὴν</span> <span class='ocrx_word' id='word_1_721' title='bbox 1677 3085 1750 3125; x_wconf 85' lang='grc' dir='ltr'>πρὸς</span> <span class='ocrx_word' id='word_1_722' title='bbox 1766 3085 1820 3121; x_wconf 82' lang='grc' dir='ltr'>τὰς</span> <span class='ocrx_word' id='word_1_723' title='bbox 1843 3085 1959 3125; x_wconf 85' lang='grc' dir='ltr'>δωρεὰς</span> <span class='ocrx_word' id='word_1_724' title='bbox 1974 3085 2213 3127; x_wconf 83' lang='grc' dir='ltr'>ἐλευθεριότητα.</span> <span class='ocrx_word' id='word_1_725' title='bbox 2230 3089 2315 3120; x_wconf 84' lang='lat' dir='ltr'>Cum</span> 
     </span>
     <span class='ocr_line' id='line_1_85' title="bbox 178 3131 835 3173; baseline 0.002 -11"><span class='ocrx_word' id='word_1_726' title='bbox 178 3132 285 3162; x_wconf 89' lang='lat' dir='ltr'><em>nostro</em></span> <span class='ocrx_word' id='word_1_727' title='bbox 302 3131 372 3162; x_wconf 90' lang='lat' dir='ltr'><em>loco</em></span> <span class='ocrx_word' id='word_1_728' title='bbox 385 3131 426 3162; x_wconf 81' lang='lat' dir='ltr'><em>ef.</em></span> <span class='ocrx_word' id='word_1_729' title='bbox 444 3132 562 3171; x_wconf 63' lang='lat' dir='ltr'><em>Xiplxil.</em></span> <span class='ocrx_word' id='word_1_730' title='bbox 581 3133 697 3172; x_wconf 78' lang='lat' dir='ltr'>LXVI,</span> <span class='ocrx_word' id='word_1_731' title='bbox 714 3136 751 3164; x_wconf 79' lang='lat'>10</span> <span class='ocrx_word' id='word_1_732' title='bbox 766 3141 835 3173; x_wconf 84' lang='lat' dir='ltr'><em>sqq.</em></span> 
     </span>
    </p>

    <p class='ocr_par' dir='ltr' id='par_1_24' title="bbox 220 3177 2322 3220">
     <span class='ocr_line' id='line_1_86' title="bbox 220 3177 2322 3220; baseline 0.001 -10"><span class='ocrx_word' id='word_1_733' title='bbox 220 3179 274 3210; x_wconf 83' lang='lat' dir='ltr'><em>Fr.</em></span> <span class='ocrx_word' id='word_1_734' title='bbox 292 3181 344 3209; x_wconf 89' lang='grc'>101</span> <span class='ocrx_word' id='word_1_735' title='bbox 354 3201 362 3208; x_wconf 95' lang='grc'><strong>.</strong></span> <span class='ocrx_word' id='word_1_736' title='bbox 379 3177 550 3218; x_wconf 81' lang='grc' dir='ltr'>τοσοῦτος]</span> <span class='ocrx_word' id='word_1_737' title='bbox 564 3179 608 3209; x_wconf 75' lang='lat' dir='ltr'><em>sic</em></span> <span class='ocrx_word' id='word_1_738' title='bbox 624 3186 682 3217; x_wconf 88' lang='lat' dir='ltr'>pro</span> <span class='ocrx_word' id='word_1_739' title='bbox 697 3182 846 3210; x_wconf 82' lang='grc' dir='ltr'>τοσοῦτον</span> <span class='ocrx_word' id='word_1_740' title='bbox 859 3178 931 3210; x_wconf 81' lang='lat' dir='ltr'><em>dedi</em></span> <span class='ocrx_word' id='word_1_741' title='bbox 946 3188 964 3211; x_wconf 84' lang='lat' dir='ltr'><em>e</em></span> <span class='ocrx_word' id='word_1_742' title='bbox 977 3178 1127 3220; x_wconf 80' lang='lat' dir='ltr'><em>Xiphilin.</em></span> <span class='ocrx_word' id='word_1_743' title='bbox 1148 3179 1260 3218; x_wconf 80' lang='lat' dir='ltr'>val,</span> <span class='ocrx_word' id='word_1_744' title='bbox 1281 3180 1330 3210; x_wconf 85' lang='lat'><em>16.</em></span> <span class='ocrx_word' id='word_1_745' title='bbox 2318 3199 2322 3202; x_wconf 89' lang='lat'><strong>·</strong></span> 
     </span>
    </p>

    <p class='ocr_par' dir='ltr' id='par_1_25' title="bbox 179 3224 2316 3359">
     <span class='ocr_line' id='line_1_87' title="bbox 219 3224 2316 3266; baseline 0 -10"><span class='ocrx_word' id='word_1_746' title='bbox 219 3226 272 3256; x_wconf 86' lang='lat' dir='ltr'>Fr.</span> <span class='ocrx_word' id='word_1_747' title='bbox 299 3228 368 3256; x_wconf 83' lang='lat'><em>102.</em></span> <span class='ocrx_word' id='word_1_748' title='bbox 392 3224 508 3255; x_wconf 82' lang='lat' dir='ltr'><em>Eadem</em></span> <span class='ocrx_word' id='word_1_749' title='bbox 527 3224 640 3256; x_wconf 82' lang='lat' dir='ltr'><em>suidas</em></span> <span class='ocrx_word' id='word_1_750' title='bbox 657 3233 688 3256; x_wconf 90' lang='lat' dir='ltr'><em>v.</em></span> <span class='ocrx_word' id='word_1_751' title='bbox 709 3225 812 3261; x_wconf 81' lang='grc' dir='ltr'>Τίτος.</span> <span class='ocrx_word' id='word_1_752' title='bbox 831 3226 1002 3266; x_wconf 85' lang='lat' dir='ltr'><em>Eutropius</em></span> <span class='ocrx_word' id='word_1_753' title='bbox 1017 3227 1093 3265; x_wconf 89' lang='lat' dir='ltr'><em>Vll,</em></span> <span class='ocrx_word' id='word_1_754' title='bbox 1119 3226 1154 3256; x_wconf 78' lang='lat'>¹4</span> <span class='ocrx_word' id='word_1_755' title='bbox 1174 3237 1182 3255; x_wconf 92' lang='lat'>:</span> <span class='ocrx_word' id='word_1_756' title='bbox 1205 3226 1291 3256; x_wconf 79' lang='lat' dir='ltr'><em>Huic</em></span> <span class='ocrx_word' id='word_1_757' title='bbox 1320 3226 1413 3256; x_wconf 83' lang='lat' dir='ltr'><em>Titus</em></span> <span class='ocrx_word' id='word_1_758' title='bbox 1427 3225 1530 3265; x_wconf 76' lang='lat' dir='ltr'><em>filius</em></span> <span class='ocrx_word' id='word_1_759' title='bbox 1555 3225 1732 3262; x_wconf 74' lang='lat' dir='ltr'><em>successu,</em></span> <span class='ocrx_word' id='word_1_760' title='bbox 1759 3224 1819 3263; x_wconf 75' lang='lat' dir='ltr'><em>qui</em></span> <span class='ocrx_word' id='word_1_761' title='bbox 1844 3225 1877 3255; x_wconf 79' lang='lat' dir='ltr'><em>et</em></span> <span class='ocrx_word' id='word_1_762' title='bbox 1903 3224 1976 3264; x_wconf 83' lang='lat' dir='ltr'><em>ipse</em></span> <span class='ocrx_word' id='word_1_763' title='bbox 2006 3225 2238 3264; x_wconf 72' lang='lat' dir='ltr'><em>Vespasianus</em></span> <span class='ocrx_word' id='word_1_764' title='bbox 2262 3227 2316 3258; x_wconf 75' lang='lat' dir='ltr'>ese</span> 
     </span>
     <span class='ocr_line' id='line_1_88' title="bbox 179 3270 2314 3312; baseline 0 -9"><span class='ocrx_word' id='word_1_765' title='bbox 179 3271 309 3309; x_wconf 67' lang='lat' dir='ltr'><em>didm,</em></span> <span class='ocrx_word' id='word_1_766' title='bbox 325 3273 381 3303; x_wconf 85' lang='lat' dir='ltr'>vir</span> <span class='ocrx_word' id='word_1_767' title='bbox 393 3271 548 3302; x_wconf 78' lang='lat' dir='ltr'><em>omnium</em></span> <span class='ocrx_word' id='word_1_768' title='bbox 567 3272 740 3303; x_wconf 79' lang='lat' dir='ltr'><em>virtutum</em></span> <span class='ocrx_word' id='word_1_769' title='bbox 761 3280 882 3312; x_wconf 74' lang='lat' dir='ltr'><em>qenere</em></span> <span class='ocrx_word' id='word_1_770' title='bbox 906 3273 1080 3304; x_wconf 80' lang='lat' dir='ltr'><em>mirabilis</em></span> <span class='ocrx_word' id='word_1_771' title='bbox 1102 3271 1204 3311; x_wconf 78' lang='lat' dir='ltr'><em>aden,</em></span> <span class='ocrx_word' id='word_1_772' title='bbox 1219 3273 1261 3303; x_wconf 80' lang='lat' dir='ltr'>ut</span> <span class='ocrx_word' id='word_1_773' title='bbox 1275 3279 1373 3302; x_wconf 88' lang='lat' dir='ltr'><em>amor</em></span> <span class='ocrx_word' id='word_1_774' title='bbox 1394 3274 1427 3304; x_wconf 79' lang='lat' dir='ltr'><em>et</em></span> <span class='ocrx_word' id='word_1_775' title='bbox 1447 3271 1578 3304; x_wconf 63' lang='lat' dir='ltr'><em>delicia:</em></span> <span class='ocrx_word' id='word_1_776' title='bbox 1597 3271 1742 3303; x_wconf 75' lang='lat' dir='ltr'><em>humani</em></span> <span class='ocrx_word' id='word_1_777' title='bbox 1763 3273 1895 3310; x_wconf 74' lang='lat' dir='ltr'><em>oeneris</em></span> <span class='ocrx_word' id='word_1_778' title='bbox 1922 3270 2104 3303; x_wconf 72' lang='lat' dir='ltr'><em>diceretur.</em></span> <span class='ocrx_word' id='word_1_779' title='bbox 2121 3271 2314 3304; x_wconf 63' lang='lat' dir='ltr'><em>Facundu-</em></span> 
     </span>
     <span class='ocr_line' id='line_1_89' title="bbox 179 3316 2076 3359; baseline 0.001 -11"><span class='ocrx_word' id='word_1_780' title='bbox 179 3319 301 3356; x_wconf 80' lang='lat' dir='ltr'><em>simus,</em></span> <span class='ocrx_word' id='word_1_781' title='bbox 318 3316 606 3356; x_wconf 80' lang='lat' dir='ltr'><em>bellicosissimus,</em></span> <span class='ocrx_word' id='word_1_782' title='bbox 618 3316 928 3350; x_wconf 74' lang='lat' dir='ltr'><em>moderatissimus.</em></span> <span class='ocrx_word' id='word_1_783' title='bbox 945 3321 1094 3351; x_wconf 82' lang='lat' dir='ltr'><em>Caussas</em></span> <span class='ocrx_word' id='word_1_784' title='bbox 1110 3320 1219 3351; x_wconf 83' lang='lat' dir='ltr'><em>latine</em></span> <span class='ocrx_word' id='word_1_785' title='bbox 1232 3321 1301 3358; x_wconf 65' lang='lat' dir='ltr'><em>epit</em></span> <span class='ocrx_word' id='word_1_786' title='bbox 1314 3328 1324 3349; x_wconf 86' lang='lat'><em>.·</em></span> <span class='ocrx_word' id='word_1_787' title='bbox 1335 3321 1496 3359; x_wconf 80' lang='lat' dir='ltr'><em>poemata</em></span> <span class='ocrx_word' id='word_1_788' title='bbox 1509 3320 1542 3350; x_wconf 77' lang='lat' dir='ltr'><em>et</em></span> <span class='ocrx_word' id='word_1_789' title='bbox 1558 3317 1744 3358; x_wconf 62' lang='lat' dir='ltr'><em>traqoedias</em></span> <span class='ocrx_word' id='word_1_790' title='bbox 1757 3325 1865 3358; x_wconf 73' lang='lat' dir='ltr'><em>qraece</em></span> <span class='ocrx_word' id='word_1_791' title='bbox 1879 3319 2076 3357; x_wconf 81' lang='lat' dir='ltr'><em>composuit.</em></span> 
     </span>
    </p>

    <p class='ocr_par' dir='ltr' id='par_1_26' title="bbox 222 3361 1554 3406">
     <span class='ocr_line' id='line_1_90' title="bbox 222 3361 1554 3406; baseline 0.001 -12"><span class='ocrx_word' id='word_1_792' title='bbox 222 3365 273 3395; x_wconf 88' lang='lat' dir='ltr'><em>Fr.</em></span> <span class='ocrx_word' id='word_1_793' title='bbox 295 3366 365 3394; x_wconf 82' lang='lat'><em>103.</em></span> <span class='ocrx_word' id='word_1_794' title='bbox 383 3361 502 3393; x_wconf 88' lang='lat' dir='ltr'><em>Eadem</em></span> <span class='ocrx_word' id='word_1_795' title='bbox 517 3361 630 3393; x_wconf 88' lang='lat' dir='ltr'><em>suidas</em></span> <span class='ocrx_word' id='word_1_796' title='bbox 642 3371 672 3394; x_wconf 85' lang='lat' dir='ltr'><em>v.</em></span> <span class='ocrx_word' id='word_1_797' title='bbox 691 3362 792 3399; x_wconf 86' lang='grc' dir='ltr'>Τίτος.</span> <span class='ocrx_word' id='word_1_798' title='bbox 807 3381 848 3385; x_wconf 95' lang='grc'><strong>-</strong></span> <span class='ocrx_word' id='word_1_799' title='bbox 865 3364 1181 3406; x_wconf 83' lang='grc' dir='ltr'>ἀποκαλοῦντες]</span> <span class='ocrx_word' id='word_1_800' title='bbox 1197 3366 1420 3402; x_wconf 76' lang='grc' dir='ltr'>ἀνακαλοῦντες</span> <span class='ocrx_word' id='word_1_801' title='bbox 1433 3366 1554 3398; x_wconf 80' lang='lat' dir='ltr'><em>suidas.</em></span> 
     </span>
    </p>
   </div>
   <div class='ocr_carea' id='block_1_20' title="bbox 222 3409 2312 3455">
    <p class='ocr_par' dir='ltr' id='par_1_27' title="bbox 222 3409 2312 3455">
     <span class='ocr_line' id='line_1_91' title="bbox 222 3409 2312 3455; baseline 0 -13"><span class='ocrx_word' id='word_1_802' title='bbox 222 3411 273 3442; x_wconf 87' lang='lat' dir='ltr'><em>Fr.</em></span> <span class='ocrx_word' id='word_1_803' title='bbox 305 3411 370 3441; x_wconf 66' lang='grc'>104.</span> <span class='ocrx_word' id='word_1_804' title='bbox 395 3411 441 3441; x_wconf 90' lang='lat' dir='ltr'><em>De</em></span> <span class='ocrx_word' id='word_1_805' title='bbox 459 3409 600 3441; x_wconf 83' lang='lat' dir='ltr'><em>secundo</em></span> <span class='ocrx_word' id='word_1_806' title='bbox 619 3409 680 3441; x_wconf 87' lang='lat' dir='ltr'><em>hoc</em></span> <span class='ocrx_word' id='word_1_807' title='bbox 698 3410 962 3444; x_wconf 83' lang='lat' dir='ltr'><em>Pseudo-Nerone</em></span> <span class='ocrx_word' id='word_1_808' title='bbox 978 3413 1057 3444; x_wconf 85' lang='lat' dir='ltr'><em>nihil</em></span> <span class='ocrx_word' id='word_1_809' title='bbox 1077 3413 1173 3445; x_wconf 81' lang='lat' dir='ltr'><em>habet</em></span> <span class='ocrx_word' id='word_1_810' title='bbox 1188 3414 1386 3455; x_wconf 80' lang='lat' dir='ltr'><em>xiphilinus3</em></span> <span class='ocrx_word' id='word_1_811' title='bbox 1402 3413 1455 3444; x_wconf 82' lang='lat' dir='ltr'>sed</span> <span class='ocrx_word' id='word_1_812' title='bbox 1472 3411 1617 3444; x_wconf 80' lang='lat' dir='ltr'><em>meminit</em></span> <span class='ocrx_word' id='word_1_813' title='bbox 1633 3412 1700 3452; x_wconf 85' lang='lat' dir='ltr'><em>ejus</em></span> <span class='ocrx_word' id='word_1_814' title='bbox 1716 3412 1853 3442; x_wconf 80' lang='lat' dir='ltr'><em>Zonaras</em></span> <span class='ocrx_word' id='word_1_815' title='bbox 1870 3413 1931 3451; x_wconf 84' lang='lat' dir='ltr'>xl,</span> <span class='ocrx_word' id='word_1_816' title='bbox 1952 3415 2005 3450; x_wconf 80' lang='lat'>18,</span> <span class='ocrx_word' id='word_1_817' title='bbox 2028 3419 2059 3451; x_wconf 80' lang='lat' dir='ltr'><em>p.</em></span> <span class='ocrx_word' id='word_1_818' title='bbox 2080 3413 2158 3451; x_wconf 83' lang='grc'>578,</span> <span class='ocrx_word' id='word_1_819' title='bbox 2177 3411 2201 3442; x_wconf 87' lang='lat' dir='ltr'>C</span> <span class='ocrx_word' id='word_1_820' title='bbox 2221 3422 2229 3442; x_wconf 78' lang='lat' dir='ltr'><strong><em>z</em></strong></span> <span class='ocrx_word' id='word_1_821' title='bbox 2246 3410 2312 3442; x_wconf 70' lang='lat' dir='ltr'><em>&#39;Ewi</em></span> 
     </span>
    </p>
   </div>
  </div>
 </body>
</html>
