2326 3724
103 270 175 302 134

153 349 320 402 Σύὸρα,
352 348 554 401 οὐδετέρως,
583 347 741 400 Φρυγίας
771 348 946 401 φρούριον,
978 349 1024 391 ὥς
1060 349 1135 386 Κα-

97 408 207 446 πίτων
235 410 269 446 ἐν
294 407 358 448 Ἰσ.
393 407 548 460 δευτέρῳ.
576 407 626 460 Τό
655 406 784 445 ἐθνικὸν
820 406 1024 456 Συὸριανός.
1056 407 1138 443 We-

97 469 303 504 stermanni
317 468 378 504 ed.
399 465 549 517 Σύμὸρα
564 475 601 503 et
615 464 853 516 Συμὸριανός;
875 466 991 514 idque
1010 473 1112 501 recte
1123 493 1134 511 ‚

96 533 192 575 puto
204 553 215 572 ‚
230 525 424 575 flagitante
442 525 575 561 ordine
603 525 856 573 alphabetico.

402 619 430 654 E
455 617 607 655 LIBRO
637 617 835 655 TERTIO.

603 706 639 742 3.

149 796 256 833 Idem
285 808 294 833 ε
317 793 507 846 Ἀρνεαὶ,
531 792 630 834 πόλις
649 790 782 834 Λυκίας
803 789 929 842 μικρὰ,
950 791 996 834 ὡς
1023 792 1069 830 Κ.
1103 791 1137 828 ἐν

95 853 164 894 Ἰσ.
182 853 299 906 τρίτῳ.
319 852 372 892 Τὸ
389 851 519 890 ἐθνικὸν
539 850 734 903 Ἀρνεάτης.

149 911 436 961 Μενεδήμιον,
454 910 553 954 πόλις
569 909 712 952 Λυκίας.
737 911 784 948 Κ.
805 910 839 947 ἐν
855 908 923 948 Ἰσ.
940 907 1061 961 τρίτῳ.
1083 905 1134 946 Τὸ

95 971 225 1009 levabis
243 969 459 1020 Μενεδήμιος
469 968 492 1015 ἢ
507 967 761 1018 Μενεδημιεύς.

148 1029 336 1081 Σύεδρα,
367 1028 466 1071 πόλις
489 1026 686 1078 Ἰσαυρίας,
715 1028 760 1069 ὡς
780 1027 830 1065 Κ.
859 1027 893 1063 ἓν
917 1024 982 1063 Ἰσ.
1010 1023 1132 1076 τρίτῳ.

95 1087 141 1128 Ὃ
163 1088 306 1134 πολίτης
331 1086 516 1139 Συεδρεύς.
545 1087 602 1126 Cf.
634 1087 767 1124 Florus
789 1090 826 1130 4,
847 1098 892 1131 23
920 1085 1065 1120 Lucan.
1095 1083 1134 1129 8,

95 1148 193 1197 2593
233 1147 428 1184 Hierocles
464 1146 628 1194 Synecd.
667 1158 708 1194 p.
756 1142 847 1192 395,
891 1143 951 1179 18.
988 1143 1138 1191 Syedris

95 1208 277 1244 oriundus
289 1206 456 1245 Valentis
470 1207 549 1242 dux
561 1205 743 1241 AElianus.
765 1205 807 1240 V.
820 1203 983 1252 Eunapii
1002 1202 1050 1238 fr.
1069 1202 1132 1238 36.

412 1306 442 1341 E
468 1304 619 1342 LIBRO
639 1303 812 1340 SEXTO.

594 1404 613 1442 li
622 1428 631 1437 .

145 1488 272 1525 Idem:
287 1488 319 1526 K
329 1501 350 1524 α
360 1484 422 1523 υίν
435 1486 482 1523 δα
491 1501 508 1523 ν
520 1487 541 1522 α
552 1513 563 1533 ,
576 1483 751 1537 Ἰσαυρίας
761 1483 877 1534 κώμη.
891 1484 937 1522 K.
947 1482 1013 1521 Ἰσ.
1025 1480 1133 1534 ἕκτῳτ

94 1544 140 1585 Ὁ
153 1545 320 1596 κωμήτης
333 1542 628 1590 Καυινδανεώτης.

146 1604 270 1644 Μούκ
281 1619 291 1641 ι
301 1619 321 1641 σ
333 1619 353 1641 σ
363 1619 403 1646 ος
415 1632 425 1650 ,
456 1602 556 1645 πόλις
591 1599 850 1644 Καππαδοκίας
862 1644 867 1647 .
880 1599 1054 1651 δευτέρας.
1088 1601 1133 1638 Κ.

93 1662 159 1704 Ἰσ.
180 1663 282 1715 ἕκτῳ.
303 1666 360 1700 De
382 1664 455 1699 hac
475 1664 591 1707 urbe,
610 1675 692 1710 quae
718 1663 799 1698 aliis
830 1661 936 1697 audit
969 1658 1135 1702 Μωκισὸς

93 1725 153 1760 vel
172 1721 370 1769 Μωκησὸς,
392 1730 601 1772 posteaque
630 1721 882 1770 Cappadociae
908 1721 1026 1755 tertiae
1053 1732 1134 1755 me-

94 1783 254 1831 tropolis
265 1794 287 1817 a
299 1782 508 1817 Justiniano
523 1783 539 1815 1
556 1781 760 1816 constituta
773 1788 810 1815 et
823 1779 1135 1827 Justinianopolis

94 1848 149 1878 est
157 1848 309 1885 vocata,
318 1840 405 1876 vide
417 1852 498 1888 quae
511 1846 776 1887 congesserunt
786 1839 927 1874 Berkel.
940 1838 988 1873 ad
1001 1837 1130 1886 Steph.

95 1907 132 1936 et
143 1900 364 1948 Wesseling.
382 1899 431 1934 ad
446 1898 614 1934 Hierocl.
633 1911 673 1946 p.
693 1898 767 1946 396
780 1924 790 1943 ‚
814 1910 875 1945 29.
895 1897 1072 1935 Ceterum
1089 1909 1135 1932 ex

93 1959 168 1994 hoc
201 1959 290 1994 loco
325 1958 481 2005 colligas
514 1957 739 2005 Capitonem
766 1957 901 1992 vixisse
930 1963 1134 2003 antequam

93 2017 324 2052 Justinianus
337 2015 636 2064 Cappadociam,
657 2027 679 2050 a
695 2016 851 2051 Valente
870 2015 962 2062 imp.
981 2014 1022 2049 in
1042 2014 1134 2049 duas

92 2082 219 2124 partes
235 2074 448 2111 distinctam
461 2102 471 2119 ‚
493 2075 533 2109 in
548 2081 622 2110 tres
638 2074 856 2122 provincias
874 2073 1129 2109 distribueret.

135 2184 288 2225 Symbra,
304 2186 419 2216 neutro
449 2192 580 2224 genere,
606 2184 735 2224 Phygioe
751 2183 936 2223 castellum,
954 2184 991 2215 ut
1021 2182 1135 2223 Capito

95 2238 134 2267 is.
151 2235 302 2268 secundo.
316 2236 440 2268 Gentile
453 2235 674 2276 Symbrianus.

599 2308 632 2339 3.

137 2382 268 2417 Arneae,
282 2377 360 2409 urbs
374 2378 480 2418 Lyciae
499 2385 618 2417 parva,
638 2378 674 2408 ut
690 2377 803 2418 Capito
819 2379 859 2410 ls.
882 2377 989 2409 tertio.
1007 2377 1136 2410 Gentile

95 2430 257 2461 Arneates.

136 2482 391 2521 Menedemum,
401 2483 477 2514 urbs
490 2483 605 2523 Lyciae.
622 2483 735 2524 Capito
752 2485 792 2516 Is.
807 2483 913 2516 tertio.
929 2483 1054 2516 Gentile
1067 2485 1135 2516 Me-

94 2533 261 2566 nedemius
277 2534 326 2565 vel
348 2533 618 2566 Menedeiniensis.

139 2586 278 2627 Syedra,
310 2587 388 2619 urbs
414 2587 555 2620 Isauriae.
589 2588 702 2628 Capito
732 2590 771 2620 Is.
802 2588 907 2621 tertio.
943 2589 1028 2621 Civis
1056 2591 1133 2630 Sye-

96 2637 230 2670 drensis.

600 2703 637 2736 4.

138 2767 341 2808 Cauindana,
363 2769 456 2800 vicus
476 2768 614 2800 isauriae.
643 2770 757 2810 Capito
781 2772 821 2803 ls.
855 2772 958 2803 sexto.
988 2773 1136 2812 paganus

97 2819 363 2853 Gauindaneates.

139 2872 317 2912 Mmissus,
336 2872 413 2905 urbs
429 2872 638 2914 Cappadociae
653 2875 814 2907 secundae.
833 2875 947 2917 capito
972 2878 1012 2909 Is.
1030 2878 1134 2910 sexto.

598 2944 633 2977 5.

140 3008 303 3049 Psimada,
331 3009 484 3050 oppidum
510 3010 653 3042 Isauriae.
683 3011 809 3044 Gentile
832 3012 1050 3046 Psimadeusis.
1070 3016 1134 3046 Ca-

763 259 1036 301 CAPITONIS
1066 259 1205 301 LYCII
1234 257 1568 300 FRAGMENTA.
1601 288 1603 291 s

1387 349 1418 384 E
1444 349 1595 385 LIBRO
1622 347 1813 386 DECIMO
1841 346 2044 395 QUINTO.

1695 438 1733 475 5.

1251 526 1382 575 Ψίμα
1394 528 1455 572 θα,
1474 523 1601 576 χωρίον
1616 523 1806 576 Ἶσαυρίας.
1822 523 1875 564 Τὸ
1895 525 2024 563 ἐθνικὸν
2042 527 2236 576 Ψιμαθεῖς.

1199 582 1367 623 Καπίτων
1396 583 1431 620 ἐν
1455 581 1772 635 πεντεκαιδεκάτῳ·
1793 599 1809 617 α
1841 582 1986 622 Κόνωνα
2012 583 2048 622 δὲ
2076 585 2232 638 παρόντα

1200 640 1372 692 Ψιμαδέα
1397 639 1555 690 μεγάλως
1579 640 1886 692 ἐφιλοφρονήσατο.
1910 658 1926 676 »
1948 645 2131 681 Novimus
2163 645 2238 686 Co-

1198 713 1338 737 nonem
1374 700 1528 736 fratrem
1558 701 1719 736 Zenonis
1752 702 1992 750 imperatoris
2021 701 2082 753 (v.
2116 703 2238 741 Theo-

1197 759 1392 808 phanesp.
1417 760 1568 807 117,D.
1590 759 1804 794 Tillemont.
1824 760 1897 804 V1,
1921 773 1962 808 p.
1984 759 2096 808 377),
2124 768 2240 811 atque

1199 818 1314 854 alium
1326 816 1520 855 Cononem
1529 818 1711 863 Isaurum,
1725 818 1791 865 qui
1803 818 1893 854 olim
1906 818 2081 866 Apameae
2097 820 2239 868 episeo-

1196 888 1267 924 pus
1280 902 1291 920 ‚
1309 875 1349 910 in
1362 882 1554 924 postrema
1569 877 1785 912 Isaurorum
1798 877 2014 923 ,rebellione
2024 904 2035 923 ,
2058 890 2140 926 quae
2152 885 2240 927 post

1196 941 1360 970 mortem
1382 934 1541 971 Zenonis
1567 934 1707 970 accidit
1729 933 1813 984 (an.
1839 937 1960 983 491),
1983 949 2080 972 unus
2099 949 2146 973 ex
2165 936 2236 972 du·

1199 993 1305 1029 cibus
1323 1005 1455 1028 eorum
1469 992 1552 1029 fuit.
1574 995 1619 1030 V.
1636 994 1821 1042 Euagrius
1833 995 1890 1030 ΙΙΙ
1903 1020 1915 1039 ,
1939 993 2004 1042 35,
2019 995 2236 1032 Tillemont.

1229 1080 1237 1087 .
1262 1050 1353 1095 543.

1196 1064 1222 1102 P
1473 1126 1504 1162 E
1531 1126 1692 1162 LIBRIS
1720 1125 1962 1164 INCERTIS.

1698 1218 1737 1254 6.

1250 1311 1357 1347 Idem
1373 1323 1382 1347 ε
1401 1309 1440 1349 'A
1454 1326 1475 1348 κ
1485 1326 1505 1348 α
1516 1326 1533 1363 ρ
1543 1325 1564 1348 α
1574 1309 1694 1358 σσὸς,
1714 1309 1812 1353 πόλις
1829 1309 1978 1358 Λυκίας,
1992 1310 2039 1354 ὡς
2054 1309 2238 1350 Καπίτων.

1196 1367 1248 1407 Τὸ
1265 1368 1397 1406 ἐθνικὸν
1416 1368 1645 1421 Ἀκαράσσιος
1660 1368 1720 1406 καὶ
1739 1368 1975 1421 Ἀκαρασσεὺς
1987 1398 1998 1419 ,
2018 1368 2161 1418 σύνηθες
2183 1368 2238 1407 ἀεὶ

1196 1427 1266 1470 τοῖς
1281 1426 1344 1473 τὴν
1359 1426 1478 1479 χώραν
1497 1429 1661 1466 οἰκοῦσιν.

1250 1485 1295 1524 Ἀ
1306 1485 1392 1535 μάσ
1402 1501 1416 1523 ε
1428 1502 1437 1523 ι
1447 1501 1468 1523 α
1479 1515 1488 1533 ,
1505 1486 1603 1529 πόλις
1618 1485 1785 1532 Ποντική.
1795 1516 1803 1525 .
1813 1516 1821 1525 .
1835 1485 1879 1525 Ὁ
1888 1485 2030 1532 πολίτης
2043 1485 2217 1536 Ἀμασεῦς
2227 1515 2238 1537 ‚

1195 1545 1243 1588 ὡς
1257 1543 1448 1595 Στράὸων·
1468 1543 1560 1583 κατὰ
1583 1545 1618 1582 δὲ
1640 1544 1834 1583 Καπίτωνα
1855 1544 2091 1595 Ἀμασεώτης.

1249 1601 1303 1641 Δέ
1314 1618 1330 1654 ρ
1341 1601 1391 1649 6η
1404 1632 1415 1653 ,
1427 1602 1587 1654 φρούριον
1599 1602 1774 1654 Ἰσαυρίας
1793 1602 1852 1639 καὶ
1869 1602 1990 1653 λιμήν.
2009 1601 2054 1642 Ὁ
2065 1605 2238 1641 κατοικῶν

1196 1659 1420 1712 Δερὸήτης...
1441 1660 1590 1712 Λέγεται
1607 1660 1728 1704 δ’ἴσως
1745 1661 1803 1698 καὶ
1814 1660 1964 1712 Δέρὸεια
1975 1660 2033 1699 καὶ
2050 1661 2088 1698 τὸ
2108 1661 2239 1700 ε’θνικὸν

1195 1718 1397 1771 Δερὸείτης.
1456 1718 1627 1758 Καπίτων
1653 1718 1688 1756 δὲ
1705 1718 1846 1770 Δέρμην
1861 1719 1959 1772 φησί.
1979 1719 2082 1762 Τινὲς
2097 1718 2132 1756 δὲ
2149 1718 2239 1758 Δέλ-

1196 1777 1308 1827 ὅειαν,
1324 1776 1344 1815 ὅ
1363 1779 1435 1815 ἐστι
1462 1781 1506 1830 τῇ
1524 1780 1592 1815 τῶν
1612 1777 1809 1817 ’Λυκαόνων
1841 1781 1938 1830 φωνῇ
1967 1778 2150 1830 ἄρκευθος·
2177 1777 2238 1815 καὶ

1195 1836 1362 1888 'Apustio-t]
1385 1835 1585 1888 (Ἀρκεύθης
1601 1838 1689 1873 cod.
1707 1837 1804 1886 Rh.)
1823 1839 1844 1882 ἡ
1862 1837 1971 1880 πόλις.

1247 1897 1284 1934 Π
1297 1895 1362 1932 ιτύ
1374 1911 1395 1942 η
1407 1925 1416 1942 ,
1436 1895 1536 1938 πόλις
1560 1894 1708 1946 Καρίας.
1732 1896 1778 1933 Οἱ
1791 1895 1932 1932 πολῖται
1949 1896 2138 1934 Πιτυᾶται.
2162 1896 2236 1933 Κα·

1196 1954 1305 1991 πίτων
1325 1953 1354 1990 δ’
1371 1952 1479 1999 αὐτὴν
1495 1953 1550 1990 διὰ
1563 1951 1624 1990 δύο
1642 1968 1662 1990 σ
1681 1951 1789 2003 λέγει.

1248 2013 1286 2050 Μ
1297 2027 1340 2049 ον
1351 2026 1372 2048 α
1385 2010 1460 2048 ὅαὶ
1476 2040 1487 2061 ,
1505 2010 1604 2054 πόλις
1623 2010 1812 2063 Ἰσαυρίας.
1839 2010 2007 2050 Καπίτων
2027 2012 2062 2049 ἐν
2081 2009 2239 2063 Ἰσαυρι-

1195 2075 1277 2114 κοῖς.
1301 2070 1352 2109 Τὸ
1371 2069 1501 2108 ἐθνικὸν
1526 2069 1754 2118 Μοναὸάτης.

1198 2180 1266 2221 pito
1296 2181 1330 2213 in
1356 2180 1482 2212 decimo
1503 2181 1616 2221 quinto
1646 2193 1654 2213 ε
1685 2193 1701 2209 «
1719 2183 1885 2213 Cononem
1905 2181 2160 2222 Psimadensem,
2182 2182 2239 2222 qui

1197 2233 1324 2273 aderat,
1339 2232 1475 2265 comiter
1488 2232 1661 2264 admodum
1678 2233 1846 2274 amplexus
1861 2234 1919 2266 est.
1939 2246 1955 2261 υ
2001 2231 2003 2233 ’

1696 2290 1731 2321 6.

1238 2345 1427 2382 AcarassuS,
1450 2342 1528 2374 urbs
1549 2342 1670 2383 Lyciae,
1690 2345 1726 2375 ut
1755 2343 1878 2383 Capito.
1904 2343 2030 2375 Gentile
2057 2342 2240 2374 Acarassius

1196 2394 1230 2425 et
1243 2395 1478 2435 Acarassensis‚
1495 2403 1534 2427 ex
1550 2403 1641 2427 more
1657 2394 1742 2436 apud
1768 2395 1931 2435 indigenas
1953 2394 2015 2426 loci
2031 2394 2126 2436 hujus
2152 2394 2237 2426 obti-

1196 2447 1305 2478 nente.

1239 2502 1390 2537 Amase-a,
1406 2499 1482 2530 urbs
1498 2499 1641 2531 Pontica.
1661 2498 1747 2531 Civis
1767 2498 1961 2538 Amasensis,
1978 2499 2015 2530 ut
2029 2507 2081 2540 ap.
2102 2497 2235 2531 Strabo·

1195 2558 1268 2581 nem
1286 2551 1343 2581 est.
1366 2550 1548 2581 Secundum
1561 2550 1749 2591 capitonem
1770 2555 1846 2582 vero
1859 2551 2038 2582 Amaseota.

1236 2601 1359 2639 Derbe,
1376 2601 1544 2633 castellum
1568 2602 1696 2633 Isauriae
1724 2602 1756 2633 et
1792 2603 1914 2642 portus.
1936 2602 2044 2633 Incola
2070 2600 2235 2633 Derbetes.

1195 2654 1339 2684 Fortasse
1351 2653 1446 2684 etiam
1463 2653 1579 2685 Derbia
1596 2653 1671 2684 urbs
1681 2677 1690 2693 ,
1705 2655 1737 2684 et
1754 2654 1899 2685 Derbites
1912 2653 1990 2685 civis
2003 2653 2131 2686 dicitur.
2175 2655 2237 2685 Ca-

1196 2705 1261 2745 pito
1280 2707 1387 2737 autem
1417 2707 1556 2737 Dermen
1583 2706 1733 2746 appellat.
1758 2706 1906 2737 Nonnulli
1930 2715 2007 2737 vero
2024 2706 2166 2738 Delbiam
2185 2706 2237 2738 di-

1196 2758 1292 2797 cunt,
1311 2756 1398 2797 quod
1424 2758 1611 2797 Lycaonum
1635 2765 1780 2789 sermone
1809 2757 1964 2797 significat
1988 2758 2174 2798 Juniperu85
2199 2759 2238 2791 ut

1197 2809 1276 2841 urbs
1288 2810 1330 2841 sit
1341 2811 1425 2842 Jum'
1427 2818 1525 2850 pera.

1238 2861 1346 2901 Pitye,
1369 2860 1446 2892 urbs
1471 2861 1584 2894 cariae.
1630 2860 1724 2892 Cives
1749 2860 1895 2900 Pityatae.
1921 2861 2032 2901 Capito
2049 2863 2159 2894 autem
2177 2870 2234 2894 ur-

1196 2913 1268 2945 bem
1283 2922 1337 2954 per
1350 2912 1430 2945 duas
1443 2913 1482 2953 s(
1498 2913 1660 2954 Pissyen)
1676 2913 1780 2944 vocat.

1236 2964 1404 3005 Monaboe‚
1425 2965 1502 2997 urbs
1526 2964 1668 2997 Isauriae.
1713 2963 1826 3005 Capito
1850 2963 1884 2995 in
1906 2964 2066 2997 Isauricis.
2109 2964 2236 2998 Gentiie

1195 3007 1391 3048 Monabates‘.

849 3303 1486 3326 -ατ--ώθῧΰμ-
