2372 3704
788 204 1098 245 THEMISONIS
1128 205 1461 245 FRAGMENTA.

332 303 334 305 '
385 296 510 336 ΠΕΡΙ
538 294 759 334 ΑΙΓΙΝΗΣ.

545 396 603 430 17.

102 463 228 500 Schol.
246 461 357 497 Pind.
391 462 499 497 Nem.
515 459 585 505 ΙΙΙ,
619 470 665 494 21
691 469 700 495 :
719 454 894 506 Θεογένης
911 455 984 508 (510
1009 456 1097 492 libri

48 522 155 568 mss.)
171 519 206 558 δὲ
222 520 256 557 ἐν
270 520 320 572 τῷ
334 516 423 570 Περὶ
447 516 590 568 Αἷγίνης
618 515 708 554 οὕτω
727 514 869 568 γράφει·
888 533 903 548 α
920 513 1039 553 Ἄλλοι
1063 512 1099 551 δέ

50 594 138 622 τινες
151 577 386 629 πιθανώτερον
394 575 598 628 ἐξηγοῦνται
607 574 686 628 περὶ
700 574 845 614 τούτων.
859 573 1098 625 Ὀλιγανθρω-

45 636 185 684 πούσης
203 636 270 690 γὰρ
288 639 349 683 τῆς
363 635 471 682 νήσου
492 633 577 687 φασὶ
596 632 673 677 τοὺς
696 635 911 677 ἐνοικοῦντας
930 631 1038 679 αὐτὴν
1065 633 1099 670 ἓν

52 695 237 744 σπηλαίοις
274 693 471 747 καταγείοις
510 695 710 732 διαιτᾶσθαι
746 693 926 735 παντελῶς
965 692 1102 741 ἀκατα-

52 754 196 799 σκεύους
220 754 322 798 ὄντας
337 784 348 804 ,
375 755 436 792 καὶ
465 752 545 797 τοὺς
574 751 637 803 μὲν
664 751 861 804 γινομένους
880 750 1035 803 καρποὺς
1054 750 1115 793 εἷς’

52 817 165 852 ταῦτα
185 813 404 866 καταφέρειν,
419 810 481 859 τὴν
501 811 536 849 δὲ
559 812 597 849 ἐκ
616 809 746 849 τούτων
776 808 1009 863 ὄρυττομένην
1036 811 1101 861 γῆν

53 872 114 912 ἐπὶ
142 872 186 911 τὰ
207 871 359 924 γεώργια
388 870 583 922 ἀναφέρειν,
608 869 713 916 οὔσης
742 871 901 912 ἐπιεικῶς
928 867 1100 920 ὑπάντρου

55 930 117 969 καὶ
136 930 331 983 ὑποπέτρου
364 932 425 975 τῆς
445 929 573 976 νήσου,
610 929 764 978 μάλιστα
794 926 830 965 δὲ
858 930 925 965 τῶν
957 927 1103 965 πεδινῶν

54 990 171 1028 τόπων
189 991 310 1035 αὐτῆς.
338 989 468 1041 Διόπερ
496 986 756 1040 ἀφομοιούντων
780 985 920 1034 αὐτοὺς,
941 988 987 1029 ὡς
1015 979 1104 1023 εἶδον

55 1052 167 1087 ταῦτα
195 1048 432 1100 πράττοντας,
452 1049 521 1084 τῶν
552 1045 674 1088 ἔξωθεν
698 1045 897 1098 ἐρχομένων
931 1042 1104 1096 μύρμηξι,

57 1108 288 1160 Μυρμιδόνας
307 1107 496 1153 κληθῆναι·
513 1104 593 1155 μεθ’
608 1099 655 1142 ὧν
674 1103 916 1142 συνοικίσαντα
933 1102 990 1141 τὸν
1007 1103 1105 1141 Αἶα-

58 1165 119 1205 κὸν
138 1165 216 1209 τοὺς
235 1168 275 1204 ἐκ
292 1163 562 1211 Πελοποννήσου
580 1165 656 1214 μεθ’
674 1165 797 1201 ἑαυτοῦ
811 1160 1107 1214 παραγινομένους

59 1225 281 1277 ἐξημερῶσαί
296 1240 334 1263 τε
353 1224 413 1263 καὶ
430 1223 554 1274 νόμους
574 1224 692 1261 δοῦναι
717 1221 777 1260 καὶ
795 1221 954 1266 σύνταξιν
971 1222 1108 1259 πολιτι-

61 1285 140 1333 κὴν,
160 1281 182 1336 ἦ
208 1284 453 1337 χρησαμένους
477 1283 601 1325 αὐτοὺς
620 1282 801 1325 παντελῶς
829 1282 941 1319 δοκεῖν
962 1282 1001 1319 ἐκ
1019 1294 1109 1331 μυρ-

60 1344 182 1396 μήκων
201 1342 361 1394 γενέσθαι
378 1341 591 1394 ἀνθρώπους.
615 1358 631 1374 n

113 1405 270 1449 Eadem,
288 1402 444 1439 laudato
458 1409 629 1446 auctore,
645 1402 793 1436 Tzetzes
809 1399 907 1435 Hist.
924 1399 1011 1443 VII,
1034 1397 1109 1434 306

61 1476 146 1512 sqq.
169 1470 206 1499 et
224 1463 274 1499 ad
294 1464 388 1510 Lyn.
425 1461 511 1507 176.
539 1459 598 1498 Cf.
626 1459 752 1496 Schol.
773 1458 823 1493 ad
847 1460 963 1494 Hom.
994 1457 1041 1492 11.
1065 1470 1108 1501 α,

67 1522 156 1567 180,
180 1528 218 1557 01
236 1520 371 1557 Strabo
386 1520 476 1555 VIII
492 1545 502 1562 ‚
537 1515 611 1563 375
627 1543 637 1561 ,
665 1517 731 1564 qui
756 1528 824 1551 sua
850 1528 895 1551 ex
915 1514 1113 1562 Theagene

63 1581 203 1618 habere
226 1579 380 1615 videtur
415 1578 578 1613 Miillero
616 1577 657 1611 in
693 1575 817 1623 AEgin.
855 1586 894 1622 p.
939 1576 1000 1615 14.
1028 1573 1113 1608 0011.

63 1652 104 1688 p.
131 1638 168 1675 5.
184 1638 221 1676 6.
241 1642 300 1681 14.
319 1649 384 1674 21.
398 1635 460 1678 43.
472 1636 647 1672 Ceterum
657 1646 748 1668 num
770 1630 1113 1668 Macedonicorum

65 1705 199 1734 auctor
211 1696 314 1732 idem
336 1696 384 1731 sit
400 1707 486 1731 cum
502 1706 547 1730 eo
563 1694 630 1741 qui
648 1695 705 1729 De
726 1692 863 1741 AEgina
884 1691 1054 1739 scripsit,
1075 1690 1114 1724 in

65 1756 194 1792 medio
227 1753 534 1801 relinquendum.
564 1751 741 1790 Ceterum
775 1750 916 1786 formas
936 1746 1116 1798 Θεαγένης

60 1822 106 1852 01
123 1811 300 1864 Θεογένης
317 1819 463 1849 00115131
478 1811 651 1847 adhiberi
669 1810 900 1859 promiscue.

569 1886 627 1924 18.

120 1964 247 2002 Schol.
265 1963 413 1999 Platon.
432 1974 473 2010 p.
495 1960 567 1997 331
588 1958 784 2003 ed.13ekk.,
801 1958 847 1994 de
867 1953 1120 2004 Aristophane

70 2023 219 2060 comico
238 2033 247 2059 ε
264 2018 524 2069 Κατεκλήρωσε
545 2015 581 2054 δὲ
595 2015 654 2054 καὶ
674 2013 735 2061 τὴν
751 2013 910 2065 Αἴγιναν,
925 2014 969 2056 ὥς
988 2010 1120 2062 Θεογέ-

71 2096 132 2127 νης
153 2082 187 2118 ἐν
202 2080 252 2132 τῷ
269 2076 356 2129 Περὶ
377 2075 531 2126 Αἰγίνης.

126 2139 261 2177 Comes
282 2138 404 2174 Natal.
425 2138 502 2180 111,
528 2134 574 2170 16
589 2136 723 2170 Jovem
743 2133 872 2168 dicens
890 2130 1122 2178 Proserpinae

9 2211 11 2213 ·
73 2199 237 2236 Siciliam
249 2198 316 2233 ins.
330 2196 436 2232 dono
449 2195 594 2230 dedisse
610 2200 719 2228 testes
734 2191 866 2227 laudat
887 2190 1121 2238 Theagenem

75 2265 114 2293 et
134 2257 400 2305 Apollodorum
430 2254 684 2301 Cyrenaicum.
712 2250 826 2287 Unde
853 2249 933 2284 haec
957 2247 1126 2282 hauserit

77 2315 231 2359 Comes,
247 2321 284 2350 et
299 2326 392 2349 num
404 2319 576 2348 nostrum
597 2310 822 2358 scriptorem
833 2319 882 2342 an
891 2306 1126 2353 Theagenem

79 2374 293 2423 Rheginum
312 2372 380 2418 (de
398 2384 475 2420 quo
504 2383 541 2408 v,
564 2377 661 2411 tom.
683 2368 738 2416 ΙΙ,
756 2379 796 2416 p.
823 2378 868 2402 12
886 2364 994 2414 not.)
1019 2363 1127 2398 intel-

80 2433 147 2482 ligi
164 2432 350 2477 voluerit‚
371 2430 549 2479 equidem
566 2427 707 2464 nescio.
1098 2417 1108 2426 ’

499 2574 716 2589 &⁴000oe-

2123 203 2206 250 511'

1509 312 1556 366 T
1561 312 1854 369 HEMISO.

1426 429 1549 467 ΠΕΡΙ
1592 429 1935 468 ΠΑΛΛΗΝῙΔΟΣ.

1213 523 1412 559 Athenaeus
1425 523 1491 566 VI,
1512 535 1552 570 p.
1582 520 1656 558 235
1673 550 1683 566 ,
1702 523 1735 558 A
1768 535 1776 557 :
1813 521 1885 560 Καὶ
1912 521 2077 571 Θεμίσων
2107 522 2136 560 δ’
2164 524 2200 561 ἐν

1163 579 1385 626 Παλληνίδι·
1418 596 1434 612 «
1458 578 1726 628 Ἐπιμελεῖσθαι
1747 578 1782 616 δὲ
1818 579 1875 617 τὸν
1906 580 2052 631 βασιλέα
2072 581 2130 618 τὸν
2152 581 2205 619 ἀεὶ

1165 638 1393 692 βασιλεύοντα
1413 637 1472 676 καὶ
1502 636 1580 680 τοὺς
1609 637 1832 689 παρασίτους,
1856 637 1912 682 οὒς
1941 637 1980 677 ἂν
1997 641 2035 676 ἐκ
2054 642 2121 676 τῶν
2138 639 2204 685 δή-

1165 714 1239 750 μων
1250 699 1502 750 προαιρῶνται,
1520 696 1580 734 καὶ
1598 695 1674 739 τοὺς
1683 694 1846 749 γέροντας
1866 697 1926 735 καὶ
1945 697 2006 741 τὰς
2037 699 2204 748 γυναῖκας

1163 757 1224 802 τὰς
1240 756 1491 810 πρωτοπόσεις.
1512 773 1528 790 ι»

1219 834 1234 850 α
1253 815 1299 854 Ἡ
1320 814 1499 861 Παλληνὶς
1520 828 1542 851 3
1571 815 1795 852 Casaubono
1817 817 2004 865 accipitur
2025 829 2097 865 pro
2120 828 2210 864 por·

1165 878 1245 913 ticu
1261 875 1454 912 Pallenide
1474 871 1676 923 (Παλληνὶς
1692 887 1746 911 50.
1762 871 1884 921 στοά),
1906 887 1926 910 a
1940 874 2051 910 demo
2063 874 2213 909 Pallene

1167 935 1434 979 denominata;
1463 944 1588 981 neque
1622 933 1756 969 desunt
1781 933 1951 981 exempla
1973 933 2149 968 locorum
2174 933 2214 967 in

1165 995 1262 1031 urbe
1298 1006 1320 1029 a
1355 993 1473 1029 demis
1515 992 1813 1027 nominatorum.
1858 991 2001 1030 Contra
2049 990 2216 1039 disputat

1168 1053 1542 1101 Schweighaeuserus‚
1553 1052 1618 1099 qui
1628 1052 1770 1100 cogitat
1779 1051 1825 1086 de
1832 1052 2002 1086 Minerva
2010 1050 2216 1086 Pallenensi

1169 1112 1374 1163 (Herodot.
1399 1112 1440 1156 1,
1471 1111 1541 1155 623
1571 1112 1662 1148 Eur.
1687 1110 1878 1147 Heraclid.
1900 1123 1938 1145 V.
1972 1108 2070 1158 849)
2094 1117 2132 1145 et
2151 1106 2213 1153 τὴν

1171 1168 1381 1216 Παλληνίδα
1400 1170 1598 1206 brevitatis
1619 1182 1731 1205 causa
1755 1170 1878 1217 ipsum
1901 1169 2082 1216 templum
2100 1167 2215 1214 hujus

1170 1230 1248 1267 deae
1259 1230 1402 1266 dictum
1415 1235 1539 1277 putat,
1553 1228 1658 1275 quod
1670 1240 1806 1263 vereor
1820 1235 1863 1263 ut
1874 1227 2019 1263 idoneis
2027 1227 2119 1262 locis
2127 1239 2215 1275 pro-

1171 1290 1255 1325 bari
1270 1295 1402 1336 queat3
1423 1299 1511 1322 nam
1532 1287 1597 1334 qui
1614 1299 1634 1322 a
1651 1287 1991 1335 Schweighaeusero
2012 1285 2218 1321 laudantur

1175 1347 1325 1396 (Eurip.
1342 1347 1491 1382 Heracl.
1516 1344 1611 1380 1031
1629 1346 1816 1393 3Polyaen.
1839 1346 1999 1393 Strateg.
2021 1346 2059 1390 Ι,
2078 1358 2141 1389 21,
2158 1344 2217 1393 1),

1174 1419 1218 1442 ex
1237 1407 1294 1441 his
1321 1405 1360 1440 id
1386 1404 1491 1451 quod
1522 1404 1603 1438 vult
1635 1404 1932 1450 haudquaquam
1959 1404 2216 1451 consequitur.

1173 1465 1267 1500 Mihi
1285 1462 1527 1499 scribendum
1544 1461 1695 1496 videtur
1711 1461 1745 1497 ἐν
1766 1459 1801 1497 δὲ
1825 1459 2040 1506 Παλληνίδος
2053 1489 2063 1509 ,
2087 1462 2114 1497 i.
2132 1473 2165 1498 e.
2182 1462 2223 1496 in

1176 1523 1317 1571 templo
1349 1522 1526 1556 Minervae
1555 1520 1799 1564 pallenensis,
1819 1521 1892 1555 nisi
1921 1520 2059 1555 dixeris
2084 1520 2222 1555 subau-

1178 1580 1359 1617 diendum
1379 1592 1452 1615 esse
1472 1578 1747 1614 substantivum
1764 1575 1864 1627 χώρᾳ
1878 1605 1889 1625 ,
1908 1585 1952 1613 111
1973 1578 2006 1613 ἐν
2026 1575 2223 1621 Παλληνίδι

1177 1653 1230 1677 sc.
1247 1637 1346 1689 χώρᾳ
1364 1638 1477 1673 fuerit
1492 1638 1518 1672 i.
1534 1649 1572 1684 q.
1594 1636 1627 1673 ἐν
1642 1634 1816 1685 Παλλήνῃ
1827 1663 1836 1681 ,
1852 1635 1955 1684 apud
1971 1637 2221 1674 Pallenenses.

1177 1701 1234 1734 De
1256 1698 1397 1746 templo
1425 1697 1490 1732 illo
1507 1697 1686 1731 Minervae
1715 1707 1928 1730 sermonem
1960 1707 2038 1730 esse
2066 1696 2223 1730 omnino

1179 1757 1379 1792 verisimile
1394 1762 1450 1791 est
1460 1783 1469 1800 ‚
1485 1767 1612 1802 neque
1632 1754 1679 1790 de
1691 1754 1766 1789 hoc
1779 1767 1858 1789 non
1874 1754 2062 1802 scripsisse
2075 1754 2226 1790 videtur

1180 1815 1353 1851 Themiso
1385 1814 1418 1850 ἐν
1442 1811 1662 1858 Παλληνίδι,
1689 1814 1755 1860 qui
1775 1813 1922 1857 titulus,
1941 1812 1980 1847 ni
2009 1812 2134 1856 fallor,
2164 1812 2227 1848 de·

1182 1881 1347 1909 curtatus
1376 1879 1431 1908 est
1450 1885 1495 1908 ex
1527 1872 1699 1920 pleniore
1727 1871 1892 1906 formula
1922 1871 1955 1906 ἐν
1979 1871 2030 1920 τῷ
2062 1869 2151 1920 Περὶ
2167 1871 2228 1914 τῆς

1183 1928 1431 1976 Παλληνίδος,
1451 1931 1555 1965 velut
1580 1929 1735 1964 Polemo
1757 1929 1894 1963 citatur
1911 1928 1943 1963 ἐν
1961 1926 2229 1978 Ἐρατοσθένους

1184 1988 1352 2037 ἐπιδημίᾳ
1372 1989 1399 2023 1.
1420 2000 1453 2025 e.
1479 1988 1513 2024 ἐν
1532 1987 1582 2038 τῷ
1605 1984 1695 2037 Περὶ
1711 1988 1772 2022 τοῦ
1791 1985 1847 2023 Ἤ.
1871 1986 1900 2024 ἐ.
1932 2001 1946 2020 n
1971 1988 2159 2024 pnsum.
2179 1986 2230 2022 ad

1186 2048 1376 2083 Polemon.
1398 2059 1435 2094 p.
1455 2059 1469 2081 1
1482 2058 1541 2091 17.
1557 2066 1611 2072 —
1623 2042 1886 2094 πρωτοπόσεις]
1902 2046 2037 2080 Pollux
2052 2046 2122 2092 ΙΙΙ,
2142 2044 2190 2093 39
2212 2058 2220 2080 z

1185 2104 1228 2143 ‘H
1244 2106 1282 2142 ἐκ
1291 2103 1476 2156 παρθενίας
1487 2103 1553 2140 τινὶ
1564 2101 1807 2153 γεγαμημένη,
1818 2101 2035 2151 πρωτόποσις
2052 2102 2223 2139 ἐκαλεῖτο.

1192 2163 1393 2215 Γέγραπται
1413 2161 1448 2199 δὲ
1466 2159 1617 2211 τοῦνομα
1635 2162 1669 2198 ἐν
1689 2163 1738 2212 τῷ
1754 2164 1813 2198 τοῦ
1830 2159 1999 2211 βασιλέως
2015 2160 2125 2212 νόμῳ.
2144 2178 2157 2193 α
2175 2163 2230 2197 Ex

1188 2224 1245 2258 his
1262 2224 1440 2270 colligere
1467 2229 1546 2266 est,
1577 2221 1694 2256 verba
1724 2233 1807 2268 quae
1833 2221 2017 2257 describit
2035 2221 2235 2256 Athenaeus

1186 2289 1333 2330 partem
1354 2293 1428 2316 esse
1446 2281 1539 2328 legis
1554 2280 1667 2328 regiae
1690 2292 1698 2314 :
1719 2286 1757 2314 at
1776 2286 1970 2314 auctorem
1989 2286 2027 2314 et
2048 2291 2143 2326 opus
2164 2279 2234 2314 ubi

1188 2342 1248 2376 lex
1261 2341 1324 2376 illa
1355 2339 1672 2384 exstabat,docet
1689 2338 1906 2375 Athenaeus.
1934 2354 1949 2370 »
1973 2337 2231 2375 CASAUBONUS.

1189 2403 1234 2437 In
1248 2399 1555 2436 antecedentibus
1568 2399 1767 2434 Athenaeus
1785 2410 1830 2433 ex
1847 2398 1981 2433 eodem
1995 2397 2099 2433 haud
2121 2397 2238 2433 dubie

1191 2459 1414 2495 Themisone
1435 2470 1443 2492 :
1465 2455 1528 2494 Ἐν
1564 2453 1600 2492 δὲ
1618 2457 1661 2506 τῇ
1682 2453 1881 2500 Παλληνίδι
1916 2460 1987 2497 τοῖς
2011 2453 2232 2502 ἀναθήμασιν

1194 2514 1456 2566 ἀναγέγραπται
1475 2513 1576 2552 τάδε·
1605 2531 1619 2547 α
1637 2512 1820 2565 Ἄρχοντες
1837 2513 1915 2551 κτλ.
1938 2513 2032 2550 Vide
2048 2514 2177 2548 locum
2198 2513 2237 2547 in

1194 2576 1327 2624 fragm.
1359 2574 1406 2621 78
1427 2573 1540 2622 (tom.
1562 2575 1642 2618 III,
1663 2586 1705 2621 p.
1735 2571 1829 2620 138)
1848 2572 2077 2616 Polemonis,
2099 2583 2145 2606 ex
2159 2582 2238 2617 quo

1197 2635 1463 2671 Themisonem
1480 2634 1610 2669 citasse
1625 2631 1776 2667 videtur
1789 2631 2003 2667 Athenaeus.

92 2695 2235 2722 Μ

462 2751 529 2789 DE
548 2748 742 2788 AEGINA.

579 2833 635 2865 17.
1104 2844 1122 2857 .

122 2903 305 2942 Theagenes
323 2900 355 2932 in
371 2900 454 2932 libro
475 2902 523 2932 De
537 2899 648 2940 AEgina
672 2898 716 2930 ita
741 2897 849 2930 scribit
864 2907 871 2928 :
889 2909 906 2925 «ι
921 2896 980 2930 Alii
997 2895 1127 2937 quidam

82 2954 294 2995 probabiliora
319 2952 359 2984 de
389 2951 438 2984 his
459 2952 600 2984 narrant.
620 2950 746 2982 Etenim
773 2959 839 2990 quo
857 2953 1000 2989 tempore
1027 2948 1129 2979 insula

83 3005 227 3038 nondum
239 3004 406 3036 hominum
420 3003 512 3044 copia
529 3003 730 3044 frequentata
744 3003 842 3039 esset,
854 3001 975 3033 incolas
1000 2999 1068 3040 ejus
1088 3000 1128 3032 se·

83 3059 160 3089 runt
172 3057 204 3089 in
223 3055 380 3098 speluncis
398 3054 612 3087 subterraneis
627 3054 748 3094 degisse
763 3053 850 3085 omni
865 3053 1019 3093 apparatu
1038 3052 1131 3084 desti-

85 3109 173 3141 tutos
184 3133 192 3148 ,
206 3116 245 3140 ac
255 3107 478 3148 provenientes
491 3107 614 3138 fructus
625 3105 657 3137 in
671 3107 764 3137 antra
780 3105 840 3136 ista
851 3103 1006 3143 intulisse,
1022 3107 1133 3135 0011113

85 3169 162 3193 vero
178 3161 324 3193 effossam
338 3169 377 3191 ex
391 3159 429 3191 iis
444 3160 563 3191 terram
578 3158 609 3190 111
624 3167 715 3198 agros
728 3157 895 3196 extulisse,
914 3157 1064 3197 quoniam
1085 3156 1132 3187 111-

86 3213 156 3245 sula
171 3212 270 3245 antris
295 3211 412 3244 referta
434 3212 467 3243 et
488 3212 615 3252 petrosa
632 3211 714 3242 esset
738 3209 837 3250 idque
853 3209 886 3240 in
905 3207 1135 3248 campestribus

87 3265 228 3297 maxime
237 3264 325 3296 locis.
339 3265 447 3300 Quare
453 3264 581 3295 exteros
591 3271 630 3294 eo
640 3261 814 3300 venientes,
825 3269 927 3300 quum
934 3259 1012 3291 illud
1024 3259 1135 3290 facien·

87 3317 136 3349 tes
154 3316 312 3356 viderent,
335 3324 408 3347 cum
426 3314 567 3346 formicis
586 3313 756 3355 (μύρμηξι)
777 3319 976 3352 comparasse
998 3310 1135 3349 incolas,

90 3367 225 3409 ideoque
252 3377 304 3401 eos
323 3367 538 3408 Myrmidones
559 3367 734 3407 appellatos
759 3374 836 3398 esse.
853 3363 976 3397 Deinde
1003 3365 1135 3396 AEacum

91 3420 334 3461 Peloponnesios
355 3429 430 3452 cum
449 3420 515 3461 ipso
532 3420 563 3451 in
581 3419 725 3460 AEginam
750 3418 910 3459 profectos
929 3416 961 3448 in
977 3414 1138 3448 societatis

1190 2741 1451 2774 communionem
1471 2741 1532 2772 illis
1542 2740 1703 2779 junxisse,
1724 2739 1823 2779 atque
1842 2738 1889 2770 sic
1904 2737 1945 2769 ad
1957 2737 2124 2769 cultiorem
2141 2736 2240 2767 vitam

1188 2793 1359 2826 adduxisse
1371 2793 1518 2833 legesque
1532 2791 1692 2832 scripsisse
1706 2792 1891 2830 certamque
1910 2789 2092 2830 reipublicae
2106 2787 2241 2819 sormam

1189 2846 1402 2887 constituisse,
1413 2854 1478 2887 qua
1487 2853 1560 2877 usos
1572 2844 1643 2876 illos
1653 2852 1693 2875 ex
1707 2843 1848 2875 formicis
1859 2850 1988 2882 prorsus
1995 2840 2095 2873 videri
2105 2840 2243 2872 evasisse
2282 2868 2287 2874 ,

1189 2898 1343 2931 homines.

1689 2957 1745 2988 18.

1235 3032 1326 3064 Sorte
1345 3031 1441 3062 etiam
1466 3028 1601 3060 fundum
1624 3027 1746 3068 accepit
1760 3026 1983 3066 Aristophanes
2004 3025 2038 3056 in
2063 3023 2191 3064 AEgina‚
2206 3022 2243 3053 ut

1198 3086 1384 3125 Timagenes
1396 3084 1427 3115 in
1442 3083 1523 3114 libro
1542 3085 1589 3114 De
1605 3081 1727 3121 AEgina.

1467 3166 1469 3168 ’
1521 3160 1588 3199 ΒΕ
1608 3158 1906 3198 PALLENIDE.

1237 3251 1387 3285 Themiso
1402 3251 1435 3282 in
1449 3249 1611 3282 Pallenide
1636 3262 1643 3281 :
1669 3261 1685 3277 «ι
1701 3248 1801 3280 curet
1817 3255 1874 3278 rex
1895 3245 1949 3286 qui
1972 3243 2085 3284 quovis
2103 3248 2186 3272 anno
2208 3238 2241 3269 in

1198 3305 1302 3338 officio
1323 3302 1430 3342 ruerit,
1452 3303 1524 3334 tum
1543 3301 1719 3342 parasitos,
1747 3299 1803 3340 qui
1819 3307 1837 3330 0
1853 3296 2001 3330 tribubus
2022 3292 2239 3328 nominantur,

1198 3359 1268 3390 tuin
1281 3363 1371 3388 senes
1381 3355 1413 3387 et
1423 3353 1573 3386 mulieres
1586 3352 1689 3394 primo
1704 3351 1810 3384 adhuc
1822 3349 1937 3382 marito
1950 3347 2076 3388 nuptas.
2254 3347 2257 3349 “
