2372 3704
330 287 907 378 -ADDENDA
964 295 1108 377 ET
1167 293 1933 385 CORRIGENDA.
1984 286 2001 298 ⁹

932 649 1292 708 VOLUMEN
1331 651 1373 706 Ι.

352 898 836 943 PROLEGOMENA.

125 1066 424 1106 HECATAEUS.
446 1068 534 1115 Pag.
557 1079 595 1112 x,
614 1080 653 1111 a,
679 1067 745 1103 lin.
769 1079 805 1112 7.
827 1087 878 1094 —
899 1067 1002 1102 Idem
1020 1068 1124 1103 cadit

71 1132 110 1163 in
126 1127 322 1162 Strabonis
334 1128 453 1161 locum
467 1127 571 1174 (XII,
585 1125 717 1174 9⁸²8
731 1125 844 1174 Alm.‚
863 1124 938 1161 550
953 1126 1047 1174 Cas.)
1062 1127 1123 1161 ubi

69 1187 266 1222 Hecatoeus
289 1186 510 1220 Xenocratis
521 1182 735 1230 familmris
755 1183 767 1233 (
782 1185 911 1233 potius
928 1197 936 1222 :
961 1186 1119 1234 discipu-

71 1244 144 1293 lus)
156 1243 285 1291 fuisse
299 1245 468 1288 dicaam]
484 1245 570 1279 Non
583 1243 720 1279 Strabo
735 1270 745 1288 ‚
763 1243 829 1278 sed
843 1241 1008 1279 editores
1025 1245 1121 1280 Stra-

69 1304 182 1340 bonis
200 1310 388 1339 errarunt.
407 1302 555 1338 Etenim
578 1303 694 1351 vulgo
724 1314 787 1351 ap.
805 1302 931 1353 Strab.
954 1303 1092 1352 legitur
1110 1315 1119 1340 :

67 1361 130 1408 τὴν
163 1360 359 1400 εΕκα·ι;αίου
392 1363 451 1398 τοῦ
484 1358 661 1406 Μιλησίου
694 1359 754 1397 καὶ
787 1360 1031 1412 Μενεκράτους
1061 1364 1120 1399 τοῦ

69 1419 237 1460 Ἔλαΐτου
249 1450 260 1466 ,
281 1422 350 1457 τῶν
364 1418 604 1470 Ξενοκράτους
621 1417 807 1471 γνωρίμων
828 1419 976 1471 ἀνδρῶν.
998 1422 1119 1468 Quam

67 1482 271 1516 lectionem
311 1480 352 1514 in
385 1479 604 1527 fragmentis
641 1479 868 1514 Menecratis
902 1478 913 1528 (
928 1487 1022 1515 tom.
1057 1482 1095 1516 II
1108 1508 1118 1526 ,

67 1552 103 1587 p.
126 1539 224 1584 342,
244 1538 291 1574 fr.
310 1536 352 1586 3)
377 1538 430 1573 ita
446 1538 591 1572 mutavi
607 1544 651 1572 ut
669 1549 742 1586 pro
760 1536 895 1588 ἀνδρῶν
916 1539 1120 1575 scriberem

68 1596 201 1649 ἀνδρὸς,
220 1597 313 1634 adeo
327 1604 371 1632 ut
386 1609 483 1632 unus
496 1597 728 1632 Menecrates
744 1597 792 1632 sit
815 1597 1045 1633 Xenocratis
1064 1598 1120 1634 di-

66 1658 249 1706 scipulus.
281 1657 342 1693 Sic
366 1656 527 1691 enimin
551 1656 674 1691 tribus
699 1663 801 1692 certe
825 1656 1022 1692 codicibus
1047 1658 1121 1706 legi

67 1729 88 1752 e
100 1715 333 1752 Tzschuckio
344 1726 542 1751 noveram.
552 1715 661 1750 Nunc
670 1727 690 1750 e
698 1714 941 1751 Crameriana
954 1716 1122 1753 editione

67 1775 174 1811 disco
195 1775 358 1811 eandem
383 1774 588 1810 lectionem
601 1802 610 1820 ‚
632 1786 653 1809 a
672 1773 853 1812 Cramero
883 1788 1040 1823 quoque
1058 1788 1121 1811 re—

67 1843 237 1884 ceptam,
259 1835 374 1870 etiam
389 1835 428 1868 in
446 1834 601 1882 reliquis
615 1833 815 1871 codicibus
834 1846 909 1870 esse
930 1834 1120 1883 omnibus,

65 1896 231 1944 exceptis
251 1894 416 1930 duobus.

119 1954 219 1992 Ibid.
241 1955 280 1989 in
292 1961 362 1989 not
388 1954 452 1989 lin.
469 1952 616 2001 penult.
635 1974 687 1979 —
701 1953 776 1988 Pro
797 1952 815 1989 ὃ
842 1949 1002 1994 Κιττιεὺς
1027 1953 1122 1988 scri—

66 2012 114 2048 be
136 2025 145 2048 :
168 2013 186 2048 ὃ
205 2008 364 2053 Κιττιεὺς
386 2011 397 2060 (
414 2011 501 2048 deb.
519 2011 537 2047 ὁ
551 2009 708 2060 Σιγειεὺς
724 2009 749 2061 ).

119 2072 162 2109 Ρ.
180 2084 222 2107 XI
236 2099 246 2116 ‚
268 2085 306 2107 a.
321 2092 375 2098 —
388 2071 733 2107 Commemoranda
750 2071 791 2108 h.
805 2071 831 2107 l.
855 2078 910 2107 est
922 2072 1120 2120 inscriptio

66 2131 107 2165 in
122 2131 220 2167 Lero
244 2130 363 2165 insula
382 2137 533 2178 reperta
547 2156 557 2174 ‚
577 2142 692 2177 quam
709 2129 830 2165 edidit
845 2130 944 2166 Lud.
967 2132 1121 2167 Bossius

69 2187 215 2238 (Inscr.
246 2201 303 2237 gr.
323 2188 427 2225 ined.
451 2188 539 2226 fasc.
561 2201 606 2234 2,
625 2202 666 2238 p.
687 2188 750 2226 68.
771 2201 833 2224 an.
868 2189 996 2239 1842)
1023 2201 1031 2226 :

68 2245 272 2298 [εὔ]νοια[ν]
294 2246 354 2284 καὶ
374 2245 571 2298 προθυμίαν
591 2245 729 2284 δικαίαν
757 2246 1048 2299 παρε[χό]μενο[ς
1067 2247 1117 2298 ἐς]

66 2308 111 2357 τῇ
131 2305 228 2359 νήσῳ
244 2308 494 2348 κατοικοῦντας
513 2307 581 2342 τῶν
597 2306 794 2358 [πολ]ιτῶν·
814 2305 978 2357 δεδόχθαι
998 2309 1042 2358 τῇ
1062 2308 1118 2344 ἐκ·

67 2363 198 2417 κλησίᾳ
218 2364 431 2416 ἐπ[ῃνῆσθαι
449 2363 658 2415 Ἱῖκ]αταίον
672 2363 739 2401 ὑπὸ
755 2365 824 2401 τῶν
840 2362 1031 2416 οἰκητόρων
1051 2366 1119 2402 τῶν

67 2423 105 2460 ἐλ
121 2422 225 2476 Λέρῳ
247 2423 406 2476 [ἀ1ρετῆς
423 2423 525 2461 ἕνεκα
544 2423 604 2462 καὶ
629 2422 851 2473 ἐπιμελείας,
882 2423 925 2470 ἣν
947 2423 1021 2475 ἔχει
1040 2424 1119 2475 περὶ

67 2481 202 2526 αὐτούς·
224 2481 393 2533 ὑπάρχειν
414 2481 449 2520 δὲ
467 2482 527 2520 καὶ
545 2482 661 2536 φιλίαν
677 2481 895 2535 εΕκα[ἰταιίῳ]
912 2482 1045 2528 πολλὴν
1059 2484 1119 2521 καὶ

67 2538 201 2578 εὔνοιαν
216 2540 313 2593 παρὰ
328 2543 396 2578 τῶν
408 2542 441 2578 ἓν
460 2544 502 2593 τῇ
511 2540 607 2593 νήσῳ
618 2540 870 2579 κατοικούντων
882 2541 942 2579 καὶ
953 2542 1047 2593 αὐτῷ
1059 2541 1118 2579 καὶ

67 2599 278 2649 ἔκγόνοις·τὸ
287 2598 322 2637 δὲ
333 2599 500 2652 ψήφισμα
509 2599 586 2638 τόδε
601 2599 836 2652 ἀν[αγράψ]αι
848 2601 881 2643 ἐς
894 2600 1025 2647 στήλην
1034 2600 1118 2639 λιθί-

67 2673 127 2705 νην
143 2658 203 2696 καὶ
220 2661 348 2705 στῆσαι
362 2657 453 2696 κατὰ
467 2657 530 2705 τὴν
549 2657 691 2711 ἀγορὰν,
705 2657 798 2702 ὅπως
818 2658 1025 2710 [τ]αῦτα....
1044 2663 1116 2697 De-

66 2726 275 2754 monstrare
284 2718 410 2754 studet
420 2719 572 2754 Rossius
584 2721 725 2755 Lerum
742 2726 832 2755 tunc
847 2732 926 2755 non
939 2719 1048 2755 fuisse
1062 2722 1118 2756 sui
1147 2763 1151 2768 ,

63 2776 160 2823 juris
169 2779 370 2824 civitatem,
378 2778 444 2814 sed
457 2779 687 2814 cleruchiam
694 2780 943 2816 Milesiorum.
954 2780 1117 2826 Quando

67 2843 104 2871 et
123 2849 198 2884 qua
214 2838 364 2872 ratione
382 2837 422 2872 in
441 2837 536 2873 hanc
555 2837 709 2873 redacta
725 2838 838 2874 fuerit
857 2838 1118 2875 conditionem

67 2895 206 2932 docere
235 2896 476 2932 Herodotum
495 2896 574 2948 (V,
610 2895 725 2946 125).
757 2900 964 2934 Auctorem
991 2906 1115 2935 autem

67 2954 124 2988 rei
157 2954 269 2990 fuisse
303 2956 521 2991 Hecataeum
552 2962 725 2991 nostrum
740 2983 750 3001 ,
783 2968 897 3004 quem
926 2963 1117 3005 tamquam

66 3009 220 3058 οἰκιστὴν
238 3020 276 3048 et
292 3011 454 3064 πρόξενον
475 3015 643 3050 cleruchi
670 3015 710 3050 in
739 3015 860 3051 insula
875 3015 1112 3055 honorarint.

68 3070 80 3119 (
99 3070 155 3108 Cf.
176 3072 287 3107 etiam
304 3074 348 3108 L.
379 3074 488 3109 Ross.
514 3075 650 3109 Reisen
678 3077 716 3109 in
740 3075 804 3109 die
823 3086 882 3123 gr.
906 3075 1036 3109 Inseln
1054 3075 1129 3118 11„

64 3141 105 3176 p.
130 3142 144 3164 1
157 3142 217 3177 ¹9·
234 3131 244 3178 )
264 3131 495 3167 Oblocutum
515 3132 572 3167 his
591 3144 668 3168 esse
687 3132 826 3170 Gottfr.
850 3133 1060 3169 Heroldum
1079 3134 1117 3168 in

65 3189 279 3224 Miinclmer
302 3191 382 3227 Gel.
402 3192 594 3238 Anzeigetz
622 3190 792 3241 1843,11.
818 3191 890 3227 158
912 3204 967 3239 sq.
987 3199 1117 3227 monet

66 3246 270 3283 Creuzerus
285 3249 325 3283 in
341 3251 498 3286 Wiener
510 3249 620 3286 lerb.
644 3257 738 3289 tom.
761 3250 832 3286 106
845 3277 855 3295 ,
867 3263 907 3298 p.
931 3250 993 3285 31.

119 3307 163 3341 P.
180 3319 239 3342 x11
251 3334 261 3352 ,
281 3309 317 3354 b,
332 3322 372 3357 p.
391 3321 435 3344 21
451 3321 536 3357 sqq.
555 3330 607 3336 —-
620 3310 803 3345 Tabulam
815 3310 1116 3359 geographicam‚

67 3377 180 3412 quam
191 3367 428 3416 Aristagoras
439 3369 633 3404 Cleomeni
649 3370 728 3417 regi
738 3370 916 3414 ostendit,
926 3369 974 3404 ab
990 3370 1117 3404 Heca-

67 3431 138 3460 taeo
164 3424 390 3462 delineatam
406 3426 528 3474 fuisse,
546 3435 634 3476 post
645 3427 882 3464 Gronovium
892 3427 954 3477 (ad
968 3427 1112 3463 Herod.

1123 3498 1175 3525 623

1184 839 1229 883 V,
1248 843 1296 886 49
1311 838 1340 888 ),
1357 839 1671 878 Samo-Crucium
1688 840 1698 890 (
1707 842 1844 881 Exam.
1859 845 1939 881 crit.
1953 844 2018 879 des
2031 843 2113 880 hist.
2127 843 2231 880 d’At.

1183 908 1223 944 p.
1248 896 1323 932 662
1339 897 1372 946 ),
1394 898 1584 934 Ukertum
1607 899 1617 948 (
1639 900 1770 946 Geogr.
1790 902 1823 948 1,
1848 914 1882 946 1,
1900 914 1941 950 p.
1969 902 2041 951 70)
2059 910 2096 939 et
2123 903 2235 942 Clau·

1186 957 1332 991 senium
1374 969 1499 1005 nuper
1530 959 1644 994 etiam
1674 959 1939 1008 Rheinganum
1973 960 1984 1011 (
2003 962 2137 998 Gesclz.
2169 964 2238 998 der

1184 1015 1218 1049 E
1218 1016 1354 1050 ''d-und
1367 1017 1780 1066 Loenderabbildungen
1791 1020 1989 1059 derAlten.
2003 1022 2103 1056 lena
2122 1035 2135 1058 1
2145 1021 2234 1070 839,

1183 1073 1218 1118 Ι,
1238 1085 1276 1121 p.
1306 1073 1404 1122 109)
1428 1081 1465 1110 et
1499 1075 1693 1124 Forbiger.
1716 1075 1819 1126 (Alt.
1845 1078 1977 1127 Geogr.
2011 1078 2064 1128 11,
2085 1093 2125 1128 p.
2158 1079 2235 1130 58)

1184 1140 1422 1168 censuerunt.

1236 1190 1295 1226 Ib.
1321 1192 1388 1227 lin.
1418 1195 1481 1234 42.
1497 1213 1552 1220 —-
1577 1194 1632 1229 ad
1658 1196 1869 1231 insulanum
1901 1195 2128 1246 quendam.]
2163 1199 2236 1247 Ap.

1183 1249 1405 1285 Athenaeum
1416 1251 1494 1300 'pro
1512 1250 1743 1303 Καλλίμαχος
1754 1252 1822 1305 γὰρ
1839 1268 1918 1300 νησ
1930 1253 2042 1307 ιώτῳ
2055 1254 2139 1292 αὐτὸ
2157 1258 2237 1293 ἀνα·

1183 1305 1328 1358 γράφει,
1358 1310 1610 1357 probabiliter
1640 1323 1727 1347 cum
1764 1312 1964 1349 Diudorfio
1993 1314 2236 1350 scribendum

1183 1373 1238 1401 est
1253 1365 1447 1419 Νησιώτῳ,
1464 1367 1571 1415 cujus
1594 1370 1758 1405 nominis
1770 1373 1918 1420 proprii
1934 1374 2106 1421 exempla
2120 1374 2236 1410 habes

1183 1436 1244 1474 ap.
1263 1426 1418 1463 Boeckh.
1441 1427 1480 1463 C.
1498 1429 1617 1466 Inscr.
1634 1429 1671 1463 II
1688 1458 1698 1477 ,
1714 1442 1754 1466 n.
1777 1430 1897 1478 1930,
1919 1431 2019 1467 2655
2035 1459 2045 1477 ,
2066 1444 2135 1468 nec
2158 1445 2236 1468 non

1184 1495 1246 1532 ap.
1263 1485 1428 1520 Plinium
1444 1486 1485 1520 in
1498 1486 1546 1520 H.
1559 1487 1606 1522 N.
1623 1487 1790 1524 XXXIV
1803 1515 1813 1533 ‚
1832 1489 1854 1524 8
1869 1516 1879 1533 ,
1898 1502 1922 1538 9
1945 1488 2005 1538 (ex
2027 1491 2114 1526 cod.
2131 1492 2237 1526 Bam-

1183 1542 1314 1592 berg.)
1333 1550 1370 1579 et
1389 1545 1547 1580 Lucian.
1568 1545 1682 1583 Rhet.
1711 1559 1821 1594 praec.
1842 1560 1877 1584 c,
1907 1560 1951 1595 9;
1984 1550 2121 1596 quibus
2140 1550 2236 1585 locis

1183 1601 1316 1637 itidem
1342 1615 1485 1638 nomen
1506 1604 1708 1652 proprium
1735 1605 1807 1640 viri
1834 1605 1939 1642 docti
1962 1607 2238 1644 addubitabant

1184 1673 1302 1709 usque
1316 1661 1408 1697 dum
1423 1662 1712 1700 confirmaretur
1722 1665 1911 1713 inscriptt.
1930 1667 2235 1718 Atheniensibus,

1184 1719 1232 1755 de
1247 1721 1385 1768 quibus
1401 1723 1526 1770 agitur
1542 1723 1580 1757 in
1596 1723 1814 1759 Kunstblatt
1832 1724 1930 1761 1836
1951 1727 1998 1761 N.
2026 1726 2093 1773 16;
2116 1727 2234 1771 1840,

1183 1779 1228 1815 N.
1254 1792 1298 1826 17
1320 1787 1357 1815 et
1378 1781 1418 1815 in
1442 1781 1595 1829 Paugy's
1617 1783 1857 1830 Realencycl.
1884 1790 1979 1823 tom.
2005 1785 2059 1830 II,
2083 1798 2124 1834 p.
2158 1785 2229 1832 761

1183 1850 1218 1875 v.
1237 1839 1392 1877 Kritz‘os.

1236 1898 1297 1936 Ib.
1321 1905 1398 1934 not.
1428 1911 1461 1936 1.
1484 1919 1537 1926 -
1550 1899 1644 1935 Dele
1660 1899 1802 1936 verba:
1828 1901 1964 1936 Verum
1984 1905 2105 1937 nescio
2125 1910 2230 1940 etc...

1182 1958 1406 1992 continebat.

1237 2016 1278 2052 P.
1302 2029 1388 2060 xw,
1411 2017 1448 2061 b,
1473 2016 1534 2054 31.
1553 2037 1607 2043 —
1633 2017 1902 2065 Fragmentum
1922 2029 1967 2053 ex
1989 2019 2109 2056 schol.
2129 2020 2234 2055 Thu-

1183 2074 1269 2122 cyd.
1287 2076 1443 2123 petitum
1462 2076 1582 2110 insere
1595 2088 1633 2124 p.
1655 2075 1704 2111 26
1719 2103 1729 2121 ,
1745 2083 1832 2123 post
1849 2076 1893 2113 fr.
1919 2076 2009 2118 341.

1236 2188 1498 2227 XANTHUS.
1523 2190 1565 2224 P.
1589 2202 1659 2235 xx,
1684 2190 1720 2239 b,
1738 2190 1803 2225 lin.
1827 2203 1886 2226 12.
1915 2211 1968 2218 —-
1992 2190 2161 2237 Pro:fr.
2188 2205 2234 2241 19

1181 2249 1264 2298 lege
1283 2248 1365 2295 :fr.
1398 2261 1485 2294 102,
1506 2262 1546 2298 p.
1565 2249 1654 2287 262.
1677 2250 1767 2296 Quae
1784 2249 1926 2285 ibidem
1945 2250 2119 2298 leguntur
2138 2262 2147 2285 :
2171 2259 2234 2286 at-

1181 2321 1251 2356 que
1264 2308 1350 2343 huic
1363 2308 1528 2344 historia?
1540 2309 1748 2344 scribendae
1761 2316 1946 2344 auctorem
1947 2306 2072 2354 sitisse
2087 2307 2215 2360 (Epho
2226 2330 2236 2337 ·

1181 2380 1245 2402 rus
1257 2379 1266 2404 ε
1278 2365 1460 2418 Ἡροδότῳ
1471 2366 1533 2409 τὰς
1547 2365 1707 2418 ἀφορμὰς
1720 2364 1938 2416 δεδωκέναι),
1948 2368 2237 2404 humanissimus

1182 2438 1330 2471 censor,
1347 2427 1550 2462 Creuzerus
1570 2426 1631 2475 (in
1651 2428 1778 2464 Wien.
1793 2427 1903 2463 Jlarb.
1922 2434 1950 2465 t.
1975 2428 2048 2463 106
2062 2455 2072 2473 ,
2092 2440 2133 2476 p.
2159 2427 2231 2475 38)

1180 2496 1317 2531 parurn
1336 2492 1511 2521 accurate
1538 2485 1642 2521 dicta
1667 2498 1745 2521 esse
1764 2493 1907 2531 censet,
1936 2485 2053 2533 idque
2079 2487 2231 2522 merito.

1181 2543 1255 2579 Sed
1272 2544 1320 2580 de
1335 2544 1520 2580 industria
1534 2545 1713 2593 ambiguo
1730 2557 1903 2580 sermone
1919 2558 2006 2580 usus
2030 2558 2112 2580 sum
2123 2574 2134 2592 ‚
2161 2557 2232 2581 ne-

1180 2603 1278 2638 scius
1299 2604 1443 2652 quippe
1461 2616 1539 2651 quo
1563 2605 1802 2652 potissimum
1818 2616 1929 2640 sensu
1949 2604 2065 2640 verba
2087 2605 2234 2653 Ephori

1180 2663 1405 2711 accipienda
1418 2664 1504 2701 sint.
1519 2664 1576 2699 Ad
1593 2675 1716 2712 graeca
1726 2663 1886 2712 propius
1900 2663 2081 2698 accedere
2096 2663 2235 2699 licebat

1179 2722 1362 2758 vertendo
1390 2735 1523 2758 ansam
1549 2723 1716 2767 dedisse,
1742 2735 1873 2758 verum
1892 2722 2015 2757 nihilo
2044 2722 2162 2771 magis
2186 2734 2232 2758 eo

1179 2781 1297 2816 modo
1323 2794 1404 2817 rem
1420 2782 1540 2830 ipsam
1561 2780 1802 2817 definiissem.
1833 2780 2004 2828 Apponit
2025 2781 2230 2816 Creuzerus

1179 2840 1298 2875 verba
1314 2840 1554 2876 Valckenarii
1570 2841 1627 2875 De
1648 2839 1867 2875 Aristobulo
1881 2852 1922 2888 p.
1942 2838 1991 2875 65
2007 2866 2018 2884 ,
2039 2840 2107 2874 ubi
2122 2839 2201 2875 haec
2220 2853 2227 2874 z

1179 2914 1195 2930 «
1211 2895 1384 2950 Ἀφορμὴν
1399 2896 1576 2949 εἰληφότες
1590 2905 1627 2933 et
1641 2894 1896 2949 ἀφορμηθέντες
1905 2898 1994 2934 hinc
2006 2898 2110 2934 illinc
2125 2897 2229 2934 dice·

1178 2958 1333 3001 bantur,
1351 2958 1416 3005 qui
1430 2969 1497 2992 sua
1509 2957 1650 3005 partim
1667 2957 1748 2992 aliis
1764 2957 1965 3003 debebant,
1979 2958 2056 2993 sive
2072 2969 2117 2992 ex
2132 2957 2230 2992 alio-

1178 3030 1263 3052 rum
1282 3017 1431 3065 scriptis
1451 3016 1691 3062 derivarant;
1715 3016 1858 3064 quique
1876 3016 2119 3064 praebuerant
2146 3016 2228 3051 aliis

1178 3076 1375 3111 materiam
1391 3101 1401 3120 ,
1424 3074 1530 3122 cujus
1556 3087 1630 3123 ope
1648 3076 1844 3123 potuerint
1865 3076 1955 3110 eniti
1986 3075 2035 3110 ad
2051 3086 2119 3109 sua
2137 3075 2227 3110 scri-

1179 3133 1318 3179 benda,
1339 3130 1500 3184 ἀφορμὰς
1515 3131 1701 3175 δεδωκότες
1718 3150 1746 3170 ι».
1762 3136 1887 3181 Atque
1901 3134 1976 3169 hoc
1993 3146 2101 3169 sensu
2114 3134 2226 3168 etiam

1180 3192 1322 3240 Ephori
1337 3192 1451 3227 verba
1473 3192 1521 3228 de
1535 3193 1692 3228 Xantho
1706 3192 1948 3240 intelligenda
1969 3204 2046 3227 esse
2061 3191 2224 3229 Creuze—

1178 3263 1241 3286 rus
1258 3263 1346 3286 cum
1364 3251 1482 3287 Galeo
1500 3258 1538 3286 et
1555 3251 1746 3287 Larchero
1768 3249 1778 3302 (
1794 3250 1842 3286 ad
1856 3252 1943 3289 Her.
1960 3256 1987 3286 t.
2006 3252 2042 3296 1,
2058 3262 2096 3297 p.
2116 3248 2186 3284 381
2210 3251 2222 3298 >

1180 3316 1326 3355 censet,
1360 3309 1456 3346 adeo
1489 3317 1533 3346 ut
1556 3311 1754 3345 materiam
1780 3311 1943 3345 historiae
1973 3308 2100 3356 Lydiae
2123 3307 2223 3342 scri-

1178 3368 1311 3405 bendae
1326 3380 1348 3404 a
1364 3369 1519 3404 Xantho
1535 3368 1755 3405 Herodotus
1771 3368 1972 3416 acceperit.
1989 3366 2131 3404 Contra
2144 3366 2223 3413 ipse

1178 3427 1447 3464 Valckenarius
1476 3427 1523 3463 ad
1543 3426 1732 3464 Herodot.
1762 3439 1802 3475 p.
1831 3426 1904 3462 300
1924 3432 2035 3474 negat
2059 3422 2222 3459 historiae
