2372 3704
0 912 5 918 N
59 865 132 900 nisi
162 865 271 901 malis
303 878 389 902 cum
427 867 607 903 Piccoloo
650 869 775 917 legere

916 253 970 292 lN
1005 254 1273 294 VOLUMINE
1302 256 1374 295 ΙΙΙ.

2140 272 2214 305 665

63 337 157 374 disse
167 337 507 376 dicitur.Fortasse
521 338 635 386 igitur
645 339 757 374 simili
766 340 884 376 modo
895 342 1112 390 corrigendi
1139 358 1145 410 1
1179 342 1332 378 advenae
1350 345 1583 393 intelligendi
1606 347 1820 394 videantur,
1839 357 1950 398 atque
1966 353 2078 388 verba
2099 354 2217 390 inter-

61 403 148 432 sunt
164 397 230 445 qui
246 396 486 433 Antiochiam
505 408 527 432 a
542 398 700 434 Seleuco
715 411 793 434 non
806 412 898 436 vero
916 400 962 435 ab
983 401 1113 436 Antio·

63 454 137 491 cho
148 482 158 500 ,
172 462 210 490 et
223 455 411 491 Arsinoen
423 467 446 490 a
458 456 674 501 Ptolemaeo,
688 469 767 492 non
780 470 872 493 vero
886 458 933 493 ab
950 460 1110 495 Arsinoe

63 512 331 549 conditaszesse
345 512 492 549 dicunt.
508 513 685 550 Ceterum
698 526 745 551 ex
756 516 907 553 Arcadii
921 524 1111 566 praecepto

62 578 228 620 oxytone
241 571 485 608 scribendum
496 579 551 608 est
566 570 769 623 Ἀρνωσσός,
789 575 899 610 sicuti
912 574 1111 627 Βηρωσσός,

0 651 1 654 =
62 628 269 681 Κηρωσσός.
289 652 342 658 —
355 632 440 667 Lin.
458 631 528 669 ult.
544 632 566 676 ἡ
585 630 620 668 δὲ
638 631 652 682 ]
673 633 695 678 ἡ
710 630 751 678 δὴ
769 640 843 672 tac.
865 634 895 671 F
899 634 1003 672 eder.

114 687 208 738 Pag.
231 689 322 735 385,
341 690 366 727 l.
392 703 427 725 1.
447 711 498 718 —
519 689 610 734 Τοὺς
628 691 745 743 φίλους
763 692 777 743 ]
799 694 869 735 τοῖς
889 692 1000 744 φίλοις
1022 707 1108 730 κοιν.

63 747 157 784 bene
173 748 391 784 emendavit
409 748 548 788 Feder.
573 771 626 778 —
654 752 740 788 Lin.
770 765 815 788 21
851 753 1078 802 interpunge
1101 766 1109 789 :

59 803 176 856 ἠγνόει
204 805 379 855 μάλιστα,
399 809 458 844 τοῦ
477 807 577 858 κτλ.,
608 811 665 845 uti
686 811 888 846 Diihnerus
904 818 941 847 et
960 811 1111 856 Feder.,

808 882 816 905 :
849 867 984 920 ἠγνόει,
1015 867 1113 918 μόλις

59 920 144 959 ποτὲ
157 925 217 960 τοῦ
234 923 312 960 κτλ.
331 946 384 951 --
398 926 482 961 Lin.
502 925 539 964 5.
554 925 627 968 θεὸς
642 925 656 976 ]
674 926 870 964 Praestaret
883 929 901 964 ὁ
919 925 992 969 θεὸς
1003 954 1013 973 ,
1029 940 1105 963 mo·

57 988 168 1018 nente
184 982 364 1019 Piccoloo
377 997 388 1029 ;
411 984 477 1020 sed
493 992 640 1021 constat
657 986 728 1021 sibi
745 994 946 1035 excerptor
964 999 1003 1035 p.
1024 986 1111 1031 388,

59 1040 106 1078 sr.
131 1039 197 1090 54,
217 1041 246 1080 1.
271 1046 331 1086 14.
348 1063 402 1070 ·--
420 1043 506 1079 Lin.
531 1043 591 1080 30.
615 1042 745 1090 Λίξον]
767 1046 896 1081 Malim
917 1058 1005 1081 cum
1023 1046 1111 1082 Pic-

2 1111 3 1114 ’
36 1110 39 1111 ’
59 1100 171 1136 coloo
193 1099 319 1149 legere
332 1098 443 1153 Λίξῳ.

112 1157 205 1209 Pag.
231 1159 322 1206 386,
344 1161 370 1197 l.
391 1174 427 1210 9.
449 1182 499 1189 —
522 1159 750 1214 Κατορύξαι]
790 1159 987 1214 κατορύξειν
1009 1162 1111 1198 dedit

59 1216 211 1264 Feder.,
229 1219 286 1254 uti
305 1226 359 1255 est
373 1231 487 1268 supra
503 1232 543 1268 p.
563 1219 654 1266 385,
675 1221 700 1259 l.
722 1220 784 1259 32.
802 1242 855 1248 —
873 1222 958 1259 Lin.
993 1220 1037 1257 15
1060 1222 1111 1257 ita

59 1276 87 1311 F
90 1275 226 1312 ederus
245 1290 253 1312 z
275 1276 374 1327 [πῶς
391 1276 494 1328 ἔχοι]
517 1279 590 1320 πῶς
609 1293 646 1315 τε
663 1277 831 1324 δειπνοίη.

112 1331 202 1383 Pag.
221 1335 295 1382 387
310 1363 321 1381 ‚
348 1336 397 1375 fr.
419 1335 483 1375 53.
506 1358 558 1364 -—
574 1333 658 1374 Ὅτι
672 1333 815 1387 Ἴωνες]
838 1338 979 1379 Φωκεῖς
999 1350 1109 1386 repo-

58 1392 228 1428 nendum
244 1405 322 1430 esse
342 1402 467 1431 censet
482 1395 660 1432 Federus.
680 1396 788 1431 Idem
801 1397 869 1433 lin.
887 1409 906 1441 7
923 1403 1010 1444 post
1028 1398 1110 1445 ἡγε-

58 1448 167 1497 μόνας
187 1451 300 1488 αὖτῶν
322 1465 367 1488 ex
392 1453 612 1501 conjectura
629 1456 760 1503 paullo
781 1455 960 1490 audacius
984 1455 1111 1490 intulit

58 1511 212 1546 nomina
228 1509 427 1561 Φιλογένην
443 1511 503 1548 καὶ
519 1511 691 1561 Δάμωνα.
708 1514 857 1550 Scilicet
874 1513 922 1549 de
941 1513 1043 1549 bello
1061 1514 1109 1549 ab

58 1569 217 1605 Ionibus
241 1577 375 1606 contra
393 1571 669 1607 Orchomenios
701 1579 806 1620 gesto
835 1585 915 1607 non
935 1579 1110 1608 constare

60 1627 166 1666 dicit.
185 1630 334 1666 Deinde
349 1632 509 1667 miratur
521 1633 668 1680 prolem
688 1634 827 1667 Ionum
845 1633 1012 1680 spuriam
1035 1640 1071 1668 et
1090 1645 1111 1668 a

58 1685 224 1734 legitima
249 1689 360 1736 prole
387 1690 535 1737 pulsam
560 1697 694 1739 postea
721 1698 844 1726 tamen
880 1703 966 1726 cum
999 1692 1111 1726 Ioni—-

58 1743 130 1780 bus
142 1745 184 1780 in
203 1746 332 1782 Asiam
357 1748 558 1794 trajecisse.
582 1750 716 1785 Censet
740 1750 857 1798 igitur
886 1751 997 1785 Iones
1026 1751 1110 1786 illos

59 1806 291 1854 excerptoris
308 1806 440 1843 deberi
461 1809 683 1845 oscitantiae.
702 1810 850 1845 Deinde
864 1838 874 1858 ,
892 1826 907 1842 α
935 1811 1020 1845 Hoc
1037 1811 1110 1846 ita—

59 1874 134 1910 que
153 1864 475 1911 concedentibus,
491 1867 615 1915 inquit
627 1894 637 1910 ‚
653 1868 932 1915 anquirendum
952 1868 1109 1917 diligen·

58 1921 133 1957 tius
151 1923 349 1969 cujusnam
362 1926 482 1973 gentis
495 1938 636 1961 nomen
654 1938 725 1974 pro
744 1926 836 1961 falso
863 1927 951 1963 huic
974 1929 1110 1963 Ionum

58 1980 364 2017 substituendum
392 1983 588 2028 videatur,
607 1985 806 2031 relinquo3
824 1986 881 2019 sin
907 1986 1001 2032 quid
1020 1987 1110 2021 mihi

58 2038 277 2086 conjectura
296 2042 518 2077 tentandum
543 2044 606 2088 sit,
634 2043 738 2078 haud
756 2044 834 2078 scio
855 2056 901 2078 an
930 2043 1110 2080 finitimos

58 2098 320 2135 Orchomeniis
336 2100 476 2142 Φωκεῖς
487 2102 720 2149 postliminio
740 2102 993 2138 restituendos
1018 2115 1111 2138 cen-

57 2169 180 2204 seam,
215 2158 360 2208 quippe
390 2159 439 2195 de
471 2160 626 2208 quibus,
658 2162 688 2195 si
718 2161 887 2208 Delphos
921 2162 1085 2209 excipias
1098 2190 1107 2207 ‚

59 2215 235 2252 omnibus
262 2218 460 2253 Pausanias
483 2231 516 2263 7,
552 2231 596 2262 2,
623 2231 660 2257 2.
694 2216 866 2268 (Φωκέες
896 2218 1110 2268 ἀποδάσμιοι

59 2273 259 2310 Herodoto
279 2276 312 2320 Ι,
337 2275 408 2320 146
431 2276 616 2325 audiunt)
640 2276 827 2312 admixtos
843 2279 979 2313 Ionum
997 2290 1110 2326 expe-

60 2331 197 2367 ditioni
226 2334 369 2380 socios,
399 2336 560 2382 acceptis
588 2348 609 2370 a
642 2336 850 2384 Philogene
877 2344 912 2372 et
940 2337 1111 2374 Damone

61 2390 250 2439 (quorum
284 2391 419 2427 Strabo
461 2392 728 2428 tantummodo
759 2394 930 2441 priorem
966 2394 1108 2444 habet)

62 2449 235 2495 navibus,
253 2450 471 2499 eisdemque
491 2451 650 2487 ducibus
664 2453 894 2497 constitutis,
916 2453 1111 2489 Phocaeam

59 2519 140 2542 non
158 2519 353 2544 armorum
372 2510 431 2554 vi,
449 2509 515 2545 sed
533 2511 714 2558 pactione
734 2523 822 2546 cum
841 2510 999 2549 Cumaeis
1015 2512 1112 2548 facta

61 2566 278 2604 condidisse
292 2574 425 2603 auctor
440 2576 507 2605 est.
527 2570 618 2615 Quae
641 2581 728 2604 sane
747 2570 872 2604 omnia
894 2582 1050 2618 prorsus
1067 2572 1111 2606 iis

61 2626 266 2662 convenire
299 2626 496 2662 fatendum
531 2634 585 2663 est
598 2654 609 2672 ‚
644 2640 727 2674 quae
754 2628 816 2663 hic
852 2628 899 2663 de
937 2629 1112 2665 exulibus

60 2684 207 2729 nothis,
228 2696 394 2732 quorum
412 2692 536 2734 patres
555 2685 736 2734 eclogarii
756 2687 817 2722 vel
836 2687 982 2722 librarii
1001 2689 1111 2736 culpa

58 2738 179 2784 Ἴωνες
196 2743 376 2789 audiunt,
392 2745 611 2792 explicatius
625 2752 779 2780 narrata
795 2745 996 2790 habemus3
1015 2747 1111 2782 adeo

59 2807 103 2836 ut
136 2801 187 2837 ad
209 2801 288 2838 haec
320 2800 494 2851 ἡγεμόνας
515 2804 628 2839 αὑτῶν
648 2803 930 2853 προστησάμενοι
959 2805 1112 2840 illorum

58 2860 188 2908 potius
205 2860 308 2909 apud
328 2862 553 2898 Pausaniam
573 2862 714 2898 ducum
732 2863 887 2898 nomina
907 2875 1021 2910 quam
1037 2862 1113 2906 τοὺς

61 2916 200 2968 Κόδρου
231 2919 359 2961 παῖδας
388 2921 449 2956 vel
481 2919 655 2966 Νηλείδας
674 2921 854 2957 excidisse
884 2923 1065 2969 suspicer.
1091 2939 1106 2955 »ι

61 2977 150 3012 Haec
161 2978 298 3014 Federi
309 2978 527 3025 conjectura
541 2978 828 3028 probabilitatis
842 2981 987 3028 aliquid
999 2981 1114 3017 habet

62 3036 162 3071 exiis
175 3049 257 3084 quae
271 3037 341 3073 sub
354 3036 469 3073 finem
486 3038 687 3087 fragmenti
703 3039 895 3086 leguntur,
911 3039 978 3073 ubi
990 3040 1112 3076 Vatias

62 3101 267 3142 postquam
289 3096 529 3132 Cumaeorum
549 3103 753 3144 tyrannum
786 3097 993 3132 nothorum
1021 3097 1111 3132 isto-

44 3185 46 3187 .
61 3164 146 3188 rum
164 3154 307 3190 auxilio
324 3154 535 3200 devicerat,
555 3151 680 3196 εὐθέως
704 3151 764 3195 τὰς
795 3153 879 3205 πρὸς
896 3155 934 3192 Φ
945 3168 1033 3190 ωκα
1045 3153 1061 3190 ε’
1068 3169 1113 3196 ας

64 3207 75 3260 (
93 3209 260 3254 Φωκέους
277 3212 389 3258 cod.;
413 3211 600 3254 Φωκαίους
619 3213 772 3259 Feder.,
792 3215 950 3249 latinum
977 3226 1112 3249 nomen

63 3280 186 3316 graeco
220 3270 473 3319 substituens)
518 3269 691 3315 συνθήκας
720 3268 817 3316 ἠξίου
849 3269 1038 3317 ἐμπεδοῦν,
1073 3269 1112 3312 ἃς

66 3324 154 3377 ὖπὲρ
173 3328 234 3373 τῆς
255 3326 394 3365 ἐκείνων
411 3326 604 3379 ἐλευθερίας
620 3327 787 3365 συνέθετο·
810 3328 840 3364 οἱ
857 3327 885 3363 δ’
903 3326 1111 3372 ἐπείσθησαν

64 3383 125 3420 καὶ
143 3386 204 3430 τῆς
224 3386 287 3433 γῆς
312 3384 452 3425 ἔδοσαν.
475 3387 623 3422 Etenim
643 3387 888 3422 Phocaeorum
906 3387 944 3420 in
960 3394 1111 3422 antece-

67 3443 240 3480 dentibus
258 3446 363 3482 nulla
382 3445 479 3481 facta
505 3445 644 3481 mentio
673 3452 748 3490 est,
771 3445 865 3481 adeo
894 3453 935 3480 ut
955 3446 1026 3493 ipsi
1058 3446 1113 3480 illi

1173 402 1358 448 pretanda
1377 404 1450 438 sint
1478 404 1578 440 hunc
1604 406 1643 440 in
1662 407 1818 442 modum
1842 421 1850 443 ε
1879 425 1893 440 «
1920 411 2049 445 Statim
2075 414 2221 449 curavit

1174 467 1214 494 ut
1228 467 1309 496 rata
1320 460 1454 497 fierent
1466 470 1575 510 pacta
1586 491 1595 506 ,
1610 465 1748 511 quibus
1764 466 1974 503 libertatem
1985 470 2217 507 Phocaeensi-

1173 518 1243 553 bus
1259 519 1330 554 illis
1343 520 1469 555 nothis
1478 522 1714 568 promiserat.
1731 522 2048 573 Obtemperarunt
2062 528 2219 565 Cumani

1174 584 1211 612 et
1237 578 1404 626 regionis
1430 592 1503 614 suae
1525 587 1673 628 partem
1701 582 1772 617 illis
1798 582 1993 622 dederunt.
2030 601 2044 618 »
2068 586 2142 622 Sed
2171 599 2218 623 ne

1174 635 1268 682 quid
1297 637 1434 672 certius
1456 638 1746 684 contendamus,
1776 652 1821 676 eo
1841 642 2082 689 impedimur,
2114 645 2219 692 quod

1174 700 1303 741 aperte
1338 703 1542 744 excerptor
1572 697 1721 733 Nicolai
1754 701 2011 736 narrationem
2039 703 2079 737 in
2105 703 2220 739 breve

1174 754 1375 790 contraxit.
1410 755 1507 791 Nam
1534 757 1702 804 primum
1723 770 1801 792 non
1829 759 1948 807 liquet
1977 761 2130 807 quinam
2149 763 2218 799 sint

1174 810 1268 848 ἐκεῖ
1279 826 1321 849 νο
1335 826 1366 860 ι,
1383 814 1611 860 quibuscum
1629 823 1740 863 pacta
1757 817 1883 856 iniisse
1899 818 2006 853 nothi
2020 819 2218 866 dicuntur3

1173 871 1316 906 namin
1342 879 1485 910 antece.
1513 873 1560 909 de
1590 887 1669 910 uno
1698 876 1804 911 Vatia
1836 888 1959 912 sermo
1988 885 2054 915 est.
2074 879 2221 915 Deinde

1174 929 1361 965 nescimus
1388 931 1482 978 quid
1512 932 1582 967 sibi
1601 933 1718 968 velint
1734 935 1849 969 verba
1875 933 1962 986 ὑπὲρ
1993 937 2052 980 τῆς
2085 935 2221 973 ἐκείνων

1175 986 1379 1038 ἐλευθερίας.
1393 990 1493 1025 Nihil
1509 991 1607 1026 enim
1623 993 1806 1040 praecedit
1822 994 1868 1029 de
1885 994 2058 1030 libertate
2072 997 2218 1031 amissa.

1175 1047 1273 1095 Hinc*
1292 1049 1408 1096 igitur
1425 1051 1624 1098 suspiceris
1657 1063 1791 1100 agmen
1813 1054 2021 1089 nothorum
2034 1084 2044 1102 ,
2074 1055 2181 1102 quod
2200 1068 2221 1091 a

1178 1104 1420 1142 Cumaeorum
1447 1110 1603 1157 regione
1630 1111 1785 1146 Mennes
1814 1118 1992 1159 tyrannus
2023 1122 2218 1158 arcuerat,

1173 1164 1212 1199 in
1231 1173 1455 1212 potestatem
1475 1169 1617 1204 venisse
1632 1169 1879 1205 Phocaeorum
1893 1197 1903 1215 ‚
1920 1172 1984 1218 qui
2006 1173 2099 1207 socii
2116 1180 2222 1208 erant

1174 1224 1425 1264 Cumaeorum.
1460 1228 1606 1263 Deinde
1639 1230 1747 1265 Vatia
1783 1230 1822 1264 in
1859 1230 2033 1265 Mennem
2067 1230 2219 1267 fratrem

1173 1284 1413 1330 conspirante
1426 1314 1435 1330 ‚
1473 1285 1571 1322 inter
1601 1286 1702 1322 hunc
1728 1294 1765 1322 et
1804 1289 2044 1324 Phocaeenses
2082 1301 2220 1326 conve-

1172 1340 1285 1388 nisse,
1303 1349 1346 1376 ut
1364 1344 1471 1378 nothi
1494 1344 1549 1378 illi
1565 1357 1635 1392 pro
1654 1346 1796 1380 auxilio
1813 1359 1880 1381 suo
1898 1347 2062 1382 libertati
2077 1348 2218 1384 redditi

1171 1406 1317 1445 partem
1331 1401 1410 1448 agri
1424 1402 1637 1449 acciperent
1650 1403 1932 1438 Phocaeensium
1945 1430 1954 1448 ,
1972 1405 2038 1451 qui
2051 1405 2121 1452 ipsi
2133 1418 2220 1441 suos

1172 1469 1282 1504 agros
1299 1470 1322 1493 a
1341 1460 1518 1495 Cumanis
1543 1468 1781 1509 acceperant.
1802 1463 1884 1497 Jam
1901 1463 2006 1509 quod
2030 1464 2140 1498 nothi
2155 1464 2215 1499 isti

1175 1515 1356 1552 dicuntur
1377 1520 1488 1553 Iones
1507 1519 1636 1564 fuisse,
1657 1519 1851 1554 offendere
1868 1531 1954 1554 sane
1972 1522 2108 1567 possit3
2128 1529 2220 1557 atta-

1171 1585 1258 1608 men
1271 1601 1282 1618 ,
1301 1582 1342 1610 ut
1361 1588 1463 1612 nunc
1480 1589 1539 1612 res
1557 1578 1671 1613 habet
1683 1605 1693 1622 ,
1712 1589 1734 1612 a
1750 1577 1935 1612 mutando
1954 1578 2218 1614 abstinendum

1177 1644 1253 1667 esse
1278 1632 1453 1672 dixerim.
1473 1635 1567 1670 Nam
1584 1635 1780 1671 historiam
1797 1637 1955 1681 Ionum,
1978 1636 2067 1672 inde
2090 1637 2137 1672 ab
2156 1638 2219 1673 illo

1176 1696 1348 1738 tempore
1365 1704 1444 1739 quo
1461 1693 1727 1740 Peloponneso
1748 1694 1889 1742 expulsi
1905 1694 1942 1728 in
1959 1694 2138 1731 Graeciam
2150 1697 2219 1731 mi-

1172 1757 1344 1796 grarunt,
1368 1763 1487 1798 usque
1507 1749 1555 1786 ad
1575 1751 1841 1799 emigrationes
1861 1764 1994 1787 eorum
2013 1754 2191 1789 Asiaticas
2208 1781 2218 1798 ,

1170 1819 1328 1854 prorsus
1344 1809 1572 1857 ignoramus,
1596 1812 1650 1845 Ac
1669 1822 1739 1857 per
1758 1823 1795 1846 se
1812 1822 1946 1858 parum
1958 1812 2154 1858 probabile
2169 1821 2222 1848 cst

1173 1873 1292 1902 totam
1318 1869 1427 1903 istam
1448 1869 1641 1903 nationem
1660 1880 1730 1915 per
1747 1868 1842 1903 illud
1861 1876 2007 1916 tempus
2036 1871 2134 1905 inter
2154 1883 2219 1905 an-

1172 1934 1300 1973 gustos
1330 1928 1464 1962 Atticae
1484 1927 1664 1962 terminos
1680 1939 1758 1962 sese
1785 1928 2024 1964 continuisse.
2045 1929 2220 1976 Fierique

1171 1986 1300 2031 potuit
1320 1992 1362 2020 ut
1384 1998 1473 2033 pars
1507 1997 1639 2020 eorum
1670 1997 1710 2020 se
1731 1983 1956 2033 adjungeret
1987 1986 2220 2023 AEolensibus

1171 2043 1330 2088 Boeotis,
1354 2045 1419 2090 qui
1443 2051 1522 2078 tum
1542 2055 1586 2078 ex
1606 2044 1795 2078 Thessalia
1812 2043 1922 2089 ejecti
1951 2044 1989 2078 in
2006 2045 2151 2080 Boeotia
2168 2045 2218 2080 ad

1171 2101 1294 2136 lacum
1311 2102 1519 2150 Copaidem
1538 2113 1678 2137 novam
1692 2103 1819 2137 Arnen
1835 2114 1920 2136 cum
1935 2102 2064 2136 Itoniae
2080 2103 2216 2138 Miner-

1170 2171 1224 2194 vae
1239 2161 1344 2194 cultu
1364 2160 1619 2196 condiderunt
1634 2188 1645 2208 ,
1664 2167 1776 2207 atque
1789 2160 1876 2195 hinc
1892 2172 2006 2207 regna
2019 2161 2219 2196 Thebano-

1171 2231 1256 2254 rum
1275 2226 1313 2254 et
1340 2219 1683 2254 Orchomeniorum
1704 2226 1935 2255 everterunt.
1962 2219 2095 2266 Spuria
2126 2232 2217 2255 vero

1171 2278 1296 2324 proles
1316 2278 1379 2312 illa
1405 2270 1822 2313 lonico-Orchomenia
1852 2289 1872 2312 e
1887 2277 2031 2313 Boeotia
2052 2278 2156 2325 pulsa
2181 2279 2218 2313 in

1173 2336 1335 2371 Atticam
1355 2347 1393 2371 se
1409 2337 1632 2380 contulerit,
1649 2336 1754 2383 quod
1769 2334 1848 2382 jam
1866 2336 1955 2370 olim
1977 2336 2218 2371 Orchomenii

1173 2406 1193 2429 a
1213 2395 1422 2430 Thracibus
1442 2394 1550 2441 ejecti
1566 2407 1611 2431 eo
1645 2396 1989 2443 commigraverant
2011 2395 2070 2443 (V.
2095 2396 2218 2431 Hella·

1171 2453 1249 2488 nici
1266 2452 1313 2489 fr.
1340 2466 1405 2500 71,
1425 2459 1519 2489 tom.
1545 2454 1578 2497 Ι,
1599 2466 1638 2501 p.
1665 2452 1712 2488 56
1729 2450 1754 2503 ).
1787 2454 1884 2488 Hinc
1904 2453 2084 2501 deinceps
2103 2466 2219 2500 quum

1173 2512 1309 2546 iterum
1326 2511 1587 2559 emigrandum
1614 2519 1707 2547 esset
1736 2511 1786 2547 ob
1815 2512 1990 2547 locorum
2009 2513 2217 2560 angustias,

1173 2570 1267 2616 quid
1285 2570 1422 2605 mirum
1442 2570 1527 2604 illos
1548 2571 1588 2604 in
1604 2570 1754 2606 easdem
1776 2582 1860 2605 oras
1874 2570 2086 2618 enavigasse
2099 2596 2109 2614 ‚
2129 2582 2216 2617 quas

1172 2629 1312 2676 reliqui
1329 2630 1439 2664 Iones
1457 2635 1494 2663 et
1521 2629 1588 2676 qui
1615 2629 1730 2664 variis
1748 2641 1768 2664 e
1801 2628 1975 2676 gentibus
1995 2629 2040 2663 iis
2063 2628 2217 2663 admixti

1174 2693 1300 2730 erant,
1332 2687 1474 2721 iteratis
1497 2686 1698 2721 itineribus
1725 2687 1965 2734 appetebant.
1996 2686 2170 2724 Ceterum
2189 2687 2217 2721 si

1174 2746 1238 2792 qui
1268 2752 1467 2793 peccatum
1507 2757 1527 2779 a
1559 2744 1716 2780 librario
1749 2751 1825 2792 est,
1855 2744 2031 2791 equidem
2065 2745 2219 2779 Ionibus

1173 2802 1439 2838 substituerem
1461 2803 1583 2838 AEoles
1599 2803 1763 2846 Itonios‚
1785 2814 1864 2837 non
1882 2815 1974 2838 vero
1995 2803 2214 2849 Phocenses,

1174 2873 1270 2907 quos
1287 2868 1375 2896 tunc
1389 2874 1468 2896 non
1479 2869 1554 2896 tam
1573 2861 1673 2896 bello
1694 2861 1969 2896 Orchomenios
1984 2861 2120 2909 petisse
2131 2890 2140 2906 ‚
2154 2861 2217 2895 sed

1173 2931 1247 2954 una
1262 2932 1347 2954 cum
1367 2920 1438 2954 illis
1454 2920 1579 2972 {Ecles
1597 2919 1682 2954 illos
1699 2919 1933 2954 Thessalicos
1953 2926 2131 2966 tanquam
2150 2918 2216 2953 ho-

1174 2985 1265 3012 stem
1283 2990 1522 3013 communem
1536 2990 1711 3013 coercere
1726 2978 1911 3013 studuisse
1926 2985 2215 3013 consentaneum

1174 3042 1306 3072 est.-—
1318 3036 1372 3071 Ib.
1393 3036 1417 3072 l.
1440 3048 1500 3073 12.
1517 3033 1556 3071 τὸ
1574 3032 1655 3084 [δὲ]
1676 3032 1826 3085 μεταξὺ]
1846 3033 1884 3071 τὸ
1901 3033 1941 3081 δὴ
1964 3050 2003 3085 μ.
2023 3035 2128 3071 dedit
2143 3037 2217 3072 Fc-

1174 3094 1270 3139 der.;
1291 3091 1330 3129 τὸ
1348 3091 1461 3143 διέχον
1482 3091 1610 3142 μεταξὺ
1627 3093 1726 3140 conj.
1746 3095 1916 3131 Piccolo.

1226 3151 1319 3200 Pag.
1345 3151 1440 3196 388,
1468 3153 1494 3187 l.
1521 3157 1557 3195 ί..
1576 3151 1721 3193 -Τοῒς
1740 3150 1935 3201 Κυμαίοις]
1958 3153 2134 3187 articulus
2153 3163 2212 3198 ap.

1173 3211 1359 3247 Federum
1376 3210 1528 3248 excidit.
1545 3231 1595 3236 —
1610 3211 1695 3247 Lin.
1710 3209 1745 3246 8.
1757 3211 1817 3254 τῆς
1827 3211 1888 3259 γῆς
1902 3208 2046 3258 ἔδοσαν]
2069 3207 2129 3252 τὴν
2146 3210 2209 3256 γῆν

1173 3270 1284 3305 tacite
1302 3269 1450 3313 Feder.;
1471 3269 1589 3314 male;
1613 3276 1780 3304 ceterum
1795 3269 1922 3305 malim
1943 3266 2145 3315 μετέδοσαν.
2165 3288 2210 3293 -

1173 3329 1235 3365 Fr.
1256 3327 1303 3369 54
1317 3355 1326 3373 ,
1347 3327 1371 3362 l.
1403 3326 1466 3364 28.
1489 3323 1624 3368 Οῗτινές
1650 3340 1687 3362 τε
1704 3319 1790 3375 εἶεν]
1811 3340 1848 3362 τε
1867 3326 1991 3361 omisit
2005 3324 2137 3360 Feder.
2163 3343 2214 3349 -—-

1175 3388 1218 3422 L.
1247 3398 1310 3434 29.
1332 3385 1383 3436 ἐφ’
1401 3382 1470 3435 ὅτῳ
1493 3383 1637 3433 ἥκοιεν]
1655 3384 1706 3435 ἐφ’
1732 3382 1794 3435 οἵῳ
1813 3382 1850 3429 ἥ.
1877 3385 1986 3419 tacite
2006 3382 2141 3419 Feder.
2163 3402 2211 3408 —

1176 3447 1219 3483 L.
1240 3444 1282 3480 31
1296 3474 1303 3481 .
1321 3446 1379 3480 τοῦ
1401 3441 1700 3492 Λαοδάμαντος..,
1727 3440 1818 3483 ὅστις
1837 3441 1949 3482 αὐτοῖς
1964 3438 2015 3485 εἴη
2038 3440 2055 3475 ὁ
2075 3437 2211 3477 Λαοδά-
