2372 3704
142 237 215 269 514

141 317 176 355 δὲ
193 316 340 364 θελησας
359 316 421 364 τὴν
449 318 582 370 ε’ρωσαν
601 322 735 369 μαθεῖν,
756 321 824 372 φῶς
844 319 992 372 ᾔτησεν·
1014 320 1095 359 ἰδὼν
1118 322 1175 369 δὲ,

140 374 283 437 ξιφηρης
296 374 359 422 τὴν
389 376 647 426 ἀσελγεστάτην
674 377 828 418 ἐδίωκεν.
848 378 893 417 Ἡ
914 377 949 416 δὲ
977 379 1067 417 κατὰ
1096 381 1182 431 πρό-

142 449 235 471 νοιαν
257 433 457 485 Ἀφροδίτης
480 436 526 478 εἷς
548 434 731 486 ὁμώνυμον
749 436 884 489 δένδρον
903 439 1153 490 μετεμορφώθη
1169 468 1179 485 ,

140 490 231 528 καθὰ
249 491 428 543 Θεόδωρος
459 494 493 530 ἐν
513 498 588 536 ταῖς
609 493 944 546 Μεταμορφώσεσιν.
971 496 1048 545 (Cf.
1079 499 1182 534 Stob.

139 552 317 600 Florileg.
341 551 403 597 66,
422 551 506 600 34.)

193 610 339 646 Probus
362 610 411 646 ad
426 612 556 659 Virgil.
571 611 711 660 Georg.
728 613 747 648 I
759 639 769 656 ‚
788 618 882 650 extr.
904 623 912 649 ι
928 613 1074 648 dilectoe
1094 614 1184 650 Tlae-

141 669 211 703 cidi
228 668 429 718 Alcyones]
465 671 582 704 Varia
615 678 672 705 est
694 673 821 718 opinio
839 670 973 706 harum
993 673 1183 707 volucrum

140 730 311 776 origitzis.
329 730 465 775 Itaque
495 731 531 763 in
552 729 674 764 altera
692 732 854 776 sequitur
876 730 1024 765 Ovidius
1041 731 1183 766 Nican

139 786 262 829 dmm,
298 789 336 820 in
366 787 489 822 altera
513 788 547 822 Τ
544 787 744 823 lzeodormn
769 796 938 835 putatur.
959 790 1058 824 Nam
1081 789 1186 836 Ceyx·

139 843 305 890 Luctferi
318 844 429 891 filius
449 857 531 880 cum
551 846 716 892 Alcyone
736 846 942 893 AEolifilc'a
961 854 1127 882 mutatur
1146 851 1185 882 in

139 900 211 946 has
225 903 407 937 volucres.
427 903 535 938 Idem
552 901 670 948 refert
676 905 867 950 Alcyonen
881 904 1184 951 Scyrom‘sfi'liam

140 960 293 995 latronis
324 963 441 996 Attici
460 962 722 1009 Poh‘pemonis
739 962 838 1010 filii,
873 975 984 1009 qaum
1011 971 1124 1011 pater
1149 967 1186 999 ei

131 1021 356 1066 praeciperet
380 1026 422 1053 ut
437 1026 619 1066 quoeren’t
643 1023 832 1063 maritum,
861 1021 1079 1056 arbitratum
1095 1035 1184 1069 pro-

139 1080 287 1111 missum
303 1077 372 1111 sibi
384 1085 424 1111 ut
437 1077 692 1112 concumberet
716 1091 798 1113 cum
825 1080 958 1126 qulbus
978 1081 1110 1123 vellet,
1135 1082 1185 1115 ab

140 1138 235 1169 irato
261 1142 372 1182 patre
400 1135 583 1181 dejectam
605 1138 646 1170 in
675 1149 780 1172 mare
808 1146 988 1173 mutatam
1018 1141 1057 1172 in
1085 1138 1185 1174 hanc

137 1193 338 1227 volucrem.
355 1193 502 1228 Idcirco
517 1201 640 1228 autem
655 1192 811 1230 dilectas
838 1195 985 1231 Thetidi
1006 1197 1102 1232 dicit
1114 1197 1185 1232 has

137 1262 238 1293 aves,
257 1251 357 1298 quod
371 1263 444 1298 per
454 1259 593 1299 septem
610 1253 707 1296 dies,
729 1252 862 1301 quibus
881 1256 1085 1289 excludunt
1105 1253 1183 1299 soe-

137 1315 201 1351 tus,
229 1312 268 1343 in
283 1312 380 1344 mari
404 1311 656 1357 tranquillitas
671 1318 739 1352 est,
766 1319 896 1346 uetula
914 1315 963 1347 sit
980 1316 1181 1359 navigatiO.

137 1366 242 1411 Haec,
257 1379 339 1414 quae
351 1368 390 1402 in
404 1367 513 1404 editis
524 1368 800 1414 desiderantur,
815 1371 986 1406 Dubneri
1000 1371 1184 1407 schedulis

137 1432 294 1472 accepta
311 1425 446 1461 refero.

192 1485 425 1520 TnEonosz
454 1485 634 1521 Puocffius
659 1486 715 1520 De
740 1485 840 1522 tholo
870 1487 1051 1534 Delphico
1086 1489 1179 1522 scri-
1243 1493 1249 1498 “

140 1541 256 1588 psisse
287 1541 426 1577 dicitur
461 1554 508 1590 ap
517 1571 524 1577 .
562 1544 707 1581 Vitruv.
736 1544 884 1592 praefat.
923 1558 994 1583 vn.
1032 1546 1180 1582 Ibidem

137 1599 360 1635 Theodorus
373 1602 429 1636 De
448 1605 525 1636 vite
537 1602 695 1637 lunonis
708 1602 852 1637 Samioe
869 1603 1017 1650 citatur.

189 1657 385 1706 Subjungo
406 1659 637 1695 mentionem
669 1661 860 1696 Theodori
890 1662 950 1696 τοῦ
977 1663 1155 1709 παναγοῦς
1164 1690 1174 1708 ,

137 1716 203 1761 qui
216 1715 250 1752 Π
262 1714 324 1765 ερὶ
344 1718 415 1752 τοῦ
430 1730 479 1761 κη
491 1715 624 1767 ρύκων
641 1716 737 1767 γένο
748 1733 766 1754 υ
777 1733 791 1759 ς
802 1720 987 1767 scripsisse
1000 1719 1175 1767 perhihe-

135 1777 198 1807 tui
205 1774 309 1821 apud
326 1775 530 1811 photium:
553 1772 607 1813 ‘H
617 1790 642 1824 μ
652 1789 668 1812 ε
681 1789 698 1826 ρ
709 1775 868 1812 οκαλλ’
853 1790 868 1812 ε
879 1791 908 1823 ς,
927 1774 1025 1819 ἄνθος
1036 1775 1176 1827 σπειρό-

138 1844 180 1878 με
184 1844 240 1867 νον
260 1833 278 1868 ὁ
301 1830 471 1880 Δίδυμος·
501 1832 563 1870 οὐκ.
582 1831 655 1869 ἔστι
679 1833 715 1870 δὲ
736 1833 854 1879 ἄνθος,
883 1834 973 1870 ἀλλὰ
1001 1838 1174 1886 φοινικοῦν
1211 1863 1216 1871 .

138 1889 227 1938 ἔριον
243 1884 626 1938 διαπεποικιλμένον,ῗ
600 1907 628 1943 ῳ
644 1893 799 1942 χρῶνται
811 1891 895 1943 πρὸς
909 1890 970 1935 τὰς
985 1892 1178 1944 ἱερουργίας

138 1945 332 1993 Ἀθήνησιν,
361 1950 406 1991 ὡς
425 1948 605 2000 Θεόδωρος
621 1951 638 1986 ὁ
658 1949 815 2000 παναγὴς
840 1950 1177 2023 προσαγορευόμενος

136 2005 170 2041 ἐν
197 2006 246 2056 τῷ
265 2020 286 2042 α
289 2004 400 2056 ’Περὶ
418 2010 478 2043 τοῦ
499 2006 659 2058 κηρύκων
675 2006 803 2058 γένους,
827 2007 886 2045 καὶ
902 2007 963 2054 τὴν
983 2008 1097 2046 αἰτίαν
1116 2012 1176 2046 τοῦ

135 2061 304 2111 ὀνόματος
315 2064 508 2108 ἀποδιδούς·
525 2065 650 2117 γράφει
680 2065 740 2103 δέ·
758 2084 772 2099 «ι
788 2068 963 2105 Καλεῖται
980 2068 1181 2118 ἡμεροκαλ·

134 2119 190 2164 λὲς
207 2120 263 2158 διὰ
293 2122 333 2160 τὸ
354 2122 550 2161 πεπλύσθαι
581 2123 641 2162 καὶ
667 2123 840 2177 βεὸάφθαι
865 2125 924 2162 καὶ
943 2124 1122 2177 εἰργάσθαι
1147 2127 1180 2162 ἐν

137 2185 202 2231 μιᾷ
220 2178 336 2232 ἡμέρᾳ
350 2196 358 2203 ·
377 2181 491 2228 κάλλη
512 2180 547 2219 δὲ
563 2182 859 2235 προσαγορεύεται
872 2182 916 2221 τὰ
934 2182 1033 2230 ἄνθη.
1054 2200 1068 2217 »
1087 2185 1178 2221 Ead.

136 2239 260 2287 Etym.
288 2241 340 2276 M.

345 2745 410 2783 DE
429 2745 605 2785 SACRIS
627 2747 963 2787 RHODIORUM.

175 2851 278 2882 Etiam
286 2853 497 2892 χελιδονίζειν(
508 2854 761 2897 hirundinare)
775 2856 859 2897 apud
869 2857 1007 2890 Rhodios
1018 2859 1064 2890 est
1072 2859 1179 2899 aliqua

133 2901 223 2941 stipis
239 2903 403 2942 collectio;
421 2905 460 2936 de
476 2914 539 2945 qua
552 2906 709 2947 Theognis
725 2908 867 2948 loquitur
881 2909 1020 2941 secundo
1038 2910 1119 2942 libro
1132 2913 1179 2942 De

133 2954 230 2984 sacris
244 2963 316 2993 quae
329 2955 432 2986 Rhodi
457 2957 669 2998 celebrantur,
688 2959 744 2990 ubi
765 2959 811 2991 sic
827 2960 936 2992 scribit
954 2973 962 2992 ε
977 2973 993 2989 «
1011 2962 1178 2994 Rationem

133 3003 277 3043 aliquam
299 3006 466 3045 colligendi
482 3008 594 3048 stipem
612 3009 846 3043 hirundinare
867 3012 1028 3052 appellant
1041 3013 1155 3045 Rhodii
1167 3037 1177 3054 ,

134 3064 209 3095 quae
237 3056 274 3087 fit
296 3066 404 3090 mense
423 3059 665 3094 Boedromione.
684 3063 790 3095 Habet
807 3064 916 3096 autem
939 3074 1059 3098 nomen
1074 3074 1114 3098 ex
1127 3075 1177 3106 eo,

133 3106 222 3147 quod
234 3107 338 3140 solent
347 3110 523 3141 acclamare
539 3123 545 3142 :

204 3186 309 3221 Venit,
324 3187 405 3216 venit
417 3187 548 3217 hirundo
557 3210 566 3223 ,

204 3231 309 3267 pulcra
323 3234 458 3269 tempora
471 3235 616 3263 reducens

205 3278 384 3315 pulcrosque
397 3287 492 3310 annos
501 3301 508 3314 ‚

204 3323 259 3352 sub
272 3327 377 3354 ventre
387 3326 510 3354 candida
518 3347 526 3360 ,

210 3371 241 3399 in
255 3372 339 3406 tergo
351 3372 445 3405 nigra.

208 3418 328 3447 Fleuum
341 3417 432 3448 offam
445 3428 546 3450 nonne
558 3424 704 3458 expromis

1043 234 1351 275 THEOGNIDIS
1369 264 1380 283 ‚

1569 366 1960 425 THEOGNIS.

1391 493 1510 531 ΠΕΡΙ
1546 494 1651 533 ΤΩΝ
1684 495 1750 534 EN
1772 497 1906 551 ΡοΔῼ
1931 497 2140 538 emim.

1522 608 1551 642 E
1583 608 1732 645 LIBRO
1770 609 2008 648 SECUNDO.

1298 696 1495 732 Athenaeus
1511 698 1622 743 VIII,
1640 711 1681 747 p.
1711 697 1808 749 360,
1827 701 1888 738 B:
1909 700 1984 738 Καὶ
2006 701 2226 752 χελιδονίζειν
2248 703 2284 742 δὲ
2339 683 2348 735 f

1246 754 1347 790 καλε”
1319 768 1405 790 ειται
1430 751 1528 806 παρὰ
1557 754 1701 798 Ῥοδίοις
1735 755 1885 808 ἀγερμός
1915 773 1966 802 τις
1997 758 2124 807 ἄλλος,
2143 760 2224 813 περὶ
2243 765 2284 800 οὓ
2345 766 2348 771 “

1246 811 1391 862 Θέογνίς
1410 826 1512 863 φησιν
1533 813 1568 850 ἐν
1588 813 1735 874 δευτέρῳ
1760 814 1848 867 Περὶ
1865 817 1932 854 τῶν
1957 817 1992 855 ἐν
2011 816 2125 871 Ῥόδῳ
2143 821 2283 866 θυσιῶν,

1246 869 1389 922 γράφων
1405 868 1529 914 οὕτως·
1548 888 1564 905 α
1585 865 1688 915 Εἶδος
1710 871 1748 910 δέ
1763 888 1798 910 τι
1816 877 1874 911 τοῦ
1899 875 2046 928 ἀγείρειν
2067 856 2286 928 χελιδονίζειν
2339 879 2343 901 9

1246 930 1276 966 οἱ
1299 926 1428 966 Ῥόδιοι
1447 929 1626 980 καλουσιν,
1649 929 1667 968 ὃ
1688 929 1818 981 γίνεται
1843 947 1893 984 τῳ
1913 934 2152 986 Βοηδρομιῶνι
2183 935 2282 984 μηνί.

1245 986 1475 1030 Χελιδονίζειν
1498 986 1534 1024 δὲ
1547 987 1686 1039 λέγεται
1703 988 1758 1027 διὰ
1778 989 1817 1028 τὸ
1832 991 1948 1035 εἰωθὸς
1967 993 2230 1045 ἐπιφωνεῖσθαι·

1326 1075 1430 1115 Ἦλθ’,
1444 1076 1516 1116 ἦλθε
1525 1078 1670 1118 χελιδὼν,

1327 1124 1422 1159 κοιλὰς
1436 1124 1516 1164 ὥρας
1530 1124 1652 1165 ἄγουσα
1661 1149 1670 1164 ,

1325 1171 1437 1206 καλοὺς
1453 1171 1608 1208 ἐνιαυτοὺς
1621 1196 1630 1211 ,

1326 1218 1376 1248 ἐπὶ
1386 1218 1522 1258 γαστέρα
1534 1219 1630 1250 λευκὰ
1638 1243 1648 1259 ,

1327 1264 1376 1295 ἐπὶ
1389 1267 1473 1295 νῶτα
1487 1266 1626 1305 μέλαινα.

1326 1310 1474 1342 Παλάθαν
1490 1311 1526 1342 οὐ
1543 1312 1723 1352 προκυκλεῖς

1326 1357 1362 1388 ἐκ
1371 1357 1475 1392 πίονος
1492 1357 1579 1389 οἷκου
1587 1381 1596 1396 ,

1328 1403 1412 1434 οἶνου
1425 1414 1458 1435 τε
1472 1404 1656 1444 δέπαστρον,

1326 1454 1418 1491 τυροῦ
1432 1461 1465 1481 τε
1478 1451 1640 1491 κάνιστρον

1327 1498 1379 1528 καὶ
1394 1500 1497 1537 πυρῶν
1510 1509 1519 1537 ;

1325 1543 1346 1573 ἁ
1360 1543 1490 1583 χελιδὼν
1506 1543 1558 1574 καὶ
1575 1542 1727 1574 λεκιθίταν

1325 1590 1384 1621 οὐκ
1397 1591 1578 1621 ἀπωθεῖται.
1595 1589 1703 1630 Πὸτερ’
1717 1589 1876 1630 ἀπίωμες,
1891 1592 1910 1629 ἢ
1927 1592 2111 1633 λαὸώμεθας

1330 1637 1355 1667 εἷ
1379 1638 1433 1676 μέν
1443 1648 1471 1668 τι
1489 1637 1613 1672 δώσεις·
1628 1637 1654 1667 εἰ
1668 1636 1699 1667 δὲ
1717 1637 1758 1676 μὴ
1768 1659 1776 1675 ,
1787 1637 1844 1668 οὐκ
1861 1637 2002 1679 ἐάσομες·

1323 1683 1343 1720 ἢ
1355 1683 1411 1714 τὰν
1423 1683 1515 1724 θύραν
1528 1683 1663 1724 φέρωμες
1672 1705 1681 1721 ,
1697 1683 1716 1720 ἢ
1732 1683 1930 1724 θύπέρθυρον,

1323 1731 1342 1767 ἢ
1355 1730 1410 1761 τάν
1423 1732 1555 1770 γυναῖκα
1567 1730 1623 1760 τὰν
1637 1729 1700 1760 ἔσω
1717 1731 1908 1770 καθημέναν·

1329 1777 1426 1817 μικρὰ
1441 1777 1495 1816 μέν
1509 1777 1573 1807 ἐστι
1584 1798 1592 1814 ,
1607 1775 1720 1816 ῥᾳδίως
1741 1777 1791 1815 μὶν
1808 1777 1946 1817 οἴσομες.

1324 1823 1398 1854 Ἐὰν
1411 1825 1500 1865 φέρῃς
1515 1823 1547 1854 δέ
1558 1834 1586 1854 τι
1599 1846 1608 1862 ,
1621 1823 1700 1863 μέγα
1714 1824 1750 1861 δή
1766 1835 1794 1854 τι
1810 1825 1862 1855 καὶ
1879 1824 1990 1865 φέροις.

1327 1869 1438 1910 Ἄνοιγ’
1454 1870 1557 1910 ἄνοιγε
1579 1871 1635 1901 τὰν
1648 1870 1739 1911 θύραν
1753 1870 1886 1911 χελιδόνι
1897 1879 1905 1887 ·

1325 1917 1361 1948 οὗ
1373 1917 1432 1958 γὰρ
1445 1917 1581 1958 γέροντές
1591 1917 1683 1958 ἐσμεν
1694 1940 1704 1957 ,
1721 1917 1801 1949 ἀλλὰ
1815 1917 1936 1949 παιδία.

1243 1994 1315 2034 Τὸν
1332 1995 1368 2033 δὲ
1394 1994 1544 2047 ἀγερμὸν
1566 1997 1684 2033 τοῦτον
1706 1995 1881 2040 κατέδειξε
1907 1997 2042 2049 πρῶτος
2066 1996 2283 2042 Κλεόὸουλος

1243 2057 1261 2092 ὃ
1280 2053 1416 2097 Λίνδιος
1435 2055 1470 2091 ἐν
1491 2053 1608 2105 Λίνδῳ
1638 2053 1758 2106 χρείας
1774 2054 1959 2105 γενομένης
1985 2054 2155 2106 συλλογῆς
2188 2070 2283 2108 χρη-

1273 2128 1380 2151 ατων.
1404 2129 1420 2147 ι

1245 2129 1271 2164 μ
1295 2172 1555 2222 Theognidem
1573 2173 1678 2208 hunc
1700 2173 2059 2221 Schweighaeuserus
2077 2173 2116 2208 in
2131 2173 2216 2209 Ind.
2232 2173 2282 2209 ad

1245 2231 1383 2268 Athen.
1397 2244 1424 2280 p
1432 2259 1439 2266 .
1455 2229 1528 2266 205
1544 2242 1620 2266 esse
1631 2238 1740 2279 putat
1750 2230 1903 2267 fortasse
1913 2233 2117 2280 sophistam
2129 2231 2279 2276 Chium,

1244 2289 1350 2336 cujus
1365 2289 1537 2325 meminit
1552 2289 1750 2324 Athenaeus
1765 2290 1845 2338 I,p.
1873 2294 1933 2334 14,
1951 2291 1995 2334 E,
2012 2290 2079 2325 ubi
2097 2301 2107 2325 ε
2125 2287 2279 2335 Διαὸόη·

1245 2359 1297 2382 τοι
1318 2344 1354 2382 δὲ
1375 2344 1431 2382 ἐπὶ
1451 2347 1617 2396 σφαιρικῇ
1634 2344 1841 2394 Δημοτέλης
1869 2347 1888 2383 ὁ
1903 2345 2088 2396 Θεόγνιδος
2106 2348 2166 2382 τοῦ
2195 2343 2282 2384 Χίου

1244 2406 1406 2454 σοφιστοῦ
1421 2401 1577 2454 ἀδελφός.
1595 2405 1768 2453 Sophista
1782 2405 1845 2441 ille
1857 2405 1959 2441 haud
1970 2405 2088 2454 magis
2101 2405 2278 2441 innotuit.

1242 2465 1378 2500 Noster
1392 2463 1508 2499 homo
1524 2462 1636 2499 fuerit
1647 2463 1832 2501 Rhodius.

1309 2709 1469 2744 pinguibus
1481 2715 1515 2737 ex
1525 2708 1637 2737 aedibus
1645 2729 1652 2742 ,

1312 2755 1433 2790 vinique
1445 2755 1588 2791 pocillum
1597 2775 1606 2790 ‚

1309 2800 1442 2835 caseique
1452 2800 1614 2829 canistrum

1309 2846 1339 2872 et
1350 2845 1463 2873 tritici?

1310 2889 1449 2918 Hirundo
1464 2897 1520 2918 nec
1532 2890 1732 2926 placentulam

1309 2936 1525 2972 aspernabitur.
1536 2936 1742 2971 Abibimusne,
1757 2944 1796 2965 an
1808 2938 2006 2974 accipiemus?

1309 2981 1338 3009 si
1354 2980 1480 3014 dederis,
1491 2981 1636 3010 abibimus
1651 2991 1659 3009 ι
1673 2983 1696 3010 si
1711 2982 1803 3015 nihil,
1818 2991 1879 3012 non
1895 2983 2071 3013 desistemus

1309 3026 1381 3062 quin
1394 3027 1519 3061 januam
1530 3027 1752 3062 abstulerimus,
1769 3030 1821 3057 aut
1833 3029 1924 3057 limen
1937 3030 2086 3066 superius,

1308 3073 1358 3099 aut
1372 3074 1453 3099 tuam
1470 3071 1550 3100 intus
1563 3072 1655 3108 ipsam
1667 3073 1818 3102 sedentem
1830 3075 2020 3109 uxorculam;

1309 3124 1400 3152 parva
1413 3119 1472 3149 est,
1486 3115 1626 3146 facillime
1638 3117 1759 3153 quidem
1771 3120 1996 3155 asportabimus.

1312 3162 1341 3189 Si
1354 3161 1425 3198 quid
1439 3162 1524 3190 nobis
1535 3162 1667 3199 impertis
1675 3183 1683 3197 ,
1695 3163 1774 3192 haud
1784 3165 1922 3200 exiguum
1936 3165 2009 3194 illud
2021 3167 2068 3195 sit.

1310 3208 1417 3244 Aperi,
1431 3208 1512 3244 aperi
1526 3207 1619 3238 tores!
1630 3217 1669 3239 ne
1681 3218 1787 3247 sperne
1800 3211 2014 3242 hirundinem!

1310 3256 1373 3284 Nec
1385 3262 1469 3283 senes
1480 3256 1575 3290 enim,
1593 3258 1628 3285 ut
1639 3257 1737 3291 vides,
1751 3258 1803 3287 sed
1817 3260 1901 3296 pueri
1917 3267 2029 3289 sumus.

1240 3324 1342 3364 HuJus
1365 3322 1495 3355 rationis
1511 3322 1624 3364 stipem
1645 3325 1773 3365 petendi
1796 3327 1919 3367 primus
1935 3331 2047 3361 auctor
2066 3329 2170 3361 suerat
2191 3329 2281 3362 Cleo·

1240 3374 1335 3406 bulus
1347 3374 1478 3406 Lindius
1488 3398 1498 3415 ‚
1509 3383 1610 3415 quum
1623 3375 1656 3407 in
1669 3376 1856 3411 Lindiorum
1869 3379 1996 3413 civitate
2011 3380 2179 3414 necessitas
2187 3380 2280 3413 exsti·

1241 3425 1331 3458 tisset
1344 3425 1530 3467 colligendae
1543 3427 1696 3467 pecuniae.
1713 3440 1730 3456 υ

2364 2489 2372 2511 ..-
2366 2458 2372 2478 —i
2364 2256 2372 2435 uta-fia..—-.
2360 2206 2372 2245 ...¹-
2361 2057 2372 2198 vna—nnn.-

2364 2516 2372 2601 1.....--.

2354 2669 2372 2956 x-Q--a-s-——a—ae,
2362 2602 2372 2661 ..u-<2
