2326 3724
0 394 23 467 *3¹33*
0 245 18 382 ffffw‘ffl·
13 211 18 223 ,Α
10 175 18 191 a·
13 142 15 147 -
6 115 15 119 2

1016 186 1350 227 FRAGMENTA.
2206 194 2256 228 9⁹

110 276 171 317 καὶ
197 279 219 324 ἡ
247 279 308 322 τῆς
339 277 448 330 ἂρχης
476 291 544 314 των
577 274 708 314 ἐκείνου
736 274 871 313 παίδων
897 273 1065 328 διαφορὰ,
1094 277 1153 312 τοῦ

109 335 343 390 πρεσὸυτέρου
369 336 432 386 μὲν
460 334 654 382 Ἀττηλαν,
683 350 744 372 του
765 332 801 372 δὲ
829 334 996 387 νεωτέρου
1024 333 1153 372 Αέτιον

111 394 169 433 ἐπὶ
208 393 396 446 συμμαχίᾳ
431 392 621 443 ἐπάγεσθαι
661 391 864 443 ἐγνωκότος·
897 391 934 429 ὃν
968 390 1059 430 κατὰ
1091 389 1153 437 τὴν

109 452 256 504 (Ρώμην
274 451 408 502 εἴδομεν
429 450 705 503 πρεσὸευόμενον
735 449 1028 503 (πρεσὸευόμενοι
1049 451 1150 498 conj.

109 510 200 560 N.),
223 509 331 560 μήπω
355 509 470 548 ἷούλου
499 508 709 561 ἀρχόμενον,
730 508 847 553 ξανθὸν
866 507 928 554 τὴν
954 507 1065 558 κόμην
1086 513 1154 551 τοῖς

109 567 215 605 αὐτοῦ
231 568 508 621 περικεχυμένην
518 567 573 606 διὰ
590 566 730 617 μέγεθος
741 566 862 617 ὤμοις.
878 565 988 606 Θετὸν
1001 566 1036 604 δὲ
1051 565 1153 604 αὐτὸν

110 627 130 665 ὅ
149 626 276 670 Ἀέτιος
301 626 538 677 ποιησάμενος
562 628 672 665 παῖδα
699 626 760 665 καὶ
785 628 934 665 πλεῖστα
955 627 1049 678 δῶρα
1078 625 1155 680 δοὺς

109 684 186 736 ἅμα
205 689 254 738 τῷ
284 686 503 738 βασιλεύοντι
523 685 579 723 ἐπὶ
604 685 701 737 φιλίᾳ
722 701 758 723 τε
785 685 844 722 καὶ
861 684 1039 736 ὁμαιχμίᾳ
1063 683 1154 721 ἀπέ-

109 746 245 797 πεμψε.
283 745 428 784 Ἰούτων
461 743 561 783 ἕνεκα
589 746 608 782 6
638 744 804 790 Ἀττήλας
836 742 898 790 τὴν
928 742 1153 817 ἐκστρατείαν

109 803 332 854 ποιούμενος,
352 798 448 848 αὖθις
466 819 534 842 των
557 805 644 856 ἀμφ’
666 803 768 842 αὐτὸν
787 803 945 858 ἄνδρας’
931 819 964 846 ες
982 801 1044 849 τὴν
1062 802 1151 841 Ἰτα-

107 862 223 901 λίαν”
205 878 361 914 επεμπεν
379 863 471 901 ὥστε
488 862 554 909 τὴν
571 861 744 915 Ὁνωρίαν
765 862 954 900 ἐκδιδόναι·
979 864 1066 899 εἰναι
1085 860 1152 914 γὰρ

111 922 208 975 αὐτῷ
227 921 454 974 ἡρμοσμένην
473 921 559 974 πρὸς
582 921 716 972 γάμον,
737 936 925 972 τεκμηριον
951 918 1153 970 ποιούμενος

107 979 166 1018 τὸν
186 982 269 1033 παρ’
284 982 390 1028 αὐτῆς
403 979 603 1034 πεμφθέντα
621 978 822 1027 δακτύλιον,
836 978 873 1016 ὃν
887 977 947 1016 καὶ
961 978 1153 1030 ἐπιδειχθη-

108 1037 254 1088 σόμενον
281 1039 455 1078 ἐστάλκει·
479 1043 705 1092 παραχωρεῖν
726 1036 761 1076 δὲ
783 1039 878 1091 αὐτῷ
901 1036 959 1075 τὸν
983 1038 1152 1076 Βαλεντι-

107 1097 223 1136 νιανὸν
242 1098 302 1136 καὶ
321 1102 380 1136 τοῦ
399 1098 553 1148 ἡμίσεως
572 1100 634 1145 τῆς
662 1096 841 1150 βασιλείας
861 1095 986 1149 μέρους
998 1125 1009 1144 ,
1027 1097 1073 1139 ὥς
1093 1095 1152 1133 καὶ

108 1159 171 1204 τῆς
181 1156 353 1211 εΟνωρίιις
366 1157 613 1208 διαδεξαμένης
624 1156 687 1208 μὲν
699 1156 796 1208 παρὰ
809 1155 940 1208 πατρὸς
951 1155 1015 1203 τὴν
1027 1154 1152 1208 ἀρχὴν,

108 1215 238 1263 ταύτης
255 1217 291 1255 δὲ
307 1219 351 1268 τῇ
370 1220 429 1255 τοῦ
444 1218 595 1270 ἀδελφοῦ
615 1218 859 1269 ἀφαιρεθεῖσαν
867 1213 1067 1267 πλεονεξίᾳ.
1086 1214 1152 1258 τΩς

106 1273 144 1312 δὲ
162 1276 194 1313 οἱ
212 1274 365 1328 ἑσπέριοι
379 1274 552 1325 Ῥωμαῒόι
568 1278 631 1322 τῆς
650 1273 819 1327 προτέρας
835 1274 996 1325 ἐχόμενοι
1011 1273 1152 1325 γνώμης

106 1332 192 1385 πρὸς
219 1333 316 1372 οὐδὲν
345 1335 414 1372 τῶν
443 1335 539 1386 αὐτῷ
566 1332 780 1384 δεδογμένων
805 1332 1003 1383 ὑπήκουον,
1038 1331 1151 1384 εἴχετο

107 1391 240 1442 μᾶλλον
258 1393 319 1437 τῆς
336 1394 397 1430 τοῦ
417 1390 573 1442 πολέμου
589 1393 833 1444 παρασκευῆς,
851 1396 921 1429 πᾶν
937 1390 975 1429 τὸ
994 1393 1063 1429 τῶν
1081 1407 1150 1442 μα-

105 1449 221 1501 χίμων
242 1448 388 1502 ἀγείρων
408 1450 554 1496 πλῆθος.

349 1535 411 1568 17.
436 1520 546 1571 (452.
564 1522 749 1557 Marciani
764 1533 825 1557 an.
848 1520 909 1571 3.)

157 1594 370 1632 Jornandes
397 1608 432 1632 c.
466 1600 514 1639 42
551 1607 560 1633 :
594 1597 715 1643 Quum
741 1598 795 1633 ad
819 1599 976 1634 Romam
1003 1600 1151 1634 animus

98 1651 237 1700 fuisset
250 1659 330 1701 esus
346 1653 503 1705 [Attilae]
524 1663 685 1691 attentus
698 1657 890 1702 accedere,
913 1660 968 1692 sui
984 1669 1066 1692 eum
1081 1685 1092 1702 ,
1113 1665 1152 1692 ut

104 1713 252 1748 Priscus
267 1711 382 1760 refert
405 1714 616 1761 historicus,
637 1727 819 1752 removere
833 1743 843 1761 ,
870 1728 943 1752 non
960 1716 1060 1760 urbe,
1089 1719 1150 1752 cui

106 1775 250 1808 mimici
267 1781 375 1808 erant
387 1774 660 1819 ‚consulentes,
699 1776 768 1810 sed
785 1776 933 1810 Alarici
963 1776 1148 1823 quondam

108 1831 143 1864 V
141 1830 396 1880 esegotharum
424 1835 525 1880 regis
541 1831 755 1880 objicientes
774 1835 1002 1882 exemplum,
1036 1838 1150 1871 veriti

104 1892 202 1938 regis
227 1892 286 1924 sui
305 1887 525 1939 fortunam,
554 1895 648 1941 *quia
679 1893 744 1928 ille
765 1901 854 1941 post
868 1891 1041 1938 fractam
1069 1895 1146 1931 Ro-

103 1960 203 1983 mam
219 1949 285 1984 dm
303 1961 377 1984 non
392 1953 669 1997 supervaerat,
687 1953 755 1987 sed
762 1955 938 2000 protinus
954 1953 1062 1988 rebm-
1081 1965 1147 1988 ex-

103 2008 407 2045 cessithumanis.
422 2008 478 2046 Cf.
497 2008 638 2047 Chron.
656 2011 827 2046 Paschal.
844 2023 885 2059 p.
906 2009 978 2057 587
998 2013 1144 2049 Bonn:

105 2064 196 2116 Περὶ
209 2068 248 2103 οὗ
265 2063 421 2115 πολέμου
438 2065 513 2114 (sc.
536 2067 680 2117 Attilae)
698 2067 940 2119 συνεγράψατο
956 2070 974 2104 6
988 2068 1148 2120 σορώτα-

103 2138 159 2166 τος
177 2121 329 2175 Πρίσκος
347 2125 364 2161 ὃ
380 2123 494 2176 Θρᾷξ.

347 2199 407 2236 18.
432 2199 529 2250 (452
554 2203 738 2238 Marciani
757 2215 817 2239 an.
840 2202 905 2253 3.)

123 2288 125 2290 ·
155 2271 248 2306 Exe.
268 2271 325 2306 De
343 2271 415 2319 leg.
435 2272 549 2307 Rom.
571 2285 613 2321 p.
639 2285 701 2319 72.
725 2273 771 2319 73
788 2284 797 2310 ε
814 2270 900 2312 ''Ox-t
915 2275 974 2311 τοῦ
991 2272 1140 2319 Ἀττήλα

1216 271 1303 320 [τὸν]
1337 271 1436 325 παρὰ
1469 272 1660 312 Θεοδοσίου
1693 273 1902 324 τεταγμένον
1940 274 2041 327 φόρον
2079 277 2260 322 ζητοῦντος

1213 330 1236 377 ἢ
1253 331 1407 381 πόλεμον
1426 332 1668 378 ἀπειλουντος,
1694 333 1762 369 τῶν
1787 331 1975 381 Ῥωμαίων
2005 333 2158 372 στέλλειν
2175 333 2258 385 παρ’

1215 389 1317 428 αὐτὸν
1330 389 1522 442 πρεσὸεις
1504 390 1814 443 αποκριναμένων,
1828 389 2088 435 Ἀπολλώνιος
2071 391 2261 442 επέμπετο,

1217 451 1323 501 ουπερ
1346 450 1363 486 6
1380 448 1525 500 ἀδελφὸς
1540 448 1602 494 τὴν
1622 448 1835 500 Σατορνίλου
1852 448 2047 499 γεγαμήκει
2064 450 2258 500 θυγατέρα,

1216 507 1259 554 ἣν
1277 510 1294 544 ὁ
1313 507 1498 550 Θεοδόσιος
1519 506 1680 545 acediam
1700 506 1934 559 Κωνσταντίῳ
1956 514 2170 558 κατεγγυᾶν,
2189 507 2263 554 Ζη

1219 582 1286 603 νων
1313 565 1348 604 δὲ
1369 564 1511 618 Ῥούφῳ
1541 564 1700 604 ἐδεδώκει
1720 565 1805 616 πρὸς
1829 564 1960 616 γάμον·
1981 565 2059 603 τότε
2079 565 2115 603 δὲ
2136 566 2170 610 ἐξ
2197 569 2261 604 ἀν-

1215 622 1360 676 θρώπων
1391 623 1554 674 ἐγεγόνει.
1586 623 1661 661 Τοῦ
1690 623 1851 669 Ζήνωνος
1870 619 1927 661 οὖν
1957 625 2025 660 τῶν
2055 623 2262 671 ἐπιτηδείων

1216 685 1233 719 6
1266 681 1493 725 Ἀπολλώνιος
1525 681 1674 733 γεγονὼς
1705 682 1765 720 καὶ
1798 681 1861 728 τὴν
1896 682 2111 734 στρατηγίδα
2139 682 2262 735 λαχὼν

1219 739 1331 792 ἀρχὴν
1344 770 1353 787 ,
1374 739 1471 792 παρὰ
1486 739 1545 778 τὸν
1567 740 1736 787 Ἀττήλαν
1760 740 1936 791 ἐπέμπετο
1952 739 2262 792 πρεσὸευσόμενος.

1216 798 1291 836 Καὶ
1310 798 1366 836 τὸν
1383 797 1445 848 μὲν
1460 795 1597 851 Ἴστρον
1615 801 1839 850 ἐπεραιοῦτο,
1855 800 1916 838 οὐκ
1932 798 2034 851 ἔτυχε
2050 798 2087 837 δὲ
2102 803 2164 847 τῆς
2179 800 2265 852 πρὸς

1213 856 1271 895 τὸν
1295 856 1472 909 βάρὸαρον
1493 856 1678 908 προσόδου.
1702 857 1765 896 Ἐν
1794 858 1880 909 ὀργῇ
1901 856 1968 909 γὰρ
1995 859 2123 901 ἐκεῖνος
2139 858 2257 896 ποιού-

1214 930 1313 966 μενος
1329 915 1368 954 τὸ
1386 915 1434 965 μὴ
1457 915 1662 963 κεκομίσθαι
1680 915 1758 958 τοὺς
1778 915 1902 967 φόρους
1915 945 1924 962 ,
1949 914 2006 959 οὒς
2025 915 2142 967 ἔλεγεν
2163 917 2259 970 αὐτῷ

1212 973 1310 1026 παρὰ
1343 977 1412 1012 τῶν
1445 973 1629 1026 βελτιόνων
1658 973 1718 1012 καὶ
1754 972 2035 1028 βασιλικωτέρων
2069 974 2258 1028 τετάχθαι,

1213 1035 1288 1071 οὐδὲ
1309 1032 1366 1071 τὸν
1387 1032 1692 1085 πρεσὸευσάμενον
1713 1031 1869 1085 ἐδέχετο,
1889 1036 1948 1071 τοῦ
1971 1033 2175 1087 πέμψαντος
2196 1050 2261 1072 κα-

1215 1093 1425 1144 τολιγωρῶν.
1447 1090 1493 1131 Ὁ
1514 1091 1549 1129 δὲ
1572 1091 1799 1135 Ἀπολλώνιος
1820 1091 1941 1144 ἀνδρὸς
1960 1091 2057 1144 ἔργον
2077 1092 2168 1131 κατὰ
2184 1097 2262 1131 τοῦ·

1212 1167 1272 1190 τον
1291 1151 1349 1190 τὸν
1367 1150 1487 1203 καιρὸν
1508 1150 1668 1204 φαίνεται
1687 1151 1976 1203 διαπραξάμενος.
1999 1153 2074 1191 Τοῦ
2093 1151 2160 1204 γὰρ
2181 1152 2262 1191 Ἀτ·

1211 1211 1301 1258 τήλα
1331 1210 1381 1260 μὴ
1402 1211 1636 1263 προσιεμένου
1656 1211 1719 1258 τὴν
1749 1213 1854 1249 αὐτοῦ
1876 1211 2084 1264 πρεσὸείαν,
2106 1212 2195 1263 μηδὲ
2225 1214 2259 1254 ἐς

1211 1270 1334 1319 λόγους
1355 1271 1449 1323 αὐτῷ
1478 1272 1587 1308 ἐλθεῖν
1620 1270 1847 1323 βουλομένου,
1872 1270 2194 1323 παρακελευομένου
2223 1270 2258 1309 δὲ

1212 1329 1361 1379 πέμπειν
1388 1329 1477 1381 ἅπερ
1503 1331 1598 1381 αὐτῷ
1628 1331 1667 1367 ἐκ
1695 1329 1865 1380 βασιλέως
1894 1331 1988 1381 δῶρα
2018 1329 2177 1380 ἐκόμιζε,
2197 1330 2258 1368 καὶ

1211 1387 1367 1426 θάνατον’
1377 1390 1619 1438 ἀπειλοῦντος,
1639 1389 1668 1426 εἰ
1684 1389 1732 1439 μὴ
1748 1388 1843 1436 δοίη,
1856 1388 1981 1442 ἔφησεν
1992 1405 2000 1412 ·
2017 1407 2031 1423 ιι
2051 1391 2129 1428 Οὐκ
2146 1390 2256 1427 αἰτεῖν

1211 1450 1366 1500 προσῆκε
1386 1446 1536 1490 Σκύθαις
1555 1446 1644 1498 ἅπερ
1665 1448 1781 1491 αὐτοῖς
1801 1447 1930 1492 ἔξεστιν
1949 1447 1971 1494 ἢ
1992 1449 2086 1500 δῶρα
2103 1446 2125 1494 ἢ
2144 1448 2259 1486 σκῦλα

1209 1505 1354 1544 λαὸεῒν·
1382 1507 1598 1557 παραδηλῶν
1627 1507 1721 1559 δῶρα
1752 1506 1814 1556 μὲν
1835 1506 1950 1550 αὐτοῖς
1977 1506 2201 1553 δοθήσεσθαι,
2230 1508 2259 1544 εἰ

1210 1564 1314 1603 αὐτὸν
1330 1564 1570 1617 προσδέξοιντο
1587 1565 1883 1616 πρεσὸευόμενον,
1903 1567 2019 1603 σκῦλα
2043 1564 2098 1613 δὲ,
2126 1567 2155 1604 εἷ
2182 1567 2260 1603 ἀνε-

1208 1624 1326 1668 λόντες
1349 1623 1542 1673 ἀφέλοιντο.
1575 1623 1682 1664 Οὕτω
1712 1624 1774 1673 μὲν
1802 1618 1860 1662 oliv
1892 1624 2069 1677 ἄπρακτος
2093 1624 2254 1676 ἐπανῄει.

1215 1700 1230 1717 τε
1254 1686 1326 1721 Hic
1343 1685 1495 1721 videtur
1513 1697 1592 1721 esse
1621 1685 1848 1733 Apollonius
1874 1685 1941 1733 qui
1968 1692 2103 1733 postea
2126 1686 2259 1721 consul

1209 1743 1280 1779 suit
1313 1756 1400 1780 cum
1430 1745 1570 1792 Magno
1601 1743 1732 1795 (460).
1765 1745 1860 1781 Sunt
1892 1743 1942 1780 ad
1972 1745 2080 1779 illum
2111 1743 2260 1791 aliquot

1209 1803 1439 1839 Theodoreti
1459 1804 1626 1852 epistolae
1651 1802 1714 1852 (n.
1750 1803 1796 1849 73
1830 1809 1868 1839 et
1896 1801 2020 1852 303),
2049 1803 2115 1850 qui
2144 1804 2260 1839 etiam

1208 1861 1297 1897 Rufi
1332 1863 1482 1898 comitis
1514 1863 1687 1898 meminit
1717 1863 1757 1897 in
1788 1874 1850 1910 ep.
1888 1875 1953 1911 79.
1996 1878 2011 1894 υ
2053 1864 2251 1899 νειεειυε.

1209 1921 1322 1956 Plura
1344 1921 1390 1956 de
1408 1922 1466 1956 his
1483 1921 1569 1956 vide
1590 1933 1653 1970 ap.
1685 1921 1901 1956 'tillemont.
1931 1915 2004 1965 VI,
2031 1933 2072 1970 p.
2103 1921 2165 1967 73.
2190 1934 2254 1970 99.

1214 1979 1299 2017 103.
1325 1980 1414 2027 293.

1448 2109 1506 2143 ¹9·
1528 2094 1644 2145 (452.
1668 2097 1851 2132 Marciani
1871 2108 1931 2131 an.
1958 2095 2018 2144 3.)

1261 2218 1353 2253 Exc.
1390 2219 1447 2253 De
1478 2219 1577 2266 legg.
1605 2225 1706 2271 gent.
1733 2231 1773 2266 p.
1805 2222 1854 2261 4ο
1886 2229 1894 2254 :
1926 2215 2008 2255 ’Ότι
2039 2217 2056 2253 ὁ
2090 2215 2257 2262 Ἀττήλας

1209 2273 1299 2324 μετὰ
1314 2272 1352 2311 τὸ
1373 2273 1435 2321 τὴν
1454 2273 1608 2313 Ἰταλίαν
1626 2273 1947 2327 ἀνδραποδίσασθαι
1965 2273 2022 2312 ἐπὶ
2039 2273 2083 2311 τὰ
2101 2273 2253 2327 σφέτερα

102 2333 2242 2354 ’ῲ-*ῄ-Μᾲ-

106 2388 182 2419 gum
199 2379 340 2420 ipsorum
356 2379 460 2412 obitus
474 2380 558 2413 etde
578 2390 674 2421 regno
690 2382 773 2414 inter
790 2382 906 2415 liberos
918 2384 1145 2423 controversia,

103 2439 204 2471 quum
222 2431 323 2471 major
340 2433 416 2462 natu
430 2432 561 2463 Attilam
577 2433 696 2464 auxilio
711 2435 867 2474 vorasset,
886 2436 1013 2467 Aetium
1027 2435 1144 2475 minor,

103 2490 200 2522 quem
217 2484 327 2514 Romae
345 2482 482 2515 vidimus
497 2483 691 2524 legationem
704 2485 890 2525 obeuntem,
904 2486 1048 2518 nondum
1059 2487 1147 2518 lanu-

102 2532 173 2573 gine
187 2533 405 2575 esl'orescente,
421 2534 503 2566 ssava
517 2544 622 2575 coma,
639 2537 671 2568 et
681 2537 803 2577 capillis
813 2539 942 2578 propter
954 2537 1144 2571 densitatem

102 2587 135 2618 et
149 2586 398 2626 magnitudinem
410 2596 504 2628 super
518 2588 668 2620 humeros
681 2589 800 2622 effusis.
818 2591 909 2622 Hunc
925 2591 1021 2623 etiam
1037 2592 1147 2624 Aetius

102 2637 158 2669 filii
174 2637 244 2669 loco
256 2637 483 2679 adoptaverat,
503 2641 535 2672 et
550 2640 694 2681 plurimis
709 2640 800 2674 donis
812 2641 853 2674 ab
865 2643 932 2683 ipso
946 2645 978 2675 et
990 2643 1031 2675 ab
1049 2644 1146 2684 impe-

103 2691 208 2722 ratore
221 2693 384 2731 ornatum,
397 2692 628 2734 initaquessum
638 2703 676 2726 eo
689 2694 828 2727 amicitia
842 2696 874 2727 et
886 2696 1037 2734 societate
1049 2696 1145 2728 dimi-

102 2743 195 2774 serat.
215 2743 432 2781 Quamobrem
449 2744 564 2777 Attilas
582 2746 755 2786 antequam
772 2746 804 2778 in
821 2755 892 2778 eam
908 2747 1144 2788 expeditionem

102 2792 331 2834 ingrederetur,
345 2804 456 2827 rursus
469 2796 588 2837 legatos
603 2796 636 2828 in
650 2797 773 2829 ltaliam
787 2798 884 2839 misit,
899 2799 954 2840 qui
972 2800 1143 2832 Honoriam

102 2847 285 2886 poscerent;
301 2854 372 2878 eam
386 2847 470 2879 enim
484 2853 592 2880 secum
605 2849 846 2882 matrimonium
862 2851 1015 2891 pepigisse
1030 2863 1037 2883 ε
1052 2852 1145 2892 cujus

103 2896 148 2928 rei
162 2898 198 2929 ut
210 2897 304 2930 fidem
318 2898 433 2931 faceret
443 2923 451 2939 ,
468 2900 624 2931 annulum
639 2901 680 2932 ab
692 2910 729 2933 ea
742 2901 781 2933 ad
795 2910 829 2934 se
844 2903 974 2934 missum
988 2912 1044 2943 per
1060 2903 1143 2944 lega-

101 2950 164 2990 tos,
182 2950 299 2991 quibus
314 2951 501 2992 tradiderat,
515 2953 659 2985 exhiberi
671 2954 845 2987 mandavit.
862 2955 966 2988 Etiam
980 2956 1143 2989 dimidiam

102 3001 224 3043 imperii
241 3005 363 3044 partem
377 3003 436 3036 sibi
447 3005 707 3038 Valentinianum
720 3007 848 3048 debere,
862 3017 965 3049 quum
980 3008 1020 3040 ad
1034 3012 1142 3042 Hono-

102 3055 181 3086 riam
191 3054 264 3095 jure
279 3056 447 3095 paternum
464 3065 597 3103 regnum
613 3058 803 3099 pertineret,
823 3067 888 3100 quo
903 3060 1021 3100 injusta
1037 3061 1144 3094 fratris

102 3106 281 3148 cupiditate·
301 3107 425 3148 privata
446 3110 540 3140 esset.
562 3109 624 3141 Sed
641 3118 743 3150 quum
769 3111 904 3143 Romani
923 3112 1144 3145 occidentales

102 3157 136 3190 in
148 3158 250 3199 prinia
259 3158 413 3191 sententia
426 3159 629 3200 persisterent
638 3162 670 3192 et
681 3161 788 3193 Attilae
798 3162 950 3194 mandata
962 3163 1142 3205 rejicerent,

102 3208 167 3250 ipse
184 3211 252 3242 toto
265 3210 408 3243 exercitu
421 3213 597 3243 convocato
610 3212 730 3252 majore
741 3212 775 3245 vi
787 3212 906 3245 bellum
923 3215 1058 3255 paravit.

137 3321 246 3356 Quum
255 3310 368 3352 Attilas
375 3320 532 3353 tributum
540 3329 613 3353 cum
622 3322 800 3355 Theodosio
807 3325 1000 3357 conventum
1009 3326 1141 3365 peteret,

103 3372 159 3402 aut
173 3368 292 3403 bellum
308 3372 495 3413 minaretur,
514 3373 547 3405 et
559 3372 691 3406 Romani
705 3382 739 3406 se
757 3374 802 3406 illi
815 3376 870 3415 pei·
884 3376 1004 3415 legatos
1019 3377 1140 3409 satisfa-

103 3423 210 3454 cturos
222 3422 471 3464 respondissent,
488 3424 601 3457 missus
613 3426 660 3457 est
673 3426 867 3465 Apollonius.
883 3427 941 3459 nie
958 3429 1025 3460 erat
1044 3429 1140 3461 frater

1207 2384 1286 2424 ejus,
1297 2385 1351 2425 qui
1363 2385 1525 2418 Saturnini
1536 2386 1634 2417 tiliam
1643 2385 1779 2417 duxerat
1789 2394 1936 2425 uxorem,
1945 2393 2045 2426 quam
2056 2384 2256 2417 Theodosius

1208 2438 1396 2470 Constantio
1410 2438 1610 2479 promiserat,
1627 2440 1711 2470 Zeno
1725 2447 1801 2470 vero
1810 2438 1892 2470 Rufo
1906 2437 2091 2477 collocarat,
2105 2437 2162 2478 qui
2175 2439 2255 2469 tunc

1207 2490 1239 2521 in
1249 2491 1329 2522 vivis
1342 2499 1410 2522 esse
1422 2491 1569 2523 desierat.
1585 2493 1698 2531 ltaque
1710 2490 1894 2531 Apollonius
1910 2491 1993 2523 inter
2006 2484 2180 2523 familiares
2194 2493 2249 2523 Ze-

1206 2543 1310 2582 nonis,
1322 2544 1354 2574 et
1364 2542 1455 2574 ducis
1465 2542 1617 2583 dignitate
1629 2545 1754 2581 auctus,
1766 2542 1924 2582 legatione
1938 2543 2106 2574 functurus
2119 2542 2158 2573 ad
2175 2543 2253 2574 Atli-

1206 2593 1270 2625 lam
1290 2594 1405 2626 missus
1426 2596 1504 2626 erat.
1521 2594 1582 2626 Sed
1605 2594 1790 2626 transmisso
1804 2595 1904 2631 Istro,
1926 2594 2057 2625 minime
2073 2593 2195 2625 aditum
2213 2594 2251 2625 ai!

1206 2645 1338 2678 Attilam
1350 2647 1464 2678 nactus
1478 2647 1535 2678 est.
1552 2645 1679 2678 Etenim
1702 2646 1828 2685 Annas,
1846 2645 1892 2676 ira
1916 2646 2074 2684 aestuans,
2091 2645 2175 2685 quod
2194 2646 2252 2677 sibi

1206 2698 1365 2731 tributum
1375 2722 1385 2739 ,
1402 2699 1489 2739 quod
1502 2699 1543 2731 ab
1560 2699 1689 2739 optimis
1702 2701 1734 2730 et
1753 2698 1958 2730 nobilissimis
1972 2698 2046 2730 viris
2058 2698 2117 2730 sibi
2132 2699 2252 2730 consti-

1204 2752 1313 2783 tutum
1331 2759 1398 2783 esse
1410 2750 1509 2790 dixit,
1525 2759 1589 2782 non
1609 2751 1798 2789 solveretur,
1819 2750 1958 2791 legatum
1973 2750 2104 2781 minime
2124 2749 2254 2781 admisit

1205 2804 1392 2843 contemptu
1404 2802 1484 2842 ejus,
1496 2811 1514 2833 a
1527 2811 1592 2842 quo
1606 2802 1719 2834 missus
1731 2804 1810 2834 erat.
1827 2804 1900 2840 Quo
1909 2803 2055 2842 tempore
2066 2801 2252 2842 Apollonius

1205 2855 1399 2895 magnanimi
1413 2854 1472 2885 viri
1488 2854 1609 2886 facinus
1620 2861 1718 2885 ausus
1731 2862 1798 2885 esse
1811 2853 1938 2885 dicitur.
1954 2853 2090 2892 Etenim,
2105 2861 2252 2893 quamvis

1206 2906 1320 2938 Attilas
1337 2905 1469 2938 minime
1486 2909 1588 2937 ratam
1611 2905 1742 2937 haberet
1763 2905 1832 2944 ejus
1848 2904 2055 2946 legationem,
2082 2913 2186 2945 neque
2202 2904 2252 2935 sui

1204 2957 1412 2990 conveniendi
1429 2959 1618 2998 potestatem
1643 2958 1748 2990 facere
1770 2957 1885 2997 vellet,
1910 2957 2010 2988 nihilo
2031 2956 2133 2988 secius
2147 2956 2249 2994 dona,

1203 3019 1277 3052 quae
1289 3009 1327 3042 ad
1349 3018 1424 3042 eum
1440 3009 1481 3041 ab
1496 3011 1689 3050 imperatore
1715 3008 1899 3049 Apollonius
1911 3008 2075 3047 attulerat,
2093 3007 2152 3039 sibi
2168 3006 2250 3039 tradi

1205 3061 1405 3103 postulabat,
1425 3061 1457 3093 ni
1473 3061 1583 3101 daret,
1598 3062 1734 3093 mortem
1754 3059 1918 3092 illaturum
1933 3059 2129 3091 minabatur.
2156 3058 2249 3099 Apol-

1203 3114 1309 3146 lonius
1331 3117 1440 3146 autem
1460 3114 1642 3156 respondit,
1662 3122 1727 3145 non
1752 3113 1865 3145 decere
1887 3113 2021 3153 Scythas
2039 3120 2076 3144 ea
2103 3111 2250 3151 precibus

1203 3167 1368 3206 expetere,
1386 3174 1459 3205 quae
1480 3167 1537 3197 aut
1557 3174 1614 3206 pro
1636 3165 1732 3196 donis
1755 3166 1812 3196 aut
1828 3167 1982 3204 tanquam
1999 3163 2100 3203 spolia
2116 3162 2174 3193 sibi
2191 3171 2248 3195 su-

1203 3225 1290 3249 mere
1304 3217 1413 3248 liceret
1428 3229 1435 3247 ε
1451 3216 1595 3248 indicans
1607 3216 1691 3248 dona
1705 3215 1742 3247 iis
1755 3224 1894 3253 cessura,
1907 3217 1932 3246 si
1946 3224 1978 3246 se
1993 3216 2147 3254 tanquam
2162 3214 2246 3253 lega-

1202 3271 1274 3301 tum
1291 3269 1515 3309 admitterent,
1535 3269 1634 3310 spolia
1647 3254 1665 3308 ,⁸
1671 3269 1695 3300 si
1715 3269 1880 3300 interfecto
1894 3268 1950 3299 sibi
1965 3267 2130 3307 eriperent.
2151 3267 2188 3298 Et
2205 3265 2247 3297 sic

1205 3321 1324 3353 iniecta
1339 3331 1372 3353 re
1390 3321 1494 3354 rediit.

1699 3375 1750 3406 19.

1244 3429 1375 3469 Attilas,
1396 3431 1519 3461 vastata
1538 3429 1648 3468 ltalia,
1669 3428 1708 3459 ad
1723 3436 1779 3459 sua
1795 3436 1828 3458 se
1843 3427 1967 3465 retulit,
1984 3427 2015 3457 et
2031 3427 2248 3456 Romanorum

2051 3487 2065 3494 ,-

2054 3496 2077 3511 Ι·
