2372 3704
143 253 217 285 500

129 329 265 378 φθέντες
292 326 326 365 δὲ
351 328 389 365 οὐ
410 327 511 377 μόνον
529 328 566 365 οὗ
590 325 842 374 τιθασεύονται,
858 327 934 363 ἀλλ’
959 324 1035 363 οὐδὲ
1055 322 1173 376 φωνὴν

131 388 179 424 ἔτι
199 389 350 439 ἀφιᾶσιν.
371 385 456 424 Ἐὰν
473 385 508 423 δὲ
526 387 693 438 ἀφεθῶσι,
713 384 902 438 φωνήεντες
918 384 1023 422 πάλιν
1039 383 1172 435 γίγνον-

129 461 199 482 ται.
225 461 238 478 υ
257 445 311 482 (If.
334 445 470 483 AElian.
494 448 543 482 H.
566 458 625 481 an.
644 447 728 490 XV,
752 458 811 490 17.

623 525 683 563 18.

184 596 305 633 Schol.
329 597 452 645 Apoll.
472 596 545 634 Rh.
570 597 636 643 IV,
659 594 734 643 973
756 591 1035 644 εὈρείχαλκος..
1057 590 1175 630 Ἄλλοι

131 654 167 691 δὲ
190 655 471 705 ἀνδριαντοποιοῦ
486 653 642 703 λέγουσιν
664 651 795 702 ὄνομα,
822 653 867 694 ὡς
900 649 1094 700 Σωκράτης
1115 650 1174 687 καὶ

131 712 343 762 Θεόπομπος
363 713 396 748 ἐν
419 711 483 749 κε’.

184 772 298 820 Apud
323 772 567 806 Plutarchum
587 771 722 807 Parall.
741 770 832 806 min,
852 782 886 805 e.
921 767 965 804 18
986 781 1056 815 pro
1091 768 1174 804 Σω-

130 829 259 882 κράτης
280 830 313 866 ἐν
337 828 366 879 β’
388 829 576 880 Θρᾳκικῶν
594 841 639 864 ex
659 827 810 864 Stobaeo
822 827 925 864 Flor.
946 827 1032 873 Vll,
1054 825 1097 860 16
1115 838 1174 860 re-

131 889 352 938 ponendum
385 884 627 937 Σωσικράτης.
659 907 711 912 -
731 884 898 931 Subjicio
931 884 1175 932 grammatica

133 948 285 983 haecce:
304 949 426 994 Etym.
443 945 498 982 Μ.
518 958 557 992 p.
581 944 670 991 389,
695 943 774 978 18:
794 939 1024 983 E1360t<Nl<¹x
1042 941 1087 981 εἷς
1108 955 1175 982 ευς

133 1003 266 1049 εθνικὰ,
294 1004 323 1040 εἷ
342 1001 402 1052 μὲν
418 1002 535 1052 ἔχουσι
565 999 826 1050 προηγούμενον
853 998 1050 1050 σύμφωνον,
1071 1000 1118 1041 εἷς
1139 1013 1175 1041 ις

131 1065 268 1099 ποιοῦσι
298 1059 356 1098 τὸ
365 1058 529 1106 θηλυκόν·
561 1061 631 1095 οἱον
663 1056 924 1108 Ἀλεξανδρεύς,
963 1055 1175 1107 Ἀλεξανδρις

131 1119 245 1169 γυνή.
253 1149 275 1166 .,
297 1134 326 1155 ει
354 1118 388 1155 δὲ
413 1119 561 1169 φωνῆεν,
595 1116 640 1158 εἷς
662 1130 726 1162 ας,
750 1113 848 1152 Ἰλει
821 1129 893 1164 ευς,
912 1111 1033 1157 Ἰλιάς.
1071 1112 1176 1153 Ούτω

131 1172 255 1228 Ὦρος.
274 1175 319 1215 ‘O
335 1175 369 1213 δὲ
380 1172 622 1228 γραμματικὸς
635 1174 827 1224 Σωκράτης
841 1170 1026 1222 ἀντιλέγει,
1039 1169 1091 1209 ὅτι
1102 1170 1174 1209 ἰδου

130 1235 169 1272 τὸ
187 1233 336 1277 Εὖὲοεὺς
354 1231 611 1284 προηγούμενον
642 1230 716 1281 ἔχει
748 1232 894 1282 φωνῆεν,
924 1229 984 1267 καί
1005 1232 1077 1267 ἐστι
1100 1231 1175 1268 Εὖ-

131 1289 203 1336 &otc
219 1291 316 1342 γυνή.
338 1293 464 1329 Schol.
487 1291 680 1338 Aristoph.
706 1291 775 1337 Eq.
797 1288 871 1337 963
895 1302 902 1324 :
925 1286 1030 1339 Παρὰ
1052 1286 1086 1325 δὲ
1106 1292 1175 1330 τοῖς

131 1356 297 1400 κωμικοῖς
317 1349 457 1399 μόλγη
470 1364 484 1391 ς
503 1349 520 1384 ὃ
541 1346 724 1399 μοχθηρὸς,
743 1346 836 1397 γόης.
851 1345 955 1385 Οὕτω
973 1345 1172 1401 Σωκράτης.

131 1411 346 1448 Valckenar.
382 1410 428 1445 ad
466 1411 552 1445 Eur.
596 1407 725 1443 Phoen.
765 1411 811 1452 47
847 1407 969 1442 voluit
1011 1419 1018 1441 :
1054 1403 1175 1447 Οὕτως

132 1471 149 1505 ὁ
172 1467 325 1520 Κράτης.

537 1577 747 1591 Μ’·-

449 1664 842 1721 SOSANDER.

186 1794 298 1843 Apud
311 1794 539 1828 Marcianum
554 1792 630 1840 (vel
645 1791 875 1840 Minippum)
886 1792 1025 1839 Peripl.
1039 1803 1080 1839 p.
1102 1804 1115 1825 1
1126 1790 1170 1836 57

131 1854 192 1890 ed.
225 1852 367 1888 Hofsm.
390 1851 487 1886 inter
519 1851 756 1898 geographos
778 1857 995 1885 recensetur
1023 1846 1173 1886 Σώσαν-

131 1911 207 1961 δρος
227 1906 527 1959 ὃκυὸερνήτης,τὰ
543 1907 632 1944 κατὰ
653 1907 714 1952 τὴν
731 1906 878 1952 Ἰνδικὴν
887 1906 1035 1959 γράψας.
1053 1908 1172 1943 Novi-

128 1981 213 2004 mus
240 1969 492 2004 onesicritum
521 1968 836 2015 gubernatorem,
872 1979 949 2002 non
983 1967 1071 2002 item
1104 1967 1174 2002 So-

130 2027 318 2064 sandrum.
341 2027 508 2062 Fortasse
527 2033 703 2074 corrupta
719 2038 793 2061 vox
810 2032 877 2063 est.

541 2144 756 2158 -u-eooocb—

426 2249 881 2307 sosicssATES.
928 2236 931 2238 ’

184 2370 410 2412 Sosicrates‚
428 2368 611 2416 probatus
637 2368 684 2403 de
710 2368 822 2403 rebus
848 2368 1081 2403 Cretensium
1107 2379 1172 2403 au-

131 2427 292 2475 etor(fr.
311 2440 322 2461 1
342 2427 447 2474 eta),
465 2427 700 2474 Apollodoro
710 2427 903 2472 antiquior
916 2425 985 2460 fuit
999 2423 1047 2475 (v.
1066 2425 1171 2473 fr.2).

129 2486 353 2521 Accuratius
368 2491 454 2518 aetas
471 2484 550 2530 ejus
567 2485 742 2519 constitui
756 2491 895 2532 posset,
915 2485 943 2519 si
955 2497 1026 2531 pro
1043 2485 1173 2532 explo-

128 2549 213 2579 rato
230 2555 373 2591 ponere
392 2543 541 2586 liceret,
569 2542 752 2590 Κρητικῶν
772 2544 995 2590 scriptorem
1012 2543 1172 2578 eundem

130 2615 205 2637 esse
223 2615 309 2637 cum
324 2602 506 2636 Sosicrate
522 2601 664 2636 Rhodio
685 2600 748 2648 (fr.
773 2600 835 2648 19)
858 2601 921 2647 qui
933 2603 987 2636 De
1003 2602 1172 2648 philoso-

129 2661 293 2706 phorum
316 2659 611 2694 successionibus
629 2670 724 2705 opus
748 2659 997 2694 concinnavit.
1020 2660 1054 2694 Is
1074 2661 1173 2694 enim

131 2719 340 2766 Hermippo
374 2715 647 2765 Calliniacheo,
669 2715 775 2762 cujus
809 2717 1021 2752 testimonio
1053 2719 1173 2753 utitur

130 2836 205 2858 nere
215 2851 223 2864 ,
237 2828 298 2867 τρὶς
311 2829 374 2862 τοῖς
384 2827 568 2867 κακούργοις
578 2825 661 2857 κακά
673 2825 722 2864 (id
734 2828 793 2864 est,
807 2827 855 2857 ier
864 2826 1027 2866 improbis
1035 2827 1150 2866 mala)
1162 2831 1173 2858 .'

130 2879 170 2911 Hi
195 2879 220 2910 si
243 2879 423 2918 capiuntur,
442 2887 505 2909 non
528 2878 624 2909 modo
638 2887 702 2908 non
718 2878 915 2916 cicurantur,
932 2877 987 2909 sed
1006 2886 1046 2909 ne
1062 2887 1173 2908 vocem

129 2930 259 2970 quidem
279 2930 414 2969 amplius
433 2930 584 2961 emittunt
612 2942 619 2960 ε
643 2929 691 2961 sin
714 2929 929 2969 dimittantur,
955 2937 1064 2960 rursus
1090 2929 1172 2960 liunt

131 2983 266 3014 vocales.

626 3026 681 3058 18.

177 3080 390 3112 orichalcus.
407 3080 465 3111 Alii
479 3080 539 3111 hoc
555 3081 699 3112 statuarii
723 3089 840 3112 nomen
854 3089 920 3112 esse
939 3080 1050 3119 aiunt,
1069 3082 1106 3112 ut
1119 3082 1174 3112 So-

131 3133 234 3164 crates
249 3133 280 3163 et
294 3132 518 3172 Theopompus
533 3132 611 3163 libro
625 3131 775 3163 vicesimo
789 3132 913 3172 quinto.

535 3202 766 3240 CRETICA.

640 3274 674 3305 2.

171 3325 421 3366 Magnitudinem
439 3327 543 3358 Cretae
560 3327 749 3367 Sosicrates,
767 3336 862 3367 quem
882 3336 931 3359 res
948 3327 1043 3366 liuJus
1061 3327 1173 3359 insulae

130 3381 278 3411 accurate
290 3387 449 3419 exponere
462 3378 675 3418 Apollodorus
690 3379 746 3419 ait,
759 3380 801 3411 ita
813 3379 924 3412 delinit
933 3404 941 3418 ‚
959 3381 996 3411 ut
1009 3380 1172 3419 longitudo

130 3431 170 3462 sit
188 3430 361 3463 stadiorum
383 3429 430 3462 bis
453 3430 539 3462 mille
564 3432 779 3462 trecentorum
801 3433 832 3463 et
858 3431 1013 3471 amplius,
1037 3431 1172 3463 latitudo

905 241 1181 290 SOSANDRI,
1212 241 1502 281 SOSICRATIS
1512 271 1522 288 ‚

1239 326 1305 374 (fr.
1331 325 1419 377 16),
1441 327 1512 363 fuit
1528 327 1673 374 junior.
1696 329 1830 377 Itaque
1845 330 2048 365 Sosicrates
2068 331 2164 366 inter
2181 332 2280 368 Her-

1236 386 1408 433 mippum
1427 393 1464 420 et
1483 385 1760 432 Apollodorum
1777 387 1922 423 medius
1936 388 2107 425 floruisse
2127 402 2281 426 censen-

1238 443 1306 478 dus
1336 443 1434 478 foret
1467 442 1537 478 sub
1574 444 1776 480 Ptolemaeo
1813 446 2009 494 Epiphane
2041 446 2279 497 (205-181).

1237 501 1311 537 Sed
1327 502 1470 537 ineerta
1488 502 1578 538 haec.
1610 501 1838 552 Σωσικράτης
1867 517 2006 541 nomen
2028 504 2064 542 in
2085 504 2281 557 Σωκράτης

1238 559 1330 593 abiit
1347 558 1392 593 fr.
1418 558 1438 594 5
1460 566 1496 594 et
1513 558 1535 593 8
1557 557 1612 609 (⁴⁸).

1635 657 1874 696 KPHTIKA.

1747 759 1778 784 1.

1290 816 1482 853 Diodorus
1492 819 1538 865 V,
1559 817 1623 863 80,
1642 822 1679 867 4,
1693 819 1732 854 in
1747 821 1963 856 narratione
1983 820 2030 857 de
2049 820 2280 860 Cretensium

1236 874 1578 923 mythologumenis
1592 876 1827 925 historiaque
1843 879 2101 926 antiquissima
2113 888 2282 918 secutum

1236 944 1313 968 sese
1327 934 1379 968 ait
1394 935 1657 982 Epimenidem
1673 936 1892 984 theologum
1904 963 1916 984 ‚
1937 937 2142 974 Dosiadem
2155 965 2166 983 ,
2182 939 2283 974 Sosi·

1236 998 1395 1036 cratem,
1414 992 1705 1028 Laosthenidem
1717 1023 1726 1039 ‚
1746 994 1888 1043 quippe
1907 1007 2003 1042 quos
2015 994 2091 1032 fide
2110 995 2283 1046 dignissi-

1236 1061 1318 1084 mos
1332 1048 1533 1086 habuisset.

1741 1123 1776 1148 2.

1290 1190 1426 1226 Strabo
1446 1191 1484 1226 X
1492 1203 1557 1258 ,Ρ
1582 1190 1687 1237 475:
1707 1189 1861 1242 Μέγεθος
1881 1191 1916 1229 δὲ
1941 1192 2011 1243 (sc.
2031 1195 2093 1240 τῆς
2114 1193 2280 1247 Κρήτης)

1238 1244 1465 1298 Σωσικράτης
1486 1247 1562 1297 μὲν,
1587 1246 1623 1285 ὅν
1648 1263 1752 1301 φησιν
1781 1249 1944 1302 ἀκριὸοῧν
1965 1250 2230 1305 Ἀπολλόδωρος
2237 1253 2282 1291 τὰ

1237 1304 1316 1356 περι
1332 1305 1394 1351 τὴν
1406 1321 1524 1353 νησον,
1544 1306 1765 1359 ἀφορίζεται,
1785 1308 1890 1358 μήκει
1905 1307 1967 1358 μὲν
1980 1309 2147 1348 πλειόνων
2166 1309 2190 1358 ἢ
2207 1311 2280 1350 δισ-
2326 1354 2336 1364 ,

1237 1363 1359 1415 χιλίων
1384 1364 1534 1402 σταδίων
1555 1364 1615 1403 καὶ
1635 1365 1860 1418 τριακοσίων·
1880 1366 2006 1405 πλάτει
2026 1367 2062 1406 δὲ
2078 1370 2116 1407 οὗ
2132 1368 2223 1407 κατὰ
2241 1369 2283 1408 τὸ

1238 1422 1396 1473 μέγεθος·
1413 1422 1497 1461 ὥσθ’
1517 1425 1534 1461 ὃ
1553 1422 1677 1467 κύκλος
1689 1424 1850 1475 γενοιτ’
1833 1441 1875 1463 αν
1893 1425 2037 1464 πλέον*
2017 1443 2040 1473 η
2057 1427 2281 1480 πεντακισχί-

1237 1481 1302 1518 λιοι
1325 1481 1469 1519 στάδιοι.

1743 1542 1776 1577 3.

1554 1630 1582 1664 E
1614 1630 1762 1666 LIBRO
1790 1630 1959 1669 PRIMO.

1290 1717 1506 1765 Apostolius
1531 1718 1644 1756 Prov.
1672 1719 1757 1763 VII,
1788 1718 1834 1764 37
1860 1731 1868 1754 :
1898 1716 2004 1756 Ἔστι
2021 1717 2080 1755 καὶ
2101 1719 2135 1756 ἐν
2155 1717 2280 1772 Κρήτῃ

1236 1773 1449 1817 Δουλόπολις
1462 1804 1471 1820 ,
1498 1776 1544 1817 ὡς
1568 1774 1796 1826 Σωσικράτης
1816 1776 1851 1813 ἐν
1871 1778 1914 1828 τῇ
1935 1776 1967 1813 α’
1987 1778 2055 1814 τῶν
2079 1778 2278 1829 Κρητικῶν.

1236 1834 1375 1870 Eadem
1407 1833 1541 1869 Suidas
1566 1847 1604 1869 v.
1636 1833 1778 1871 Δούλων
1811 1833 1920 1877 πόλις.
1955 1835 2010 1873 Cf.
2041 1836 2281 1885 Theopompi

1236 1892 1283 1927 fr.
1310 1890 1908 1951 122.Steph.Byz.S.v.:(1)oeet
1933 1891 1993 1929 καὶ
2023 1891 2116 1930 κατὰ
2138 1892 2281 1945 Κρήτην

1236 1948 1449 1988 Δουλόπολιν
1466 1952 1553 1986 εἶναι
1566 1948 1778 2000 χιλίανδρον.
1795 1952 1944 1990 Miiller.
1964 1953 2054 1990 Dor.
2073 1954 2163 2002 I‚p.
2185 1951 2278 1992 255.

1740 2031 1760 2070 4
1767 2056 1776 2064 .

1530 2115 1597 2150 EX
1626 2115 1795 2151 EODEM
1824 2115 1988 2153 LIBRO.

1290 2209 1488 2244 Athenaeus
1503 2210 1569 2253 VI,
1587 2221 1624 2257 p.
1636 2208 1726 2253 261,
1739 2210 1768 2244 E
1786 2221 1794 2244 :
1813 2205 2042 2258 Σωσικράτης
2061 2205 2091 2244 δ’
2103 2207 2138 2245 ἐν
2150 2205 2280 2260 πρώτῳ

1236 2265 1421 2316 Κρητικῶν
1441 2264 1526 2302 ἴδιόν
1545 2265 1580 2303 τί
1596 2280 1679 2318 φησι
1695 2264 1775 2315 περὶ
1792 2263 1868 2307 τοὺς
1883 2263 2074 2308 Φαιστίους
2090 2263 2274 2317 ὑπάρχειν.

1236 2325 1386 2360 Δοκοῧσι
1399 2322 1466 2374 γὰρ
1487 2324 1604 2360 ἀσκεῖν
1633 2323 1673 2360 ἐκ
1691 2321 1883 2373 παιδαρίων
1901 2321 1997 2365 εὐθὺς
2017 2321 2056 2359 τὸ
2077 2321 2196 2373 γέλοια
2219 2321 2280 2360 λέ-

1234 2394 1322 2430 γειν·
1341 2379 1392 2417 διὸ
1423 2380 1482 2418 καὶ
1505 2379 1728 2431 συμὸέὸηκεν
1747 2379 1869 2422 αὐτοὺς
1890 2378 2164 2432 ἀποφθέγγεσθαι
2187 2381 2280 2418 πολ-

1235 2437 1334 2481 λάκις
1365 2437 1551 2491 εὐκαίρως,
1575 2437 1631 2476 διὰ
1658 2438 1720 2484 τὴν
1741 2437 1774 2482 ἐξ
1799 2440 1908 2490 ἀρχῆς
1937 2437 2132 2484 συνήθειαν.
2161 2435 2277 2478 Ὥστε

1235 2496 1367 2540 πάντας
1380 2496 1456 2540 τοὺς
1470 2496 1560 2535 κατὰ
1575 2496 1714 2549 Κρήτην
1730 2496 1860 2540 τούτοις
1871 2495 2068 2535 ἀνατιθέναι
2081 2496 2119 2535 τὸ
2131 2496 2277 2548 γέλοιον.

1276 2589 1416 2630 (*)1nter
1428 2591 1566 2631 reliquos
1578 2591 1751 2623 Sosicrates
1767 2591 1798 2622 h.
1810 2590 1830 2622 l.
1847 2590 1977 2621 notandi
1989 2592 2022 2622 S.
2038 2589 2279 2631 Phanaqorua

1234 2636 1348 2667 Ἠοίων
1364 2639 1476 2669 auctor
1490 2638 1682 2677 (Atlienaeus
1703 2640 1794 2677 Xlll,
1818 2645 1850 2677 p.
1879 2641 1956 2675 590,
1977 2639 2013 2669 Β.
2024 2637 2048 2676 );
2068 2639 2099 2668 S.
2129 2639 2277 2670 comicus

1235 2683 1324 2721 (ibid.
1344 2685 1367 2720 l,
1383 2692 1413 2723 p.
1433 2688 1484 2723 31,
1500 2687 1543 2723 Ε;
1563 2686 1663 2724 Xl,p.
1690 2686 1764 2722 474,
1781 2687 1805 2714 Α
1817 2685 1850 2723 );
1866 2685 2049 2714 Sosia-rates
2061 2685 2180 2715 orator
2195 2684 2278 2722 (Ru-

1235 2729 1282 2760 til.
1301 2732 1383 2770 Lup.
1398 2732 1424 2768 1,
1441 2733 1473 2770 9,
1493 2731 1546 2761 ubi
1567 2740 1597 2762 v.
1611 2731 1771 2769 Ruhnk.);
1790 2732 1822 2761 S.
1847 2731 2035 2769 Cyzicenus
2051 2729 2097 2769 (v,
2115 2730 2154 2762 fr.
2170 2730 2216 2770 9).

1236 2837 1310 2858 vei-0
1329 2837 1392 2859 non
1408 2838 1464 2869 pro
1477 2830 1599 2861 ratione
1613 2829 1817 2869 longitudinis
1831 2842 1839 2860 :
1858 2828 1937 2860 adeo
1956 2830 1992 2860 ut
2005 2827 2157 2860 circuitus
2171 2829 2277 2860 Gretae

1238 2880 1291 2910 liat
1306 2879 1407 2919 major
1429 2880 1599 2920 quinquies
1615 2880 1703 2912 mille
1717 2879 1839 2911 stadiis.

1735 2944 1770 2975 3.

1277 2999 1310 3028 ln
1325 2998 1419 3029 Creta
1432 3006 1561 3038 quoque
1577 2998 1624 3029 est
1637 2997 1803 3038 Dulopolis
1817 2997 2025 3036 (Servorum
2035 2996 2117 3029 urbs
2126 2996 2153 3036 ),
2169 2997 2206 3029 ut
2219 2998 2276 3029 So-

1233 3049 1361 3081 sicrates
1376 3049 1420 3080 ait
1436 3048 1517 3080 libro
1533 3049 1636 3089 primo
1649 3050 1768 3080 Rerum
1781 3049 1993 3080 Creticamm.

1272 3171 1444 3204 Sosicrates
1459 3171 1562 3212 primo
1573 3169 1655 3202 libro
1670 3171 1790 3202 Rerum
1811 3169 2012 3202 creticarum
2028 3169 2193 3210 proprium
2215 3169 2274 3201 ali·

1232 3223 1309 3263 quid
1326 3223 1442 3255 habere
1465 3223 1510 3254 ait
1529 3222 1690 3254 Phaestios.
1714 3222 1873 3254 Diountur
1888 3221 1974 3252 enim
1996 3221 2062 3260 Jam
2078 3230 2096 3252 a
2115 3220 2220 3261 pueris
2234 3220 2274 3251 ad

1232 3275 1365 3306 dicenda
1389 3274 1524 3306 ridicula
1547 3274 1686 3306 exerceri
1703 3283 1711 3304 :
1733 3281 1832 3313 quare
1844 3280 1928 3313 saepe
1950 3272 2082 3311 accidit,
2097 3273 2134 3303 ut
2153 3271 2272 3303 salsum

1230 3326 1348 3367 aliquid
1362 3328 1393 3358 et
1405 3329 1536 3358 acutum
1549 3327 1726 3366 opportune
1736 3324 1965 3365 respondeant,
1983 3325 2112 3365 propter
2126 3332 2217 3355 usum
2232 3323 2273 3354 ab

1230 3379 1359 3410 ineunte
1371 3379 1465 3410 aetate
1480 3379 1692 3410 contractum.
1716 3378 1826 3416 ltaque
1841 3375 1890 3407 his
1904 3377 2070 3407 Cretenses
2082 3383 2193 3407 omnes
2212 3374 2272 3405 hoc

1230 3430 1373 3462 trtbuunt
1382 3454 1391 3470 ,
1405 3429 1490 3470 quod
1505 3430 1535 3461 in
1553 3428 1684 3461 ridicule
1697 3427 1789 3460 dictis
1798 3427 1962 3460 excellant.
