2372 3704
0 152 70 256 {⁶¹2

0 264 17 305 1,

124 301 225 338 Ibid.
253 313 340 336 cum
369 299 504 348 fragm.
540 299 588 336 63
621 299 735 348 junge
763 312 844 347 quae
876 299 923 335 de
958 300 1111 348 Orpheo

71 359 227 396 Homeri
244 370 390 406 proavo
410 359 587 406 leguntur
603 359 641 392 in
655 359 839 393 Hellanici
853 358 900 394 fr.
920 358 943 394 6
955 386 964 404 ,
982 371 1022 406 p.
1045 358 1109 407 46,

69 417 135 453 ubi
154 417 348 452 Hellanico
366 417 533 451 sociatur
546 416 791 463 Pherecydes,

121 475 164 510 P.
182 474 387 522 89,fragm.
405 473 464 519 73.
482 495 528 500 —
541 472 719 509 Matthiaei
731 474 947 522 conjectura
957 475 1112 510 minime

65 545 169 571 nunc
188 533 280 568 mihi
299 532 508 581 probabilis
527 545 603 568 esse
621 533 781 568 videtur.

122 595 209 642 Pag.
241 593 309 637 60,
337 593 470 642 fragm.
493 594 555 639 76,
573 594 638 631 lin.
669 595 824 640 ultima,
843 607 914 643 pro
942 591 1111 638 ἀνέστησε

71 651 200 704 (quod
217 652 485 690 Valckenarius
497 652 603 688 dedit
618 665 690 700 pro
709 666 770 701 vg.
788 652 937 700 ἀνέστη)
959 665 980 688 0
1000 653 1111 688 codd.

69 712 238 747 Vatican.
256 718 292 746 et
306 711 474 748 Florent.
497 711 738 746 scribendum
753 709 886 756 ἀνίστη.
908 711 1030 748 Porro
1044 711 1112 746 ad-

69 768 194 806 denda
207 777 312 805 erant
327 782 409 816 quae
426 770 465 803 in
478 768 614 804 eodem
632 769 750 807 schol.
767 770 896 816 paullo
911 775 998 817 post
1023 768 1111 803 sub·

65 828 279 877 junguntur
299 841 308 863 :
331 825 533 877 Φερεκύδης
557 827 590 862 ἐν
605 828 647 876 τῇ
664 826 799 878 ἱστορίᾳ
814 827 827 877 (
843 828 877 864 ἐν
896 828 939 877 τῇ
961 825 995 871 η’
1019 827 1107 863 cod.

70 888 237 923 Vatican.
254 884 264 937 )
281 883 359 928 τοὺς
377 885 412 922 ἐν
430 885 575 936 Δελφοῖς
598 883 807 929 θνήσκοντας
827 883 931 922 αὐτὸν
958 883 1112 921 ἀναὸιώ-

70 959 179 983 σκειν.

123 1005 212 1052 Pag.
235 1016 298 1051 91,
317 1003 364 1043 fr.
387 1002 449 1039 82.
470 1024 522 1029 -
545 1003 631 1037 Post
649 1014 784 1038 vocem
802 1000 841 1039 τὸ
862 1003 965 1051 σῶμα
986 1001 1108 1038 adde:

75 1060 210 1112 Ἀγρίου
230 1060 264 1097 δὲ
285 1059 347 1097 καὶ
378 1059 463 1103 Δίας
481 1061 542 1105 τῆς
565 1058 762 1111 Πορθάονος
782 1058 883 1097 αὐτόν
905 1074 1007 1111 φησιν
1030 1060 1108 1108 (se.

71 1118 316 1170 Φερεκύδης).

122 1180 210 1227 Pag.
226 1191 290 1226 92,
307 1178 440 1226 fragm.
461 1177 526 1222 87,
544 1177 609 1214 lin.
626 1189 664 1222 2,
682 1177 806 1212 deleta
820 1189 915 1212 voce
928 1170 983 1223 ἦν,
1002 1177 1106 1226 lege:

71 1235 191 1278 διαὸὰς
208 1237 254 1278 εἰς
269 1233 452 1287 Ἀρκαδίαν
468 1234 478 1283 (
492 1228 533 1280 ἦν
549 1233 616 1286 γὰρ
634 1233 814 1285 ἁψιμαχίαι
830 1249 880 1277 τις
901 1236 971 1272 ἐκεῖ
987 1234 1020 1272 Ἀ
1028 1233 1111 1285 ρκά-

70 1308 123 1330 σιν
137 1309 173 1331 τε
187 1293 245 1331 καὶ
263 1294 426 1335 Βοιωτοῖς
436 1297 505 1335 τοῖς
519 1293 624 1329 αὐτοῦ
635 1290 795 1335 πολίταις
810 1292 888 1343 περὶ
899 1290 988 1343 ὅρων
1007 1294 1071 1341 γῆς
1086 1291 1111 1341 ),

70 1352 237 1397 πλείστην
258 1351 337 1390 κτλ.
356 1351 479 1388 Verba
498 1352 537 1386 in
552 1351 766 1399 parenthesi
784 1352 910 1399 posita
935 1352 985 1386 ita
1005 1351 1112 1386 exhi-

69 1412 134 1447 bet
153 1411 275 1447 codex
300 1410 460 1448 Parisin.
487 1409 590 1456 2679
609 1410 650 1444 in
678 1409 846 1447 Cramer.
885 1412 955 1447 An.
977 1411 1020 1447 P.
1044 1411 1112 1454 ΙΙΙ,

71 1482 111 1518 p.
147 1482 192 1505 10
225 1481 234 1504 ε
254 1461 296 1514 ἦν
313 1466 381 1518 γὰρ
411 1465 592 1518 ἁψιμαχίαι
622 1467 692 1509 τοῖς
714 1465 888 1517 βεὸρότων
920 1467 930 1519 (
945 1470 1014 1508 τοῖς
1043 1466 1114 1503 ἐκεῖ

69 1525 188 1576 τῶνῗ)
218 1527 378 1564 Βοιωτῶν
407 1524 566 1567 πολίταις
585 1523 645 1561 καὶ
680 1525 750 1567 τοῖς
775 1523 920 1576 Ἀρκάσι
939 1523 1019 1575 περὶ
1049 1526 1113 1574 γ’ἧς

14 1591 17 1594 ⁴
70 1585 171 1638 ὅρων.
191 1607 244 1613 -
262 1585 410 1621 Deinde
430 1591 517 1633 post
540 1583 659 1619 verba
684 1582 867 1634 κράτιστος
886 1581 973 1633 ἀνὴρ
993 1584 1111 1621 schol.

70 1646 200 1682 Venet.
222 1645 273 1679 ita
291 1643 416 1692 pergit
439 1656 447 1678 :
473 1641 576 1692 λόχον
605 1638 752 1686 ποιήσας
785 1638 899 1677 ἔσεισε
922 1640 1000 1690 (sic
1021 1641 1110 1676 cod.

70 1704 171 1748 Par.;
202 1700 316 1739 ἔπεισε
342 1714 403 1751 ap.
436 1700 578 1750 Bekk.)
602 1698 665 1745 τὴν
691 1697 825 1744 πολλὴν
845 1701 904 1736 τοῦ
936 1697 1114 1750 Ἀρηιθόου

76 1760 268 1813 φάλαγγα,
293 1758 407 1797 ἀνεῖλέ
430 1775 468 1797 τε
496 1758 598 1796 αὐτὸν
619 1757 679 1795 καὶ
707 1756 892 1794 ὑπολαὸὼν
914 1756 978 1803 τὴν
997 1756 1114 1805 λείαν,

70 1819 120 1856 ἔτι
145 1818 206 1856 καὶ
227 1818 311 1869 πρὸς
336 1817 471 1868 ἄμυναν
493 1816 600 1868 [τὴν]
624 1814 838 1867 παντευχίαν
865 1814 954 1865 μετὰ
974 1815 1033 1852 καὶ
1053 1818 1115 1862 τῆς

70 1876 214 1929 κορύνης
230 1877 280 1915 **.

123 1938 216 1986 Pag.
243 1936 293 1984 93
309 1962 319 1981 ,
338 1935 382 1973 fr.
405 1948 470 1983 92.
490 1955 543 1962 —
558 1933 614 1970 Cf.
636 1933 824 1971 Plutarch.
852 1935 908 1969 De
936 1933 1017 1969 frat.
1039 1946 1111 1970 am.

71 2009 107 2034 c.
143 2009 185 2031 11
206 2025 217 2044 ,
252 2009 293 2044 p.
318 1994 415 2038 483,
449 1994 500 2041 C;
534 1993 712 2028 Proverb.
739 1991 932 2027 Plutarchi
967 1993 1009 2036 Ι,
1044 1997 1114 2038 74,

70 2068 111 2103 p.
127 2055 201 2090 332
211 2054 270 2090 ed.
282 2053 458 2089 Leutsch.
476 2059 512 2087 et
523 2052 648 2095 Schn.;
661 2051 841 2086 Libanius
854 2052 920 2097 Ep.
937 2050 1012 2098 389
1021 2058 1113 2087 extr.

125 2115 166 2149 P.
187 2117 254 2161 94,
283 2112 331 2148 fr.
355 2110 403 2159 95
427 2123 466 2148 α.
489 2131 541 2136 ——-
562 2110 685 2145 Schol.
708 2110 751 2146 ll.
771 2123 811 2153 τ,
841 2107 905 2153 53,
928 2109 976 2144 ad
999 2110 1114 2145 verba

71 2180 192 2222 poetae
209 2185 217 2207 ε
231 2164 332 2216 ἦλθεν
344 2166 428 2211 ἄναξ
442 2167 574 2219 ἀνδρῶν
591 2165 816 2216 Ἀγαμέμνων
829 2165 926 2208 ἕλκος
940 2165 1043 2216 ἔχων·
1055 2166 1114 2203 καὶ

71 2230 139 2282 γὰρ
159 2229 218 2267 τὸν
244 2227 292 2266 ἐνὶ
312 2228 463 2279 κρατερῇ
489 2224 618 2276 ὑσμίνῃ
637 2222 720 2262 οὔτα
755 2224 856 2262 Κόων
877 2224 1115 2275 Ἀντηνορίδης

71 2287 244 2340 χαλκήρεϊ
264 2285 357 2337 δουρί
374 2286 417 2336 ]-;
439 2282 642 2335 Φερεκύδης
667 2281 812 2320 Κύνωνά
835 2297 952 2333 φησιν·
974 2282 1114 2331 ἄμεινον

73 2345 108 2384 δὲ
124 2345 221 2398 παρὰ
241 2343 303 2391 τὴν
327 2342 474 2382 σύνεσιν·
496 2341 695 2392 Ἀντήνορος
713 2339 780 2391 γὰρ
799 2340 902 2377 αὐτὸν
927 2341 1033 2391 λέγει.

124 2408 213 2454 Pag.
236 2405 299 2454 95,
317 2405 451 2452 fragm.
474 2403 524 2450 98
544 2415 581 2439 a.
608 2423 659 2427 —
676 2401 802 2437 Schol.
820 2403 948 2436 Venet.
964 2400 1013 2435 ad
1042 2399 1112 2436 Eu-

72 2465 145 2513 rip.
159 2463 344 2500 Androm.
375 2474 472 2506 1217
487 2472 496 2497 t
519 2458 604 2497 ‘'Ort
622 2457 684 2507 μὲν
702 2458 737 2494 ἐν
753 2457 898 2508 Δελφοῖς
924 2459 941 2494 ὁ
953 2455 1116 2494 Νεοπτό-

73 2522 177 2570 λεμος
198 2519 367 2557 τέθαπται
389 2517 448 2555 καὶ
469 2515 672 2567 Φερεκύδης
701 2517 842 2566 ἱστορεῖ·
872 2514 923 2552 ὅτι
944 2514 978 2551 δὲ
1000 2516 1117 2564 νεκρὸς

72 2580 179 2618 ἐλθὼν
195 2580 241 2621 εἷς
257 2577 372 2616 Φθίαν
389 2576 492 2613 πάλιν
508 2577 554 2617 εἷς
568 2572 721 2625 Δελφοὺς
733 2573 904 2624 ἐπέμφθη,
919 2573 1114 2624 διεψεύσθη.

125 2638 225 2675 Ibid.
240 2638 287 2673 fr.
304 2649 371 2685 99,
389 2637 453 2673 lin.
472 2635 558 2679 ult.‚
572 2633 689 2670 adde:
707 2634 893 2680 Corrupta
902 2633 979 2668 haec
991 2645 1115 2668 emen-

73 2698 196 2733 datius
224 2704 261 2733 et
279 2697 426 2744 plenius
444 2694 595 2729 exhibet
626 2693 743 2730 schol.
774 2693 907 2728 Venet.
943 2691 990 2727 ad
1022 2693 1112 2727 Eur.

74 2756 220 2793 Hecub.
258 2768 272 2790 1
306 2754 366 2791 ed.
398 2753 545 2798 Cobet,
579 2752 645 2786 ubi
663 2752 715 2786 sic
738 2764 746 2786 z
770 2748 974 2799 Φερεκύδης
990 2747 1114 2800 γράφει

72 2812 180 2855 οὕτως
195 2825 204 2834 ·
243 2830 258 2846 «
283 2811 444 2863 Πρίαμος
465 2809 500 2847 δὲ
519 2811 536 2847 ὃ
554 2807 793 2858 Λαομέδοντος
816 2811 923 2857 γαμεῖ
949 2806 1114 2854 Ἑκάόην

70 2871 133 2918 τὴν
147 2870 343 2921 Δύμαντος,
360 2873 419 2914 τοῦ
434 2868 568 2911 Ἰονέως
586 2870 595 2918 (
611 2870 637 2906 l.
660 2867 842 2915 Ἠιονέως)
865 2869 926 2903 τοῦ
943 2865 1115 2917 Πρωτέως

73 2930 95 2976 ἢ
114 2928 314 2981 Σαγγαρίου
334 2932 394 2966 τοῦ
412 2930 589 2976 ποταμοῦ,
608 2927 667 2963 καὶ
683 2925 812 2972 Νηίδος
824 2923 959 2976 νύμφης
979 2924 1115 2975 Εὐαγό-

73 3003 134 3040 ρας
153 2990 164 3039 (
187 2988 315 3035 Εὗνόης
334 2989 412 3025 5011.
428 2989 475 3026 11.
496 3001 536 3032 π,
561 2984 675 3034 718).
698 3002 713 3016 ν
735 2982 969 3028 Γλαυκίππην
987 2982 1018 3019 δ’
1033 2982 1115 3020 ἔνιοι

73 3046 135 3092 τὴν
164 3046 301 3085 Ξάνθου
331 3049 392 3092 τῆς
424 3042 581 3091 Ἑκάὸης
600 3042 798 3096 παρέδοσαν
827 3040 978 3092 μητέρα.
1008 3042 1117 3078 Adde·

73 3108 191 3144 schol.
219 3108 365 3143 Victor.
397 3106 446 3142 ad
469 3107 517 3150 ll,
536 3119 584 3150 π,
621 3103 694 3150 718
709 3131 718 3147 ,
751 3103 817 3138 ubi
840 3102 949 3138 Asius
966 3130 976 3149 ,
1002 3101 1119 3136 frater

74 3165 258 3209 Hecubae,
288 3164 386 3199 filius
420 3176 496 3200 esse
525 3163 665 3199 dicitur
695 3159 876 3208 Δύμαντος
899 3156 959 3194 καὶ
984 3156 1115 3203 Εὐνόης

75 3221 228 3273 νύμφης,
247 3224 292 3264 ὡς
310 3220 530 3273 Φερεκύδης,
553 3218 717 3266 Ἀθηνίων
734 3217 770 3255 δὲ
791 3216 948 3258 Κισσέως
961 3216 1020 3252 καὶ
1038 3217 1114 3261 Τη-

75 3281 244 3323 λεκλείας,
374 3284 376 3286 ’

128 3339 219 3388 Pag.
249 3340 297 3387 95
311 3369 321 3386 ‚

73 3413 114 3448 p.
140 3399 224 3436 103.
241 3400 325 3434 Lin.
343 3411 368 3445 9
382 3398 462 3445 lege
479 3392 783 3443 κατενηνεγμένων
802 3393 836 3429 ἐν
856 3393 901 3442 τῇ
914 3391 981 3427 τῶν
999 3387 1115 3438 γιγάν-

929 213 983 250 JN
1013 212 1288 251 VOLUMlNE
1317 213 1348 251 Ι.

2128 219 2202 253 639

1174 314 1255 338 των.
1276 300 1397 337 Verba
1414 307 1594 347 corrupta
1613 312 1621 334 ε
1653 297 1758 350 Λέγοι
1787 298 1815 336 δ’
1835 298 1877 336 ἂν
1907 301 1965 337 καὶ
1985 300 2064 352 περὶ
2090 300 2205 339 ἄλλων

1172 359 1310 395 πολλῶν
1323 356 1548 404 Παλλαδίων,
1561 361 1619 394 τοῦ
1631 372 1668 394 τε
1679 372 1758 395 κατ
1768 372 1789 394 α
1800 357 1875 395 λκό
1888 374 1935 407 με
1946 374 1962 395 ν
1974 374 2016 396 ον
2032 362 2103 407 (sic
2117 362 2204 399 cod.

1175 417 1223 461 B;
1247 414 1504 464 καταλυόμενον
1523 417 1608 454 cod.
1626 418 1673 454 D.
1692 429 1753 464 ap.
1777 418 1951 456 Dindorf.
1968 431 2007 466 p.
2031 419 2104 455 320
2121 419 2131 467 )
2149 419 2206 456 τὸν

1174 472 1369 524 αὐτόχθονα
1387 471 1447 510 καὶ
1463 474 1546 510 τῶν
1565 472 1667 525 περὶ
1691 473 1946 525 αὗτεφυρῶν
1976 474 2077 526 (περὶ
2095 477 2207 513 αὐτῶν

1172 534 1327 584 γεφυρῶν
1348 532 1433 568 cod.
1464 533 1504 569 B.
1525 531 1536 580 )
1556 529 1782 580 καλουμένων
1802 533 1898 576 κτλ.,
1916 545 1960 568 ex
1980 541 2086 581 parte
2105 543 2207 570 recte

1172 593 1316 628 sanavit
1334 592 1382 629 Ο.
1395 591 1543 626 Miiller.
1563 590 1762 626 scribendo
1778 588 1853 626 κατ’
1874 589 2136 639 Ἀλαλκομενὸν,
2153 594 2208 627 uti

1172 651 1303 685 monui
1326 650 1375 686 ad
1393 649 1594 697 Phylarch.
1617 649 1662 684 fr.
1687 661 1736 696 79
1751 661 1792 696 p.
1815 647 1904 694 357.
1927 649 2026 694 Quas
2049 661 2139 685 vero
2163 650 2209 686 de

1172 709 1415 755 sequentibus
1427 707 1669 756 protulerunt
1684 707 1862 741 Miillerus
1876 712 1913 741 et
1928 706 2104 742 Luchtius
2119 720 2211 742 con-

1167 765 1344 813 jecturas,
1362 779 1412 802 eae
1423 766 1571 814 longius
1584 777 1604 801 a
1618 765 1762 800 traditis
1775 763 1957 799 recedunt
1970 776 2083 810 quam
2095 772 2137 800 ut
2150 777 2210 800 ve-

1172 825 1342 860 risimiles
1355 826 1441 862 sint.
1462 826 1541 872 Ego
1554 823 1828 859 restituendum
1846 829 1942 870 puto
1956 819 2015 857 καὶ
2032 823 2098 857 τῶν
2114 820 2210 872 παρὰ

1173 880 1188 931 [
1203 883 1261 918 vel
1281 881 1366 932 ἐπὶ]
1385 884 1452 918 τῶν
1469 882 1623 933 γεφυρῶν
1643 878 1866 925 καλουμένων
1878 908 1888 928 ‚
1907 892 1986 928 quo
2006 880 2110 915 ducit
2123 880 2208 916 cod.

1173 942 1214 978 B.
1237 949 1273 976 et
1301 942 1463 977 solennis
1488 953 1627 976 vocum
1655 937 1735 990 περὶ
1758 945 1794 975 et
1817 935 1914 988 παρὰ
1943 938 2129 974 confusio.
2152 938 2207 977 Cf,

1172 999 1305 1036 Joann.
1326 1000 1453 1047 Lydus
1468 1000 1648 1035 Demens.
1669 999 1706 1042 I,
1726 1010 1771 1032 21
1794 1008 1802 1034 :
1821 994 1888 1034 Διὰ
1904 993 1943 1032 τὸ
1961 994 2018 1032 ἐπὶ
2031 997 2092 1040 τῆς
2107 994 2211 1046 γεφύ-

1174 1070 1234 1108 ρας
1253 1060 1312 1094 τοῦ
1339 1058 1532 1108 Σπερχειοῦ
1556 1058 1714 1105 ποταμοῦ
1734 1052 1921 1105 ἱερατεύειν
1940 1055 1989 1105 τῷ
2020 1053 2212 1102 Παλλαδίῳ

1172 1128 1224 1153 se.
1242 1117 1441 1164 Gephyraei
1456 1121 1658 1152 vocantur.
1677 1113 1793 1150 Aliud
1813 1114 1851 1148 in
1868 1120 1984 1161 ponte
2005 1112 2210 1148 Palladium

1172 1174 1307 1210 habuit
1320 1176 1458 1212 Attica.

1227 1233 1315 1282 l'ag.
1334 1233 1398 1282 96,
1413 1233 1549 1281 fragm.
1575 1230 1646 1267 105
1666 1231 1712 1266 bb
1730 1242 1739 1265 .·
1760 1251 1811 1256 -
1830 1229 1959 1266 Schol.
1978 1229 2084 1275 11.ω,
2105 1227 2178 1273 617
2199 1241 2207 1262 :

1173 1290 1375 1342 Φερεκύδης
1395 1291 1429 1327 δὲ
1445 1292 1479 1328 ἐν
1496 1289 1545 1335 ηἰ·
1565 1307 1581 1322 (ι
1596 1288 1643 1328 Ἡ
1663 1287 1699 1325 δὲ
1719 1286 1832 1332 Νιόὸη
1848 1286 1914 1323 ὑπὸ
1928 1289 1986 1323 τοῦ
2008 1285 2108 1336 ἄχεος
2128 1286 2211 1322 ἅνα-

1172 1350 1281 1401 χωρεῒ
1298 1350 1344 1392 εἷς
1367 1348 1520 1387 Σίπυλον
1533 1377 1542 1394 ,
1563 1346 1622 1384 καὶ
1643 1349 1706 1398 ὁρᾷ
1726 1344 1787 1391 τὴν
1805 1345 1904 1382 πόλιν
1926 1343 2210 1394 ἀνεστραμμένην

1173 1407 1232 1445 καὶ
1255 1407 1429 1458 Ταντάλῳ
1449 1406 1540 1444 λίθον
1559 1404 1852 1457 ἐπικρεμάμενον,
1874 1405 2000 1454 ἀρᾶται
2021 1400 2056 1438 δὲ
2086 1403 2133 1453 τῷ
2154 1401 2211 1439 Διὶ

1173 1466 1263 1509 λίθος
1282 1465 1454 1516 γενέσθαι.
1469 1464 1546 1504 Ῥεῖ
1559 1464 1594 1501 δὲ
1614 1465 1720 1509 αὐτῆς
1737 1461 1883 1512 δάκρυα,
1901 1459 1961 1498 καὶ
1981 1459 2064 1511 πρὸς
2086 1459 2211 1511 ἄρκτον

1174 1526 1250 1575 ὁρᾷ.
1269 1541 1284 1556 »
1300 1526 1379 1560 Nos
1403 1535 1490 1559 cum
1503 1523 1693 1558 Matthiaeo
1715 1521 1856 1557 Niobes
1882 1520 2077 1555 historiam
2096 1519 2142 1554 ad
2162 1520 2209 1554 li-

1174 1582 1285 1617 brum
1300 1582 1487 1617 decimum
1506 1581 1715 1617 retulimus.
1736 1579 1847 1626 Quod
1865 1579 1995 1613 falsum
2013 1589 2089 1612 esse
2107 1577 2212 1612 locus

1173 1641 1234 1676 hic
1255 1641 1441 1689 coarguit,
1467 1641 1536 1675 nisi
1560 1651 1630 1687 pro
1657 1638 1691 1673 ἐν
1715 1635 1747 1682 η’
1768 1636 2010 1672 scribendum
2030 1642 2085 1670 est
2113 1635 2147 1670 ἐν
2169 1634 2210 1679 ι’;

1175 1707 1275 1735 certe
1302 1700 1349 1735 de
1377 1699 1592 1747 Amphione
1618 1697 1759 1733 Niobes
1787 1696 1921 1731 marito
1952 1706 2075 1730 sermo
2104 1693 2213 1729 fuisse

1173 1759 1396 1806 perhibetur
1415 1759 1447 1794 ἐν
1469 1759 1510 1807 τῇ
1536 1755 1663 1805 δεκάτῃ
1685 1756 1757 1807 (fr.
1786 1767 1853 1790 102
1872 1754 1938 1802 α).

1228 1819 1318 1867 Pag.
1347 1817 1396 1864 98
1410 1844 1419 1861 ,
1439 1817 1572 1864 fragm.
1598 1828 1684 1850 112.
1705 1835 1755 1840 -
1777 1813 1833 1851 Cf.
1866 1812 2041 1860 Stephan.
2061 1812 2150 1857 Byz.
2171 1823 2209 1845 v.

1175 1873 1274 1917 Τέως
1289 1888 1297 1913 :
1316 1874 1470 1920 Ἐκλήθη
1487 1873 1522 1910 δὲ
1540 1872 1608 1910 ἀπὸ
1622 1875 1683 1918 τῆς
1698 1870 1908 1920 Ἀθάμαντος
1922 1867 2087 1919 θυγατρὸς
2100 1867 2133 1905 'A
2141 1872 2211 1918 ρᾶς.

1178 1932 1424 1982 Σκοπουμένου
1455 1930 1522 1982 γὰρ
1557 1933 1618 1967 τοῦ
1647 1929 1860 1978 Ἀθάμαντος
1888 1926 1967 1964 ἔνθα
1997 1924 2128 1976 ἱδρύσει
2154 1926 2213 1961 τὸν

1175 1990 1255 2028 ναὸν
1268 2021 1277 2038 ,
1296 1991 1468 2041 ἀθύρουσα
1483 2020 1492 2035 ‚
1518 1983 1572 2026 οἷα
1590 1987 1632 2034 δὴ
1659 1988 1758 2033 παῖς,
1777 1988 1814 2024 ἐκ
1833 1985 1935 2022 λίθων
1955 1983 2065 2022 οἰκίαν
2091 1983 2210 2031 δειμαε

1177 2049 1262 2099 μένη
1281 2047 1406 2098 ἔλεγεν,
1424 2065 1439 2080 «
1460 2045 1523 2088 ἕως
1546 2045 1587 2083 σὺ
1603 2047 1716 2096 χῶρον
1737 2042 1911 2089 ἐσκόπεις,
1928 2041 2012 2084 τέως
2029 2040 2095 2090 ἐγὼ
2110 2041 2212 2078 πόλιν

1176 2106 1471 2156 σοιέδειμάμην.»
1506 2102 1578 2142 Καὶ
1608 2101 1664 2141 διὰ
1690 2105 1790 2140 τοῦτο
1817 2103 1840 2147 ἡ
1869 2099 1967 2142 πόλις
1997 2098 2087 2136 οὕτω
2113 2098 2209 2135 ῶνα-ε

1176 2164 1306 2214 μάσθη.

1229 2226 1318 2272 Pag.
1332 2235 1393 2272 99.
1406 2244 1458 2250 —
1470 2220 1702 2270 Fragmentis
1714 2218 1810 2254 sedis
1820 2218 1964 2253 incertae
1976 2216 2071 2252 adde
2085 2216 2212 2251 locum

1176 2283 1352 2320 Strabon.
1375 2283 1433 2326 X,
1452 2293 1491 2328 p.
1515 2279 1589 2324 456
1612 2290 1621 2315 :
1640 2275 1725 2315 Οὔτ’
1750 2269 1807 2312 οἷν
1827 2275 2008 2324 Δουλίχιον
2024 2276 2046 2318 ἠ
2069 2272 2213 2323 Κεφαλ-

1175 2340 1279 2386 ληνία
1303 2342 1382 2387 (uti
1402 2340 1531 2375 statuit
1559 2337 1774 2373 Hellanicus
1802 2335 1850 2373 fr.
1877 2332 1971 2381 108)
1995 2333 2070 2368 καθ’
2087 2328 2211 2379 “Op-⁷1⁴

1178 2414 1252 2451 ρον,
1278 2397 1355 2436 οὔτε
1375 2400 1435 2443 τῆς
1465 2393 1707 2447 Κεφαλληνίας
1722 2392 1760 2430 τὸ
1780 2390 1977 2442 Δουλίχιον,
1996 2392 2041 2433 ὡς
2061 2385 2214 2439 Ἄνδρων

1177 2456 1301 2509 φησί...
1320 2456 1395 2493 οὐδὲ
1420 2454 1552 2495 Παλεῖς
1570 2450 1751 2503 Δουλίχιον
1772 2451 1827 2502 ὑφ’
1857 2447 2016 2499 Ὀμήρου
2041 2446 2215 2496 λέγονται,

1177 2517 1221 2558 ὡς
1246 2514 1368 2568 γράφει
1402 2509 1616 2564 Φερεκύδης.
1648 2533 1698 2538 -
1728 2511 1906 2559 Apollon.
1942 2510 1997 2544 De
2030 2518 2212 2555 pronom.-

1176 2588 1217 2623 p.
1238 2575 1286 2610 82
1319 2573 1437 2610 Bekk.
1465 2585 1472 2607 :
1499 2568 1569 2608 Καὶ
1587 2566 1790 2618 Φερεκύδης
1817 2567 1850 2603 ἐν
1866 2567 1907 2614 τῇ
1934 2562 2131 2614 Θεολογία,
2153 2562 2214 2600 καὶ

1178 2631 1228 2670 ἔτι
1250 2630 1466 2681 Δημόκριτος
1493 2629 1528 2665 ἓν
1554 2627 1623 2670 τοῖς
1644 2624 1732 2677 Περὶ
1762 2622 1991 2676 ἀστρονομίας
2011 2622 2070 2659 καὶ
2090 2622 2124 2658 ἐν
2143 2626 2215 2662 τοῖς·

1177 2688 1460 2738 ὑπολειπομένοις
1478 2684 1698 2734 συντάγμασι
1719 2681 1962 2733 συνεχέστερον
1994 2681 2149 2730 χρῶνται
2169 2681 2214 2728 τῇ

1177 2751 1282 2798 ε’μεῦ
1311 2746 1370 2785 καὶ
1399 2745 1449 2783 ἔτι
1478 2748 1520 2796 τῇ
1541 2741 1663 2793 ἐμέο.
1698 2743 1823 2778 Alium
1851 2740 2045 2789 Apollonii
2065 2740 2188 2773 locum
2201 2763 2214 2782 ,.

1177 2822 1254 2857 quo
1272 2805 1495 2853 Pherecydis
1507 2803 1648 2839 mentio
1667 2801 1723 2849 fit,
1743 2814 1780 2835 v.
1798 2802 1837 2835 in
1851 2798 2045 2836 Addendis
2065 2797 2114 2832 ad
2134 2798 2212 2832 He—>

1177 2867 1280 2903 cataei
1297 2866 1342 2902 fr.
1359 2865 1448 2910 371.

1230 2974 1517 3013 ANTIOCHUS.
1533 2974 1576 3009 P.
1597 2970 1667 3013 184
1680 2997 1689 3014 ,
1706 2969 1751 3005 fr.
1778 2967 1837 3004 15.
1859 2988 1911 2994 —-
1928 2966 2011 3002 Hoc
2027 2965 2214 3012 fragmen*

1178 3041 1256 3071 tum
1276 3036 1308 3070 ei
1333 3034 1460 3081 potius
1476 3029 1745 3066 vindicandum
1766 3034 1820 3063 est
1839 3025 2048 3068 Antiocho,
2072 3024 2137 3071 qui
2156 3020 2214 3059 Τὰ

1176 3091 1266 3131 κατὰ
1282 3091 1380 3128 πόλιν
1397 3087 1523 3139 μυθικά
1543 3088 1703 3135 scripsit.

1228 3207 1496 3246 PfflLls‘rUS.
1515 3206 1557 3240 P.
1582 3203 1670 3248 187,
1693 3180 1738 3237 sr.
1764 3201 1824 3236 16.
1846 3201 1982 3235 -Pro
2008 3209 2107 3233 :non
2125 3203 2210 3230 con·

1175 3278 1260 3313 stat,
1275 3269 1381 3316 lege:
1404 3277 1440 3300 v.
1462 3276 1524 3311 ap.
1546 3263 1700 3298 Aristot.
1726 3260 1838 3296 Rhet.
1857 3260 1911 3303 ΙΙ,
1932 3269 1997 3300 2ο,
2020 3254 2060 3300 5;
2081 3255 2209 3289 Horat.-

345 3339 391 3376 fr.
423 3351 488 3374 101
507 3366 516 3382 ,
535 3339 600 3374 lin.
624 3346 657 3372 1.
677 3336 816 3370 —Pro
836 3346 844 3371 ε
866 3344 906 3382 p.
943 3330 1013 3368 163
1036 3331 1116 3378 lege
1178 3331 1245 3375 Ep.
1267 3329 1305 3370 I,
1332 3337 1396 3370 ¹03
1419 3322 1625 3370 Nicephor.
1655 3321 1736 3355 Bas.
1760 3320 1963 3365 Progymn.
1986 3327 2026 3362 p.
2052 3314 2122 3353 424
2147 3305 2204 3344 ed.

1177 3387 1294 3423 WValz.
