2372 3704
149 272 222 304 370

642 363 677 401 4.

193 437 475 485 Harpocratio:
493 434 701 487 Ὁμηρίδαι.
718 434 886 479 Σελευκος
899 435 982 487 ἐνβ’
996 434 1084 488 Περὶ
1100 434 1183 486 βίων

137 493 352 544 ἁμαρτάνειν
376 492 461 543 φησὶ
491 492 663 566 Κράτητα
698 492 882 542 νομίζοντα
917 494 952 531 ἐν
973 495 1049 536 ταῖς
1077 492 1183 544 Ἱερο-

136 550 265 594 ποιίαις
289 550 522 604 Ὁμηρίδας’
503 550 692 600 απογόνους
711 555 799 589 εἶναι
820 554 881 589 τοῦ
901 566 1060 598 ποιητου.

189 609 436 662 Ἱεροποιίαις]
458 612 554 648 alius
573 612 704 647 titulus
724 624 801 647 esse
815 611 968 647 videtur
986 611 1074 647 libri
1095 608 1184 661 Περὶ

135 671 274 708 θυσιῶν.
291 671 351 707 Sic
369 671 533 708 Nitzsch.
555 671 699 709 Histor.
719 672 832 706 Hom.
852 672 911 716 II,
932 683 970 719 p.
991 681 1052 716 72.
1067 670 1187 706 Aliter

136 729 325 768 Welcker.
353 729 454 777 Cycl.
477 743 516 778 p.
543 729 614 766 166
629 737 708 767 not.

572 804 678 841 ’5.

189 880 315 917 Schol.
336 880 454 928 Soph.
479 879 579 916 OEd.
600 879 640 917 C.
663 891 735 914 100
764 891 770 913 2
796 875 868 915 Καὶ
888 877 926 913 οὗ
948 876 1051 926 μόνον
1069 874 1187 918 θυσίας

143 937 328 988 νηφαλίους
340 967 350 984 ,
365 935 458 975 ἀλλὰ
471 937 530 974 καὶ
546 935 631 980 ξύλα
647 935 724 973 τινὰ
735 964 745 982 ,
766 934 818 987 ἐφ’
834 928 880 972 ὧν
899 934 1027 973 ἔκαιον.
1047 933 1187 984 Κράτης

136 994 199 1044 μὲν
218 989 275 1033 οὖν
293 997 310 1032 ὁ
326 995 503 1041 Ἀθηναῖος
525 993 570 1031 τὰ
602 993 651 1045 μὴ
670 993 846 1043 ἀμπέλινα
864 995 931 1030 τῶν
950 991 1057 1037 ξύλων
1071 991 1185 1030 πάντα

135 1054 290 1106 νηφάλια
310 1053 396 1106 φησὶ
416 1051 748 1106 προσαγορεύεσθαι.
764 1050 810 1091 Ὁ
827 1051 862 1089 δὲ
877 1051 1074 1103 Φιλόχορος
1090 1053 1186 1103 ἀκρι-

136 1112 297 1164 ὅέστερόν
319 1127 403 1165 φησι
423 1113 500 1167 κτλ.
526 1113 644 1163 (Phil.
667 1112 713 1148 fr.
737 1109 818 1162 31).

187 1298 278 1344 Quae
300 1309 344 1332 ex
365 1296 526 1332 Cratetis
550 1295 657 1330 libris
684 1293 790 1344 Περὶ
820 1292 1015 1339 Ἀττικῆς
1044 1291 1185 1330 διαλέ·

134 1369 236 1392 κτου
253 1355 363 1391 affert
378 1355 578 1390 Athenaeus
591 1381 602 1399 ,
621 1353 670 1390 ad
689 1354 972 1398 Atheniensem,
996 1366 1076 1389 non
1094 1366 1186 1390 vero

135 1414 183 1449 ad
215 1415 413 1450 Mallotem
446 1413 635 1450 Cratetem
670 1411 870 1448 referenda
901 1418 1000 1448 sunt.
1034 1413 1185 1448 Librum

134 1474 332 1508 seeundum
348 1471 479 1510 laudat
499 1472 699 1508 Athenaeus
713 1472 763 1507 VI
778 1497 788 1515 ,
810 1483 850 1519 p.
870 1470 961 1517 235,
981 1471 1009 1506 B
1027 1469 1104 1519 (De
1119 1485 1185 1521 pa-

134 1533 276 1577 rasitis;
298 1544 412 1579 quern
433 1531 563 1567 locum
579 1530 800 1566 Athenaeum
818 1541 863 1564 ex
879 1530 1085 1565 Polemone
1102 1531 1185 1566 Cra-

137 1591 220 1626 tetis
254 1591 513 1626 testimonium
545 1589 751 1624 adhibente
782 1588 1019 1636 exscripsisse
1061 1597 1187 1626 censet

135 1650 320 1685 Prellerus
340 1648 388 1684 ad
408 1648 551 1685 Polem.
566 1647 611 1683 fr.
633 1646 728 1695 78);
754 1648 831 1691 III,
854 1650 939 1691 114,
960 1648 993 1683 A
1011 1657 1020 1684 :
1043 1645 1186 1697 Κράτης

136 1706 167 1742 δ’
185 1707 219 1743 ἐν
235 1705 378 1758 δευτέρα
394 1705 553 1751 Ἀττικῆς
570 1703 752 1742 διαλέκτου
766 1732 778 1752 ,
806 1703 979 1755 θάργηλον
999 1705 1186 1742 καλεῖσθαι

134 1764 192 1802 τὸν
207 1766 246 1803 ἐκ
260 1768 320 1812 τῆς
335 1764 547 1815 συγκομιδῆς
560 1765 698 1815 πρῶτον
713 1761 892 1814 γινόμενον
908 1761 1025 1813 ἄρτον.
1039 1786 1092 1791 -
1107 1766 1163 1803 ΧΙ
1173 1792 1183 1811 ,

133 1838 174 1873 p.
197 1824 291 1873 495,
312 1828 344 1861 A
361 1838 369 1861 :
390 1822 532 1874 Κράτης
550 1824 579 1860 δ’
596 1822 630 1859 ἐν
653 1820 801 1874 δευτέρῳ
825 1819 982 1867 Ἀττικῆς
1005 1821 1186 1860 διαλέκτου

135 1883 260 1934 γράφει
288 1882 413 1926 οὕτως·
438 1899 453 1916 «
485 1884 532 1921 Οἱ
551 1880 631 1933 χόες
652 1879 814 1926 πελίκαι,
834 1879 993 1933 καθάπερ
1020 1879 1185 1931 εἴπομεν,

134 1941 368 1991 ὠνομάζοντο.
387 1940 433 1980 ‘O
454 1938 490 1978 δὲ
506 1939 613 1983 τύπος
631 1933 672 1987 ἧν
694 1942 754 1976 τοῦ
774 1939 914 1990 ἀγγείου
934 1939 1103 1991 πρότερον
1123 1939 1186 1989 μὲν

133 2006 203 2043 τοῖς
218 2002 247 2039 ll
255 2000 496 2047 αναθηναϊκοῒς
508 1998 639 2047 ἐοικὼς,
651 1997 755 2046 ἡνίκα
770 2000 928 2037 ἐκαλεῖτο
940 1998 1080 2046 πελίκη,
1091 1999 1187 2038 ὕστε-

137 2074 194 2111 ρον
215 2058 250 2097 δὲ
271 2058 373 2111 ἔσχεν
397 2057 553 2110 οἰνοχόης
571 2061 696 2110 σχῆμα
710 2074 726 2092 >v
748 2059 826 2097 κτλ.
846 2080 899 2086 -
913 2060 1019 2105 XIV,
1032 2072 1073 2108 p.
1096 2059 1188 2110 653,

135 2122 164 2156 B
183 2132 192 2156 τ
216 2119 283 2170 Κρ.
314 2119 349 2155 ἐν
369 2116 399 2170 β’
415 2117 506 2157 'Ar-c.
530 2118 624 2155 διαλ.
648 2118 682 2154 ἐν
705 2122 775 2159 τοῖς
802 2115 922 2166 ὕμνοις
945 2122 1016 2160 τοῖς
1032 2117 1190 2170 ἀρχαίοις

136 2178 279 2230 φάσκων
296 2177 372 2215 ἀντι
393 2192 454 2214 του
472 2175 613 2229 βότρυος
628 2175 689 2222 τὴν
705 2174 885 2228 σταφυλὴν
899 2179 1035 2214 κεῖσθαι
1049 2179 1126 2215 κτλ.
1137 2200 1190 2206 —-

136 2239 166 2273 E
188 2238 282 2273 libro
300 2241 423 2294 quinto
444 2238 643 2273 Athenaeus
660 2237 716 2272 XI
730 2263 740 2281 ,
766 2249 807 2285 p.
829 2241 903 2284 497
918 2264 928 2281 ,
944 2237 1001 2273 F:
1025 2237 1092 2287 Kp.
1111 2237 1145 2273 ἐν
1163 2235 1189 2274 ε’

137 2294 295 2341 Ἀττικῆς
317 2295 410 2335 διαλ.
431 2294 582 2344 ἔκπωμά
603 2309 707 2346 φησιν
728 2297 816 2331 εἶναι
837 2293 946 2337 οὕτως
969 2293 1188 2346 (σαννάκρα)

137 2354 363 2404 καλούμενον.
394 2356 503 2392 Adde
528 2356 600 2399 IX,
632 2368 671 2404 p.
696 2354 789 2400 366,
808 2355 871 2391 F:
894 2352 1075 2405 Κράτης’
1060 2369 1095 2391 εν
1121 2370 1190 2398 τοις

139 2412 229 2465 Περι
254 2413 413 2459 Ἀττικῆς
445 2412 568 2457 λέξεως
601 2411 831 2465 Ἀριστοφάνη
855 2417 1011 2464 παριστᾷ
1043 2411 1189 2464 λέγοντα

138 2473 217 2512 κτλ.
234 2501 243 2519 ,
267 2471 358 2509 καθά
380 2486 466 2523 φησι
485 2470 658 2515 Σέλευκος
678 2473 713 2508 ἐν
734 2473 804 2514 τοῖς
826 2470 913 2521 Περὶ
931 2470 1184 2520 Ἑλληνισμοῦ,

141 2534 228 2568 XIV
243 2559 252 2577 ,
269 2545 311 2581 p.
335 2531 427 2580 640,
450 2532 493 2577 C,
517 2532 585 2567 ubi
604 2543 733 2567 versus
756 2531 985 2579 Philippidae
1009 2533 1145 2568 comici
1170 2545 1190 2569 e

140 2593 282 2628 (Ἰν-111010
303 2591 516 2627 laudantur.

555 2674 771 2688 ψ

649 2807 684 2839 4.

184 2864 338 2895 Seleucus
353 2864 384 2894 in
401 2862 542 2894 secundo
560 2863 606 2894 De
625 2862 699 2893 vitis
712 2869 818 2893 errare
840 2860 919 2894 dicit
941 2861 1103 2892 Cratetem
1115 2883 1124 2896 .
1138 2860 1194 2900 qui

143 2916 174 2947 in
192 2915 272 2947 libro
289 2917 334 2947 De
349 2915 510 2946 sacrificiis
529 2913 716 2946 Homeridas
729 2914 872 2954 posteros
886 2915 989 2953 poeloe
999 2920 1066 2944 esse
1079 2911 1175 2944 dicat.

647 2976 682 3008 5.

187 3040 291 3079 Atque
302 3046 365 3069 non
379 3037 475 3068 modo
487 3045 578 3068 sacra
591 3036 760 3076 abstemia,
775 3036 830 3068 sed
843 3036 940 3068 etiam
950 3035 1034 3076 ligna
1044 3033 1194 3075 quaedam

145 3090 297 3122 abstemia
307 3113 316 3128 ‚
339 3089 456 3129 quibus
474 3089 525 3119 illa
540 3088 743 3128 cremabant,
756 3087 928 3120 habebant.
945 3089 985 3119 Et
998 3088 1108 3118 Crates
1121 3085 1193 3126 qui-

145 3143 217 3175 110111
234 3142 431 3175 Atheniensis
445 3142 559 3181 praeter
579 3141 676 3172 vitem
694 3141 800 3172 omnia
814 3141 898 3181 ligna
919 3139 1024 3172 vocari
1039 3138 1194 3171 abstemia

145 3197 202 3235 ait,
225 3195 432 3228 Philochorus
449 3203 525 3225 vero
536 3193 716 3225 accuratius
726 3193 803 3225 dicit
821 3195 882 3225 etc.

519 3285 811 3324 BOEOTIACA.

652 3379 685 3409 G.

193 3459 387 3494 Permessus,
407 3455 460 3495 qui
478 3456 608 3486 vocatur
622 3454 661 3485 ab
677 3453 829 3494 indigenis
842 3452 928 3493 quod
943 3453 1080 3493 primum
1098 3459 1193 3493 appa·

905 253 1152 293 CRATETIS
1179 252 1521 293 ATHENIENSIS
1537 282 1547 303 ‚

1620 373 1918 416 ΒΟῙΩΤΙΑΚΑ.

1753 459 1790 497 6.

1301 535 1428 571 schol.
1450 532 2116 584 Ηεείοό.Τ110ος.5;Περμησὸς,ὃν
2131 536 2296 574 καλοῦσιν

1249 593 1278 629 οἳ
1308 591 1471 643 ἐγχώριοι
1499 589 1556 627 διὰ
1585 588 1624 627 τὸ
1657 591 1797 642 πρῶτον
1822 604 1974 642 φανηναι
2005 590 2224 644 Πάρμησον,
2243 593 2298 651 ὥς

1248 665 1334 702 φησι
1356 648 1529 701 Κράτης’
1514 664 1549 686 εν
1565 653 1634 691 τοῖς
1651 650 1890 691 Βοιωτιακοῖς.
1908 647 2105 700 ’Epetium
2119 651 2155 689 δὲ
2171 654 2218 696 εἷς
2233 652 2297 700 τὴν

1249 705 1426 747 Κωπαΐδα
1445 706 1592 758 λίμνην,
1612 705 1675 750 τὰς
1698 705 1735 744 δὲ
1759 705 1910 757 πηγὰς”
1891 722 1967 759 εχει
1987 708 2022 746 ἐν
2045 710 2088 760 τῇ
2109 709 2298 762 Θεσπιακῇ

1247 766 1362 819 χώρᾳ·

1756 843 1791 877 7.

1302 908 1428 955 Etym.
1450 908 1505 945 M.
1523 919 1564 956 p.
1589 904 1682 951 145,
1705 905 1754 942 53
1787 919 1795 942 :
1825 902 1956 958 Ἄρνη,
1973 905 2074 951 πόλις
2101 907 2271 952 Βοιωτίας
2287 923 2295 932 ·

1249 964 1322 1003 ἔστι
1339 963 1374 1002 δὲ
1393 964 1454 1002 καὶ
1482 962 1684 1007 Θεσσαλίας
1696 978 1704 987 ·
1726 963 1795 1002 ἀπὸ
1812 961 1938 1017 Ἄρνης
1956 967 2017 1012 τῆς
2043 966 2171 1005 Αἰόλου
2185 981 2194 990 ·
2215 969 2234 1006 ὁ
2260 967 2297 1006 δὲ

1251 1022 1393 1076 Κράτης
1421 1022 1506 1074 φησὶ
1536 1022 1634 1074 παρὰ
1661 1022 1702 1060 τὸ
1728 1021 1850 1075 ἄρνας·
1875 1023 2054 1071 ἐπιτηδεία
2083 1024 2152 1078 γὰρ
2182 1026 2230 1070 εἷς
2258 1025 2298 1064 τὸ

1250 1081 1354 1134 ἄρνας
1367 1080 1502 1133 τρέφειν
1517 1082 1538 1127 ἡ
1557 1080 1667 1124 πόλις.
1684 1081 1754 1120 Καὶ
1768 1082 1831 1119 οὐκ
1847 1081 2006 1126 ἀπεικός·
2021 1084 2068 1126 ὡς
2081 1082 2149 1136 γὰρ
2165 1085 2183 1121 ὁ
2198 1083 2300 1128 αὐτός

1249 1155 1352 1194 φησι,
1372 1139 1431 1178 καὶ
1450 1138 1513 1186 τὴν
1537 1141 1618 1178 Κῶν
1643 1137 1706 1187 τὴν
1726 1140 1926 1188 ἐπιτηδείαν
1954 1139 2039 1194 πρὸς
2063 1140 2107 1180 τὰ
2135 1141 2298 1195 πρόὸατα

1248 1197 1327 1244 τοὺς
1358 1201 1573 1242 ἐνοικοῦντας
1604 1200 1728 1251 Κᾶρας
1757 1198 1864 1243 οὕτως
1896 1201 2078 1250 ὀνομάζειν
2112 1203 2156 1254 τῇ
2188 1200 2299 1255 οἰκείᾳ

1251 1261 1364 1311 φωνῇ.
1385 1259 1466 1297 Κῶν
1486 1256 1552 1310 γὰρ
1568 1256 1608 1295 τὸ
1625 1256 1800 1310 πρόὸατον
1816 1257 2020 1308 ὠνόμασαν.
2039 1257 2146 1299 Οὕτω
2161 1258 2223 1298 καὶ
2235 1260 2299 1307 τὴν

1250 1317 1374 1369 ἄρνην·
1405 1316 1466 1354 καὶ
1492 1315 1560 1368 γὰρ
1591 1315 1679 1362 αὕτη
1710 1314 1864 1368 εὔαρνος.
1897 1318 2040 1355 Eadem
2068 1319 2218 1356 Tzelzes
2245 1319 2298 1356 ad

1248 1380 1342 1426 Lyc.
1358 1377 1433 1420 644
1447 1404 1458 1422 ,
1473 1377 1622 1425 ubipro
1638 1374 1782 1426 Κράτης
1796 1376 1911 1414 codd.
1927 1374 2078 1427 Κράτων
2093 1384 2131 1414 et
2144 1377 2298 1428 Κρίτων.

1302 1438 1429 1474 Crates
1447 1437 1531 1481 hic,
1560 1436 1712 1484 opinor,
1742 1448 1822 1471 non
1846 1436 2016 1472 diversus
2035 1443 2090 1479 est
2115 1449 2135 1472 a
2162 1438 2299 1486 Perga-

1246 1509 1360 1531 meno
1377 1495 1642 1544 grammatico,
1661 1493 1810 1530 Cratete
1828 1495 1984 1530 Mallote
1996 1522 2007 1540 ,
2030 1495 2098 1543 qui
2112 1496 2246 1544 saepius
2259 1497 2300 1532 in

1249 1555 1388 1592 Scholl.
1403 1554 1453 1590 ad
1466 1554 1675 1590 Hesiodum
1687 1554 1878 1589 laudatur.
1899 1555 1989 1590 Eum
2002 1566 2093 1590 vero
2106 1555 2300 1602 peculiare

1249 1626 1345 1662 opus
1364 1613 1412 1649 de
1430 1613 1543 1649 rebus
1559 1614 1781 1648 Boeotorum
1795 1612 2010 1648 condidisse
2027 1612 2102 1648 hoc
2115 1625 2194 1649 uno
2209 1614 2298 1650 loco

1247 1671 1335 1708 fisus
1362 1672 1468 1708 haud
1498 1670 1778 1715 contenderim;
1805 1671 1922 1706 immo
1944 1683 2042 1707 voce
2070 1671 2297 1708 Βοιωτιακῶν

1247 1731 1342 1766 nihil
1368 1731 1440 1766 nisi
1469 1730 1831 1766 commentariorum
1866 1730 1906 1764 in
1949 1730 2161 1766 Hesiodum
2190 1731 2298 1768 locus

1248 1789 1412 1825 indicari
1431 1789 1524 1824 mihi
1544 1788 1711 1825 videtur.
1735 1789 1980 1837 Quantopere
1997 1789 2099 1824 enim
2117 1789 2157 1824 in
2170 1789 2228 1825 his
2250 1790 2300 1827 ad

1251 1848 1517 1897 Geographica
1555 1847 1685 1883 Crates
1715 1846 1938 1891 attenderit,
1971 1859 2090 1895 quum
2118 1860 2162 1884 ex
2195 1850 2300 1884 omni

1250 1907 1428 1943 Crateteae
1459 1906 1668 1954 disciplinae
1695 1906 1846 1941 ratione
1874 1911 2003 1954 patet,
2031 1913 2113 1942 tum
2143 1918 2191 1943 ex
2218 1918 2298 1943 uno

1251 1966 1439 2002 Strabone
1466 1964 1659 2014 colligitur
1692 1962 1750 2013 (v.
1772 1963 1910 2000 strabo
1941 1976 1983 2012 p.
2011 1964 2048 2000 3.
2079 1967 2116 2007 4.
2146 1964 2209 2001 30.
2232 1965 2297 2004 31.

1253 2024 1316 2061 38.
1354 2023 1442 2061 103.
1478 2021 1566 2069 157.
1599 2021 1691 2071 439.
1725 2022 1818 2070 609.
1853 2021 1943 2068 676.
1978 2035 2051 2069 702
2066 2019 2088 2073 ).
2122 2023 2301 2060 Similiter

1250 2083 1464 2119 Eustathius
1481 2082 1530 2118 ad
1543 2082 1675 2130 Odyss.
1693 2082 1850 2126 IX,·22‚
1866 2094 1906 2130 p.
1928 2080 2028 2118 1613
2041 2109 2051 2126 ,
2077 2082 2136 2128 13,
2157 2082 2301 2120 Crateti

1253 2154 1349 2190 opus
1376 2139 1482 2192 Περὶ
1503 2139 1686 2190 λιμένων
1707 2139 1854 2189 affingit
1877 2153 1884 2175 z
1904 2138 2078 2191 Νήριτον]
2101 2139 2243 2190 Κράτης
2263 2139 2300 2177 δὲ

1254 2200 1288 2236 ἐν
1311 2201 1361 2251 τῷ
1390 2198 1480 2250 Περὶ
1500 2198 1652 2248 λιμένων
1680 2198 1791 2245 Νήῖον
1811 2196 1952 2250 γράφει,
1980 2197 2039 2236 καὶ
2059 2197 2245 2243 Φιλόξενος
2264 2197 2300 2236 δὲ

1250 2257 1389 2307 ὁμοίως.
1403 2260 1481 2296 Ubi
1501 2260 1619 2295 schol.
1637 2272 1645 2294 ε
1666 2256 1712 2296 Ὁ
1728 2256 1914 2300 Φιλόξενος
1927 2256 2037 2302 Νήϊον
2057 2256 2142 2295 αὐτό
2165 2272 2299 2310 φησι...

1252 2316 1352 2360 Τινὲς
1373 2316 1408 2355 δὲ
1426 2316 1538 2363 Νήϊον
1550 2347 1560 2364 ‚
1577 2315 1694 2368 ὥσπερ
1709 2318 1726 2354 ὃ
1749 2315 1906 2367 Κράτης,
1921 2316 1979 2353 τὸν
1996 2315 2074 2367 περὶ
2091 2315 2148 2353 τὸν
2174 2314 2300 2366 λιμένα

1253 2375 1371 2415 τόπον.
1399 2379 1531 2425 Neque
1556 2377 1662 2413 aliud
1681 2376 1880 2424 quidpiam
1903 2376 2052 2421 inveni,
2078 2375 2180 2411 unde
2203 2387 2300 2424 opus

1251 2435 1479 2471 historicum
1490 2436 1550 2471 vel
1564 2435 1864 2484 geographicum
1876 2445 1898 2469 a
1909 2433 2058 2472 Cratete
2069 2435 2300 2482 Pergameno

1251 2495 1328 2530 sive
1356 2495 1512 2530 Mallote
1534 2494 1653 2543 (quos
1680 2494 1832 2531 Vossius
1846 2505 2048 2542 perperam
2079 2491 2296 2542 distinguit)

1247 2553 1335 2600 jure
1352 2554 1481 2601 colligi
1499 2554 1632 2602 possit.

1670 2657 1886 2673 ...Φον-

1255 2803 1354 2834 ruerit
1382 2805 1583 2842 Parmessus‚
1605 2805 1642 2834 ut
1662 2804 1775 2834 crates
1799 2803 1832 2834 in
1845 2802 1994 2835 Boeoticis
2014 2801 2110 2841 dicit,
2136 2801 2169 2833 in
2189 2801 2301 2842 copai·

1254 2853 1327 2885 dem
1353 2854 1460 2886 locum
1485 2853 1610 2894 influit,
1627 2854 1730 2886 sontes
1751 2862 1827 2885 vero
1854 2854 1886 2885 in
1911 2852 2152 2894 Tllespiensium
2175 2852 2304 2892 regione

1251 2905 1363 2938 habet.

1758 2961 1779 2992 7
1786 2983 1793 2991 .

1294 3018 1377 3047 Arne
1389 3037 1398 3053 ,
1419 3014 1494 3046 urbs
1507 3014 1649 3046 Boeotiae.
1679 3014 1735 3046 Est
1752 3013 1849 3045 etiam
1866 3015 1950 3046 Arne
1965 3012 2148 3045 Thessaliae.
2176 3015 2301 3046 Nomen

1253 3066 1348 3098 habet
1361 3066 1402 3098 ab
1417 3069 1500 3098 Arne
1512 3066 1593 3098 AEoli
1613 3066 1677 3097 lilia
1688 3090 1696 3106 ‚
1724 3066 1773 3097 vel
1785 3089 1794 3104 ,
1824 3065 1870 3096 uli
1885 3066 1997 3097 Crates
2011 3064 2106 3103 dicit,
2122 3063 2163 3098 ab
2187 3064 2303 3097 ovibus

1256 3118 1359 3160 (παρὰ
1386 3118 1422 3149 τὸ
1444 3117 1566 3158 ἄρνας),
1591 3117 1678 3157 quod
1707 3117 1821 3148 idonea
1845 3115 1884 3148 ad
1901 3125 1978 3148 oves
2004 3115 2134 3148 alendas
2158 3115 2235 3148 urbs
2249 3117 2302 3149 sit.

1254 3172 1363 3210 Neque
1384 3168 1415 3200 id
1437 3168 1502 3200 veri
1527 3168 1691 3200 dissimile.
1709 3170 1810 3208 Nam,
1828 3169 1864 3199 ut
1890 3167 1974 3199 idem
1989 3169 2100 3199 Grates
2118 3167 2214 3208 dicit,
2231 3169 2301 3200 Con
2325 3184 2328 3187 -

1253 3229 1399 3262 quoque,
1417 3219 1503 3260 quod
1524 3220 1639 3251 ovibus
1662 3219 1784 3251 alendis
1798 3221 1873 3260 apta
1893 3221 1992 3258 esset,
2007 3221 2105 3251 Cares
2118 3218 2232 3251 incolae
2243 3228 2302 3252 sua

1254 3274 1361 3314 lingua
1379 3272 1426 3304 sic
1442 3271 1656 3303 nominarunt.
1674 3270 1800 3303 Scilicet
1815 3279 1908 3302 ovem
1926 3272 2024 3302 Cares
2040 3269 2100 3301 σόη
2123 3269 2299 3311 appellant.

1254 3324 1373 3357 Eodem
1389 3324 1484 3365 igitur
1503 3322 1598 3355 modo
1614 3325 1717 3355 Arnen
1744 3323 1919 3361 vocarunt,
1937 3330 2010 3361 quoe
2033 3321 2109 3353 item
2125 3323 2173 3354 est
2188 3321 2302 3354 ovibus

1253 3376 1351 3408 dives.
