<?xml version="1.0" encoding="UTF-8"?>
<!DOCTYPE html PUBLIC "-//W3C//DTD XHTML 1.0 Transitional//EN"
    "http://www.w3.org/TR/xhtml1/DTD/xhtml1-transitional.dtd">
<html xmlns="http://www.w3.org/1999/xhtml" xml:lang="en" lang="en">
 <head>
  <title>
</title>
<meta http-equiv="Content-Type" content="text/html;charset=utf-8" />
  <meta name='ocr-system' content='tesseract 3.04.00' />
  <meta name='ocr-capabilities' content='ocr_page ocr_carea ocr_par ocr_line ocrx_word'/>
</head>
<body>
  <div class='ocr_page' id='page_1' title='image "./fragmentahistori04mueluoft_0527.png"; bbox 0 0 2372 3704; ppageno 0'>
   <div class='ocr_carea' id='block_1_1' title="bbox 153 192 2231 388">
    <p class='ocr_par' dir='ltr' id='par_1_1' title="bbox 153 192 2231 388">
     <span class='ocr_line' id='line_1_1' title="bbox 490 192 2227 266; baseline 0 -11"><span class='ocrx_word' id='word_1_1' title='bbox 490 215 752 256; x_wconf 84' lang='lat' dir='ltr'>THEOLYTI</span> <span class='ocrx_word' id='word_1_2' title='bbox 781 215 1134 266; x_wconf 83' lang='lat' dir='ltr'><strong>METHYMNAEI,</strong></span> <span class='ocrx_word' id='word_1_3' title='bbox 1165 192 1448 255; x_wconf 76' lang='lat' dir='ltr'>THEOPHILI</span> <span class='ocrx_word' id='word_1_4' title='bbox 1476 214 1815 256; x_wconf 80' lang='lat' dir='ltr'><strong>FRAGMENTA.</strong></span> <span class='ocrx_word' id='word_1_5' title='bbox 2151 220 2227 255; x_wconf 79' lang='lat'><strong>51⁵</strong></span> 
     </span>
     <span class='ocr_line' id='line_1_2' title="bbox 153 303 2231 388; baseline 0 -49"><span class='ocrx_word' id='word_1_6' title='bbox 153 324 594 384; x_wconf 77' lang='lat' dir='ltr'><strong>THEOLYTUS</strong></span> <span class='ocrx_word' id='word_1_7' title='bbox 659 323 678 388; x_wconf 59' lang='grc' dir='ltr'>ζ</span> <span class='ocrx_word' id='word_1_8' title='bbox 702 325 1052 384; x_wconf 66' lang='lat' dir='ltr'>METHYM-</span> <span class='ocrx_word' id='word_1_9' title='bbox 1185 303 1257 338; x_wconf 90' lang='lat' dir='ltr'><strong>tius</strong></span> <span class='ocrx_word' id='word_1_10' title='bbox 1287 305 1407 352; x_wconf 86' lang='lat' dir='ltr'><strong>Myth.</strong></span> <span class='ocrx_word' id='word_1_11' title='bbox 1426 304 1445 341; x_wconf 95' lang='lat' dir='ltr'>I</span> <span class='ocrx_word' id='word_1_12' title='bbox 1462 332 1473 350; x_wconf 95' lang='lat'><strong>,</strong></span> <span class='ocrx_word' id='word_1_13' title='bbox 1502 304 1571 350; x_wconf 79' lang='lat'><strong>263</strong></span> <span class='ocrx_word' id='word_1_14' title='bbox 1592 317 1669 352; x_wconf 91' lang='lat' dir='ltr'><strong>quo</strong></span> <span class='ocrx_word' id='word_1_15' title='bbox 1683 305 1772 339; x_wconf 87' lang='lat' dir='ltr'><strong>loco</strong></span> <span class='ocrx_word' id='word_1_16' title='bbox 1791 316 1861 339; x_wconf 90' lang='lat' dir='ltr'><strong>nos</strong></span> <span class='ocrx_word' id='word_1_17' title='bbox 1898 304 2143 340; x_wconf 82' lang='lat' dir='ltr'><strong>Theochresti</strong></span> <span class='ocrx_word' id='word_1_18' title='bbox 2159 316 2231 340; x_wconf 88' lang='lat' dir='ltr'><strong>no-</strong></span> 
     </span>
    </p>
   </div>
   <div class='ocr_carea' id='block_1_2' title="bbox 1185 360 2231 410">
    <p class='ocr_par' dir='ltr' id='par_1_2' title="bbox 1185 360 2231 410">
     <span class='ocr_line' id='line_1_3' title="bbox 1185 360 2231 410; baseline 0.002 -13"><span class='ocrx_word' id='word_1_19' title='bbox 1185 373 1271 397; x_wconf 89' lang='lat' dir='ltr'><strong>men</strong></span> <span class='ocrx_word' id='word_1_20' title='bbox 1298 362 1562 410; x_wconf 88' lang='lat' dir='ltr'><strong>reponendum</strong></span> <span class='ocrx_word' id='word_1_21' title='bbox 1580 374 1657 398; x_wconf 84' lang='lat' dir='ltr'><strong>esse</strong></span> <span class='ocrx_word' id='word_1_22' title='bbox 1691 372 1894 399; x_wconf 81' lang='lat' dir='ltr'>censemus.</span> <span class='ocrx_word' id='word_1_23' title='bbox 1912 360 2007 398; x_wconf 85' lang='lat' dir='ltr'><strong>Vide</strong></span> <span class='ocrx_word' id='word_1_24' title='bbox 2039 370 2133 398; x_wconf 90' lang='lat' dir='ltr'><strong>tom.</strong></span> <span class='ocrx_word' id='word_1_25' title='bbox 2166 363 2231 409; x_wconf 89' lang='lat'><strong>11,</strong></span> 
     </span>
    </p>
   </div>
   <div class='ocr_carea' id='block_1_3' title="bbox 474 402 1308 559">
    <p class='ocr_par' dir='ltr' id='par_1_3' title="bbox 474 402 1308 559">
     <span class='ocr_line' id='line_1_4' title="bbox 474 402 1308 470; baseline -0.012 -6"><span class='ocrx_word' id='word_1_26' title='bbox 474 402 730 470; x_wconf 83' lang='lat' dir='ltr'><strong>NAEUS).</strong></span> <span class='ocrx_word' id='word_1_27' title='bbox 1185 433 1225 468; x_wconf 85' lang='lat' dir='ltr'><strong>p.</strong></span> <span class='ocrx_word' id='word_1_28' title='bbox 1247 419 1308 456; x_wconf 86' lang='lat'><strong>86.</strong></span> 
     </span>
     <span class='ocr_line' id='line_1_5' title="bbox 529 521 667 559; baseline -0.007 0"><span class='ocrx_word' id='word_1_29' title='bbox 529 521 667 559; x_wconf 79' lang='grc' dir='ltr'>ΩΡοι.</span> 
     </span>
    </p>
   </div>
   <div class='ocr_carea' id='block_1_4' title="bbox 363 605 1953 662">
    <p class='ocr_par' dir='ltr' id='par_1_4' title="bbox 363 605 1953 662">
     <span class='ocr_line' id='line_1_6' title="bbox 363 605 1953 662; baseline -0.001 -2"><span class='ocrx_word' id='word_1_30' title='bbox 363 623 394 660; x_wconf 83' lang='grc' dir='ltr'><strong>Ε</strong></span> <span class='ocrx_word' id='word_1_31' title='bbox 421 622 572 659; x_wconf 66' lang='lat' dir='ltr'><strong>Lumo</strong></span> <span class='ocrx_word' id='word_1_32' title='bbox 601 621 840 660; x_wconf 84' lang='lat' dir='ltr'><strong>SECUNDO.</strong></span> <span class='ocrx_word' id='word_1_33' title='bbox 1473 607 1518 661; x_wconf 84' lang='lat' dir='ltr'><strong>T</strong></span> <span class='ocrx_word' id='word_1_34' title='bbox 1523 605 1953 662; x_wconf 86' lang='lat' dir='ltr'><strong>HEOPHILUS.</strong></span> 
     </span>
    </p>
   </div>
   <div class='ocr_carea' id='block_1_5' title="bbox 81 711 2240 887">
    <p class='ocr_par' dir='ltr' id='par_1_5' title="bbox 81 711 2240 887">
     <span class='ocr_line' id='line_1_7' title="bbox 134 711 2240 769; baseline -0.004 -5"><span class='ocrx_word' id='word_1_35' title='bbox 134 716 405 754; x_wconf 67' lang='lat' dir='ltr'><strong>AthenaeUSXI</strong></span> <span class='ocrx_word' id='word_1_36' title='bbox 417 744 428 763; x_wconf 56' lang='grc' dir='ltr'>ν</span> <span class='ocrx_word' id='word_1_37' title='bbox 447 728 487 766; x_wconf 85' lang='grc' dir='ltr'><strong>Ρ·</strong></span> <span class='ocrx_word' id='word_1_38' title='bbox 506 719 597 762; x_wconf 78' lang='lat'><strong>470,</strong></span> <span class='ocrx_word' id='word_1_39' title='bbox 618 714 673 753; x_wconf 88' lang='lat' dir='ltr'><strong>B:</strong></span> <span class='ocrx_word' id='word_1_40' title='bbox 697 713 870 757; x_wconf 70' lang='grc' dir='ltr'>Θεόλυτος</span> <span class='ocrx_word' id='word_1_41' title='bbox 884 713 913 751; x_wconf 77' lang='grc' dir='ltr'><strong>δ’</strong></span> <span class='ocrx_word' id='word_1_42' title='bbox 930 714 964 751; x_wconf 75' lang='grc' dir='ltr'><strong>ἓν</strong></span> <span class='ocrx_word' id='word_1_43' title='bbox 981 711 1128 765; x_wconf 71' lang='grc' dir='ltr'>δευτέρῳ</span> <span class='ocrx_word' id='word_1_44' title='bbox 1242 721 1472 769; x_wconf 90' lang='lat' dir='ltr'>Theophilus</span> <span class='ocrx_word' id='word_1_45' title='bbox 1485 733 1506 756; x_wconf 86' lang='lat' dir='ltr'><strong>a</strong></span> <span class='ocrx_word' id='word_1_46' title='bbox 1533 721 1653 758; x_wconf 87' lang='lat' dir='ltr'><strong>schol.</strong></span> <span class='ocrx_word' id='word_1_47' title='bbox 1669 719 1850 756; x_wconf 80' lang='lat' dir='ltr'>Nicandri</span> <span class='ocrx_word' id='word_1_48' title='bbox 1869 718 1926 766; x_wconf 88' lang='lat' dir='ltr'><strong>(v.</strong></span> <span class='ocrx_word' id='word_1_49' title='bbox 1948 719 1994 754; x_wconf 87' lang='lat' dir='ltr'><strong>fr.</strong></span> <span class='ocrx_word' id='word_1_50' title='bbox 2015 718 2059 767; x_wconf 81' lang='lat'><strong>5)</strong></span> <span class='ocrx_word' id='word_1_51' title='bbox 2082 726 2240 755; x_wconf 82' lang='lat' dir='ltr'><strong>vocatur</strong></span> 
     </span>
     <span class='ocr_line' id='line_1_8' title="bbox 81 771 2237 828; baseline -0.004 -6"><span class='ocrx_word' id='word_1_52' title='bbox 81 772 207 828; x_wconf 64' lang='grc' dir='ltr'><strong>εὬρων</strong></span> <span class='ocrx_word' id='word_1_53' title='bbox 225 773 282 813; x_wconf 61' lang='grc' dir='ltr'><strong>ἐπὶ</strong></span> <span class='ocrx_word' id='word_1_54' title='bbox 299 773 447 820; x_wconf 60' lang='lat' dir='ltr'><strong>&gt;xe&#39;5²¹1&#39;150&#39;&lt;</strong></span> <span class='ocrx_word' id='word_1_55' title='bbox 464 788 567 826; x_wconf 73' lang='grc' dir='ltr'>φησῑν</span> <span class='ocrx_word' id='word_1_56' title='bbox 580 771 704 824; x_wconf 45' lang='grc' dir='ltr'><strong>αὖὼν(</strong></span> <span class='ocrx_word' id='word_1_57' title='bbox 720 773 942 823; x_wconf 68' lang='grc' dir='ltr'><strong>ΗΘΥΟΠῙΘΠῙ)</strong></span> <span class='ocrx_word' id='word_1_58' title='bbox 963 772 1129 810; x_wconf 73' lang='grc' dir='ltr'>δῑαπλεῧ-</span> <span class='ocrx_word' id='word_1_59' title='bbox 1189 780 1427 815; x_wconf 74' lang='lat' dir='ltr'><strong>Zenocloteus.</strong></span> <span class='ocrx_word' id='word_1_60' title='bbox 1459 780 1602 814; x_wconf 87' lang='lat' dir='ltr'><strong>Vixisse</strong></span> <span class='ocrx_word' id='word_1_61' title='bbox 1633 779 1748 827; x_wconf 84' lang='lat' dir='ltr'><strong>igitur</strong></span> <span class='ocrx_word' id='word_1_62' title='bbox 1779 778 1930 813; x_wconf 87' lang='lat' dir='ltr'><strong>videtur</strong></span> <span class='ocrx_word' id='word_1_63' title='bbox 1949 778 2018 813; x_wconf 90' lang='lat' dir='ltr'><strong>sub</strong></span> <span class='ocrx_word' id='word_1_64' title='bbox 2036 778 2237 814; x_wconf 81' lang='lat' dir='ltr'><strong>Ptolemaeo</strong></span> 
     </span>
     <span class='ocr_line' id='line_1_9' title="bbox 84 829 2240 887; baseline -0.003 -17"><span class='ocrx_word' id='word_1_65' title='bbox 84 847 168 882; x_wconf 81' lang='grc' dir='ltr'>σαι,</span> <span class='ocrx_word' id='word_1_66' title='bbox 196 835 297 870; x_wconf 78' lang='grc' dir='ltr'>τοῦτο</span> <span class='ocrx_word' id='word_1_67' title='bbox 325 830 464 883; x_wconf 85' lang='grc' dir='ltr'>πρώτου</span> <span class='ocrx_word' id='word_1_68' title='bbox 493 830 646 874; x_wconf 83' lang='grc' dir='ltr'>εἰπόντος</span> <span class='ocrx_word' id='word_1_69' title='bbox 680 833 740 868; x_wconf 78' lang='grc' dir='ltr'><strong>τοῦ</strong></span> <span class='ocrx_word' id='word_1_70' title='bbox 766 829 829 876; x_wconf 89' lang='grc' dir='ltr'><strong>τὴν</strong></span> <span class='ocrx_word' id='word_1_71' title='bbox 861 830 1129 882; x_wconf 84' lang='grc' dir='ltr'>Τιτανομαχίαν</span> <span class='ocrx_word' id='word_1_72' title='bbox 1191 840 1390 887; x_wconf 70' lang='lat' dir='ltr'><strong>Euergete,</strong></span> <span class='ocrx_word' id='word_1_73' title='bbox 1409 838 1583 874; x_wconf 67' lang='lat' dir='ltr'><strong>Ceterum</strong></span> <span class='ocrx_word' id='word_1_74' title='bbox 1597 849 1767 885; x_wconf 66' lang='lat' dir='ltr'><strong>quaenam</strong></span> <span class='ocrx_word' id='word_1_75' title='bbox 1783 837 1922 884; x_wconf 73' lang='lat' dir='ltr'><strong>scripta</strong></span> <span class='ocrx_word' id='word_1_76' title='bbox 1938 836 1986 871; x_wconf 75' lang='lat' dir='ltr'><strong>ad</strong></span> <span class='ocrx_word' id='word_1_77' title='bbox 1999 836 2114 880; x_wconf 69' lang='lat' dir='ltr'><strong>hunc,</strong></span> <span class='ocrx_word' id='word_1_78' title='bbox 2141 848 2240 883; x_wconf 75' lang='lat' dir='ltr'><strong>quae-</strong></span> 
     </span>
    </p>
   </div>
   <div class='ocr_carea' id='block_1_6' title="bbox 83 888 2240 1004">
    <p class='ocr_par' dir='ltr' id='par_1_6' title="bbox 83 888 2240 1004">
     <span class='ocr_line' id='line_1_10' title="bbox 83 888 2240 945; baseline -0.004 -8"><span class='ocrx_word' id='word_1_79' title='bbox 83 889 306 937; x_wconf 69' lang='grc' dir='ltr'>πῠῑῆσαντος·</span> <span class='ocrx_word' id='word_1_80' title='bbox 326 888 529 942; x_wconf 69' lang='grc' dir='ltr'>Φερεκύδης</span> <span class='ocrx_word' id='word_1_81' title='bbox 543 891 612 937; x_wconf 61' lang='grc' dir='ltr'><strong>(θ’-</strong></span> <span class='ocrx_word' id='word_1_82' title='bbox 631 890 678 927; x_wconf 80' lang='lat'><strong>33</strong></span> <span class='ocrx_word' id='word_1_83' title='bbox 695 891 736 935; x_wconf 85' lang='lat' dir='ltr'><strong>h,</strong></span> <span class='ocrx_word' id='word_1_84' title='bbox 755 891 889 935; x_wconf 84' lang='lat' dir='ltr'><strong>tom-I,</strong></span> <span class='ocrx_word' id='word_1_85' title='bbox 911 904 950 939; x_wconf 93' lang='grc' dir='ltr'><strong>Ρ.</strong></span> <span class='ocrx_word' id='word_1_86' title='bbox 970 890 1036 940; x_wconf 89' lang='grc'><strong>80)</strong></span> <span class='ocrx_word' id='word_1_87' title='bbox 1053 889 1129 926; x_wconf 79' lang='grc' dir='ltr'>κτλ·</span> <span class='ocrx_word' id='word_1_88' title='bbox 1191 909 1280 932; x_wconf 83' lang='lat' dir='ltr'><strong>nam</strong></span> <span class='ocrx_word' id='word_1_89' title='bbox 1305 896 1355 932; x_wconf 87' lang='lat' dir='ltr'><strong>ad</strong></span> <span class='ocrx_word' id='word_1_90' title='bbox 1383 897 1476 932; x_wconf 87' lang='lat' dir='ltr'><strong>alios</strong></span> <span class='ocrx_word' id='word_1_91' title='bbox 1503 896 1735 945; x_wconf 87' lang='lat' dir='ltr'><strong>Theophilos</strong></span> <span class='ocrx_word' id='word_1_92' title='bbox 1762 896 2000 944; x_wconf 87' lang='lat' dir='ltr'><strong>pertineant,</strong></span> <span class='ocrx_word' id='word_1_93' title='bbox 2033 906 2171 943; x_wconf 88' lang='lat' dir='ltr'><strong>parum</strong></span> <span class='ocrx_word' id='word_1_94' title='bbox 2190 894 2240 929; x_wconf 91' lang='lat' dir='ltr'><strong>li-</strong></span> 
     </span>
     <span class='ocr_line' id='line_1_11' title="bbox 138 945 1298 1004; baseline -0.001 -17"><span class='ocrx_word' id='word_1_95' title='bbox 138 948 313 992; x_wconf 80' lang='grc' dir='ltr'>Θεόλυτος</span> <span class='ocrx_word' id='word_1_96' title='bbox 331 949 444 986; x_wconf 87' lang='lat' dir='ltr'><strong>codd.</strong></span> <span class='ocrx_word' id='word_1_97' title='bbox 477 951 524 986; x_wconf 88' lang='lat' dir='ltr'><strong>A.</strong></span> <span class='ocrx_word' id='word_1_98' title='bbox 549 950 660 994; x_wconf 91' lang='lat' dir='ltr'><strong>B.P;</strong></span> <span class='ocrx_word' id='word_1_99' title='bbox 683 945 881 990; x_wconf 89' lang='grc' dir='ltr'>Θεόκλυτος</span> <span class='ocrx_word' id='word_1_100' title='bbox 913 950 955 985; x_wconf 86' lang='lat' dir='ltr'><strong>V.</strong></span> <span class='ocrx_word' id='word_1_101' title='bbox 987 950 1033 985; x_wconf 91' lang='lat' dir='ltr'><strong>L.</strong></span> <span class='ocrx_word' id='word_1_102' title='bbox 1065 961 1127 998; x_wconf 86' lang='lat' dir='ltr'><strong>ap.</strong></span> <span class='ocrx_word' id='word_1_103' title='bbox 1196 962 1298 1004; x_wconf 78' lang='lat' dir='ltr'><strong>quet.</strong></span> 
     </span>
    </p>
   </div>
   <div class='ocr_carea' id='block_1_7' title="bbox 51 1006 2252 2695">
    <p class='ocr_par' dir='ltr' id='par_1_7' title="bbox 51 1006 2252 2695">
     <span class='ocr_line' id='line_1_12' title="bbox 83 1006 1832 1056; baseline -0.003 -11"><span class='ocrx_word' id='word_1_104' title='bbox 83 1008 216 1046; x_wconf 89' lang='lat' dir='ltr'><strong>Dindf.</strong></span> <span class='ocrx_word' id='word_1_105' title='bbox 229 1008 287 1045; x_wconf 87' lang='lat' dir='ltr'><strong>De</strong></span> <span class='ocrx_word' id='word_1_106' title='bbox 306 1020 348 1044; x_wconf 89' lang='lat' dir='ltr'><strong>re</strong></span> <span class='ocrx_word' id='word_1_107' title='bbox 362 1007 409 1046; x_wconf 88' lang='lat' dir='ltr'><strong>cf.</strong></span> <span class='ocrx_word' id='word_1_108' title='bbox 431 1008 583 1044; x_wconf 84' lang='lat' dir='ltr'><strong>Miiller.</strong></span> <span class='ocrx_word' id='word_1_109' title='bbox 599 1009 687 1045; x_wconf 86' lang='lat' dir='ltr'><strong>Dor.</strong></span> <span class='ocrx_word' id='word_1_110' title='bbox 707 1008 741 1052; x_wconf 85' lang='grc' dir='ltr'><strong>Ι,</strong></span> <span class='ocrx_word' id='word_1_111' title='bbox 759 1020 797 1055; x_wconf 91' lang='lat' dir='ltr'><strong>p.</strong></span> <span class='ocrx_word' id='word_1_112' title='bbox 817 1006 904 1050; x_wconf 78' lang='lat'><strong>426.</strong></span> <span class='ocrx_word' id='word_1_113' title='bbox 1601 1017 1832 1056; x_wconf 52' lang='lat' dir='ltr'><strong>ITAAIKA·</strong></span> 
     </span>
     <span class='ocr_line' id='line_1_13' title="bbox 137 1063 1132 1115; baseline -0.004 -13"><span class='ocrx_word' id='word_1_114' title='bbox 137 1066 321 1115; x_wconf 89' lang='lat' dir='ltr'><strong>Apollon.</strong></span> <span class='ocrx_word' id='word_1_115' title='bbox 359 1065 489 1104; x_wconf 86' lang='lat' dir='ltr'><strong>Rhod.</strong></span> <span class='ocrx_word' id='word_1_116' title='bbox 524 1067 557 1110; x_wconf 86' lang='grc' dir='ltr'><strong>Ι,</strong></span> <span class='ocrx_word' id='word_1_117' title='bbox 586 1065 661 1100; x_wconf 91' lang='grc'><strong>622</strong></span> <span class='ocrx_word' id='word_1_118' title='bbox 681 1077 738 1112; x_wconf 89' lang='lat' dir='ltr'><strong>sq.</strong></span> <span class='ocrx_word' id='word_1_119' title='bbox 766 1071 897 1099; x_wconf 82' lang='lat' dir='ltr'><strong>narrat</strong></span> <span class='ocrx_word' id='word_1_120' title='bbox 924 1063 1132 1100; x_wconf 86' lang='lat' dir='ltr'><strong>Thoantem</strong></span> 
     </span>
     <span class='ocr_line' id='line_1_14' title="bbox 85 1111 1935 1174; baseline -0.005 -13"><span class='ocrx_word' id='word_1_121' title='bbox 85 1137 213 1174; x_wconf 84' lang='lat' dir='ltr'><strong>regem</strong></span> <span class='ocrx_word' id='word_1_122' title='bbox 240 1125 506 1169; x_wconf 86' lang='lat' dir='ltr'><strong>Lemniorum,</strong></span> <span class='ocrx_word' id='word_1_123' title='bbox 532 1131 576 1159; x_wconf 86' lang='lat' dir='ltr'><strong>ut</strong></span> <span class='ocrx_word' id='word_1_124' title='bbox 597 1123 734 1159; x_wconf 88' lang='lat' dir='ltr'><strong>caedem</strong></span> <span class='ocrx_word' id='word_1_125' title='bbox 759 1122 966 1170; x_wconf 85' lang='lat' dir='ltr'><strong>effugeret,</strong></span> <span class='ocrx_word' id='word_1_126' title='bbox 985 1122 1032 1157; x_wconf 89' lang='lat' dir='ltr'><strong>ab</strong></span> <span class='ocrx_word' id='word_1_127' title='bbox 1055 1123 1132 1169; x_wconf 81' lang='lat' dir='ltr'><strong>Hy·</strong></span> <span class='ocrx_word' id='word_1_128' title='bbox 1499 1114 1529 1148; x_wconf 81' lang='grc' dir='ltr'>Ε</span> <span class='ocrx_word' id='word_1_129' title='bbox 1558 1112 1710 1149; x_wconf 80' lang='lat' dir='ltr'>LIBRO</span> <span class='ocrx_word' id='word_1_130' title='bbox 1740 1111 1935 1148; x_wconf 83' lang='lat' dir='ltr'>TERTIO·</span> 
     </span>
     <span class='ocr_line' id='line_1_15' title="bbox 84 1183 1132 1232; baseline -0.005 -13"><span class='ocrx_word' id='word_1_131' title='bbox 84 1189 315 1232; x_wconf 83' lang='lat' dir='ltr'><strong>permnestra</strong></span> <span class='ocrx_word' id='word_1_132' title='bbox 332 1183 550 1230; x_wconf 91' lang='lat' dir='ltr'><strong>impositum</strong></span> <span class='ocrx_word' id='word_1_133' title='bbox 568 1194 644 1217; x_wconf 91' lang='lat' dir='ltr'><strong>esse</strong></span> <span class='ocrx_word' id='word_1_134' title='bbox 667 1194 762 1217; x_wconf 83' lang='lat' dir='ltr'><strong>arcae</strong></span> <span class='ocrx_word' id='word_1_135' title='bbox 774 1207 783 1225; x_wconf 95' lang='lat'><strong>,</strong></span> <span class='ocrx_word' id='word_1_136' title='bbox 804 1193 919 1228; x_wconf 82' lang='lat' dir='ltr'><strong>quam</strong></span> <span class='ocrx_word' id='word_1_137' title='bbox 934 1193 1004 1228; x_wconf 91' lang='lat' dir='ltr'><strong>per</strong></span> <span class='ocrx_word' id='word_1_138' title='bbox 1026 1191 1132 1215; x_wconf 88' lang='lat' dir='ltr'><strong>mare</strong></span> 
     </span>
     <span class='ocr_line' id='line_1_16' title="bbox 86 1238 1135 1290; baseline -0.005 -13"><span class='ocrx_word' id='word_1_139' title='bbox 86 1243 293 1290; x_wconf 85' lang='lat' dir='ltr'><strong>piscatores</strong></span> <span class='ocrx_word' id='word_1_140' title='bbox 306 1241 579 1276; x_wconf 83' lang='lat' dir='ltr'><strong>transvexerint</strong></span> <span class='ocrx_word' id='word_1_141' title='bbox 592 1240 632 1274; x_wconf 93' lang='lat' dir='ltr'><strong>in</strong></span> <span class='ocrx_word' id='word_1_142' title='bbox 642 1240 808 1275; x_wconf 89' lang='lat' dir='ltr'><strong>OEneam</strong></span> <span class='ocrx_word' id='word_1_143' title='bbox 821 1250 943 1286; x_wconf 89' lang='lat' dir='ltr'><strong>prope</strong></span> <span class='ocrx_word' id='word_1_144' title='bbox 953 1238 1135 1273; x_wconf 82' lang='lat' dir='ltr'><strong>Euboeam</strong></span> 
     </span>
     <span class='ocr_line' id='line_1_17' title="bbox 86 1295 1135 1347; baseline -0.004 -12"><span class='ocrx_word' id='word_1_145' title='bbox 86 1301 245 1335; x_wconf 85' lang='lat' dir='ltr'><strong>insulam</strong></span> <span class='ocrx_word' id='word_1_146' title='bbox 257 1326 267 1343; x_wconf 96' lang='lat'><strong>,</strong></span> <span class='ocrx_word' id='word_1_147' title='bbox 287 1311 369 1346; x_wconf 83' lang='lat' dir='ltr'><strong>quae</strong></span> <span class='ocrx_word' id='word_1_148' title='bbox 388 1298 635 1347; x_wconf 86' lang='lat' dir='ltr'><strong>postmodum</strong></span> <span class='ocrx_word' id='word_1_149' title='bbox 652 1298 848 1332; x_wconf 87' lang='lat' dir='ltr'><strong>nominata</strong></span> <span class='ocrx_word' id='word_1_150' title='bbox 862 1298 909 1332; x_wconf 86' lang='lat' dir='ltr'><strong>sit</strong></span> <span class='ocrx_word' id='word_1_151' title='bbox 922 1297 1069 1332; x_wconf 89' lang='lat' dir='ltr'><strong>Sicinus</strong></span> <span class='ocrx_word' id='word_1_152' title='bbox 1088 1295 1135 1331; x_wconf 91' lang='lat' dir='ltr'><strong>de</strong></span> 
     </span>
     <span class='ocr_line' id='line_1_18' title="bbox 88 1351 1134 1402; baseline -0.002 -9"><span class='ocrx_word' id='word_1_153' title='bbox 88 1358 214 1394; x_wconf 88' lang='lat' dir='ltr'><strong>Sicino</strong></span> <span class='ocrx_word' id='word_1_154' title='bbox 228 1357 410 1392; x_wconf 82' lang='lat' dir='ltr'><strong>Thoantis</strong></span> <span class='ocrx_word' id='word_1_155' title='bbox 420 1369 467 1392; x_wconf 87' lang='lat' dir='ltr'><strong>ex</strong></span> <span class='ocrx_word' id='word_1_156' title='bbox 478 1356 596 1392; x_wconf 88' lang='lat' dir='ltr'><strong>Naide</strong></span> <span class='ocrx_word' id='word_1_157' title='bbox 610 1355 703 1391; x_wconf 87' lang='lat' dir='ltr'><strong>filio.</strong></span> <span class='ocrx_word' id='word_1_158' title='bbox 717 1355 778 1391; x_wconf 92' lang='lat' dir='ltr'><strong>Ad</strong></span> <span class='ocrx_word' id='word_1_159' title='bbox 786 1351 864 1390; x_wconf 78' lang='lat' dir='ltr'><strong>haec</strong></span> <span class='ocrx_word' id='word_1_160' title='bbox 880 1355 1002 1390; x_wconf 89' lang='lat' dir='ltr'><strong>schol.</strong></span> <span class='ocrx_word' id='word_1_161' title='bbox 1013 1355 1134 1402; x_wconf 83' lang='lat' dir='ltr'><strong>vulg.:</strong></span> 
     </span>
     <span class='ocr_line' id='line_1_19' title="bbox 90 1411 1136 1466; baseline -0.005 -14"><span class='ocrx_word' id='word_1_162' title='bbox 90 1414 225 1466; x_wconf 71' lang='grc' dir='ltr'>Εἴληςρε</span> <span class='ocrx_word' id='word_1_163' title='bbox 238 1414 300 1459; x_wconf 77' lang='grc' dir='ltr'><strong>τὴν</strong></span> <span class='ocrx_word' id='word_1_164' title='bbox 317 1412 470 1465; x_wconf 82' lang='grc' dir='ltr'>ἱστορίαν</span> <span class='ocrx_word' id='word_1_165' title='bbox 491 1412 588 1464; x_wconf 85' lang='grc' dir='ltr'>παρὰ</span> <span class='ocrx_word' id='word_1_166' title='bbox 604 1413 639 1451; x_wconf 88' lang='grc' dir='ltr'>Θ</span> <span class='ocrx_word' id='word_1_167' title='bbox 650 1411 779 1450; x_wconf 89' lang='grc' dir='ltr'>εολύτ</span> <span class='ocrx_word' id='word_1_168' title='bbox 789 1427 806 1450; x_wconf 93' lang='grc' dir='ltr'><strong>ο</strong></span> <span class='ocrx_word' id='word_1_169' title='bbox 816 1427 849 1450; x_wconf 92' lang='grc' dir='ltr'>υ.</span> <span class='ocrx_word' id='word_1_170' title='bbox 874 1413 1024 1448; x_wconf 91' lang='lat' dir='ltr'><strong>Ibidem</strong></span> <span class='ocrx_word' id='word_1_171' title='bbox 1045 1425 1136 1448; x_wconf 89' lang='lat' dir='ltr'><strong>vero</strong></span> 
     </span>
     <span class='ocr_line' id='line_1_20' title="bbox 88 1468 1138 1522; baseline -0.004 -13"><span class='ocrx_word' id='word_1_172' title='bbox 88 1475 168 1509; x_wconf 86' lang='lat' dir='ltr'><strong>haec</strong></span> <span class='ocrx_word' id='word_1_173' title='bbox 180 1485 335 1521; x_wconf 91' lang='lat' dir='ltr'><strong>quoque</strong></span> <span class='ocrx_word' id='word_1_174' title='bbox 352 1473 548 1522; x_wconf 74' lang='lat' dir='ltr'><strong>leguntur:</strong></span> <span class='ocrx_word' id='word_1_175' title='bbox 563 1469 650 1509; x_wconf 72' lang='lat' dir='ltr'><strong>“On</strong></span> <span class='ocrx_word' id='word_1_176' title='bbox 662 1470 697 1508; x_wconf 84' lang='grc' dir='ltr'><strong>δὲ</strong></span> <span class='ocrx_word' id='word_1_177' title='bbox 709 1469 826 1508; x_wconf 78' lang='grc' dir='ltr'>ἐνθάδε</span> <span class='ocrx_word' id='word_1_178' title='bbox 844 1469 941 1512; x_wconf 84' lang='grc' dir='ltr'>Θόας</span> <span class='ocrx_word' id='word_1_179' title='bbox 955 1469 1066 1515; x_wconf 84' lang='grc' dir='ltr'>ἐσώθη</span> <span class='ocrx_word' id='word_1_180' title='bbox 1079 1468 1138 1506; x_wconf 76' lang='grc' dir='ltr'><strong>καὶ</strong></span> 
     </span>
     <span class='ocr_line' id='line_1_21' title="bbox 90 1527 1136 1581; baseline -0.004 -13"><span class='ocrx_word' id='word_1_181' title='bbox 90 1529 212 1569; x_wconf 86' lang='grc' dir='ltr'>Κλέων</span> <span class='ocrx_word' id='word_1_182' title='bbox 232 1531 250 1567; x_wconf 82' lang='grc' dir='ltr'>ὁ</span> <span class='ocrx_word' id='word_1_183' title='bbox 262 1528 425 1581; x_wconf 83' lang='grc' dir='ltr'>Κουριεὺς</span> <span class='ocrx_word' id='word_1_184' title='bbox 435 1529 566 1581; x_wconf 79' lang='grc' dir='ltr'>ἱστορεῖ</span> <span class='ocrx_word' id='word_1_185' title='bbox 577 1528 637 1566; x_wconf 80' lang='grc' dir='ltr'><strong>καὶ</strong></span> <span class='ocrx_word' id='word_1_186' title='bbox 651 1527 909 1574; x_wconf 78' lang='grc' dir='ltr'>Ἀσκληπιάδης</span> <span class='ocrx_word' id='word_1_187' title='bbox 935 1527 1136 1578; x_wconf 86' lang='grc' dir='ltr'>Μυρλεανὸς</span> 
     </span>
     <span class='ocr_line' id='line_1_22' title="bbox 91 1585 1139 1639; baseline -0.006 -11"><span class='ocrx_word' id='word_1_188' title='bbox 91 1587 223 1631; x_wconf 73' lang='grc' dir='ltr'>δεικνὺς</span> <span class='ocrx_word' id='word_1_189' title='bbox 242 1585 294 1625; x_wconf 78' lang='grc' dir='ltr'><strong>ὅτι</strong></span> <span class='ocrx_word' id='word_1_190' title='bbox 311 1586 409 1639; x_wconf 80' lang='grc' dir='ltr'>παρὰ</span> <span class='ocrx_word' id='word_1_191' title='bbox 426 1586 585 1630; x_wconf 88' lang='grc' dir='ltr'>Κλέωνος</span> <span class='ocrx_word' id='word_1_192' title='bbox 603 1585 648 1624; x_wconf 79' lang='grc' dir='ltr'>τὰ</span> <span class='ocrx_word' id='word_1_193' title='bbox 659 1586 774 1624; x_wconf 89' lang='grc' dir='ltr'>πάντα</span> <span class='ocrx_word' id='word_1_194' title='bbox 789 1585 998 1636; x_wconf 86' lang='grc' dir='ltr'>μετήνεγκεν</span> <span class='ocrx_word' id='word_1_195' title='bbox 1013 1585 1139 1623; x_wconf 83' lang='grc' dir='ltr'>Ἀπολ-</span> 
     </span>
     <span class='ocr_line' id='line_1_23' title="bbox 89 1645 1137 1698; baseline -0.005 -13"><span class='ocrx_word' id='word_1_196' title='bbox 89 1647 210 1690; x_wconf 84' lang='grc' dir='ltr'>λώνιος</span> <span class='ocrx_word' id='word_1_197' title='bbox 229 1647 366 1698; x_wconf 85' lang='lat' dir='ltr'><strong>(Cleon</strong></span> <span class='ocrx_word' id='word_1_198' title='bbox 385 1648 448 1683; x_wconf 87' lang='lat' dir='ltr'><strong>ille</strong></span> <span class='ocrx_word' id='word_1_199' title='bbox 468 1648 727 1696; x_wconf 86' lang='lat' dir='ltr'><strong>Argonautica</strong></span> <span class='ocrx_word' id='word_1_200' title='bbox 748 1647 922 1695; x_wconf 83' lang='lat' dir='ltr'><strong>scripsit3</strong></span> <span class='ocrx_word' id='word_1_201' title='bbox 944 1645 993 1683; x_wconf 88' lang='lat' dir='ltr'><strong>cf.</strong></span> <span class='ocrx_word' id='word_1_202' title='bbox 1018 1645 1137 1681; x_wconf 88' lang='lat' dir='ltr'><strong>schol.</strong></span> 
     </span>
     <span class='ocr_line' id='line_1_24' title="bbox 90 1705 1142 1756; baseline -0.005 -12"><span class='ocrx_word' id='word_1_203' title='bbox 90 1708 218 1756; x_wconf 90' lang='lat' dir='ltr'><strong>Apoll.</strong></span> <span class='ocrx_word' id='word_1_204' title='bbox 234 1708 268 1755; x_wconf 92' lang='lat'><strong>1,</strong></span> <span class='ocrx_word' id='word_1_205' title='bbox 279 1705 351 1752; x_wconf 82' lang='lat'><strong>587</strong></span> <span class='ocrx_word' id='word_1_206' title='bbox 361 1735 369 1743; x_wconf 92' lang='lat'><strong>.</strong></span> <span class='ocrx_word' id='word_1_207' title='bbox 385 1720 404 1752; x_wconf 95' lang='lat'><strong>7</strong></span> <span class='ocrx_word' id='word_1_208' title='bbox 412 1705 468 1755; x_wconf 88' lang='lat'><strong>7).</strong></span> <span class='ocrx_word' id='word_1_209' title='bbox 478 1707 649 1742; x_wconf 88' lang='lat' dir='ltr'><strong>Fortasse</strong></span> <span class='ocrx_word' id='word_1_210' title='bbox 658 1706 882 1753; x_wconf 91' lang='lat' dir='ltr'><strong>Apollonius</strong></span> <span class='ocrx_word' id='word_1_211' title='bbox 891 1716 957 1740; x_wconf 89' lang='lat' dir='ltr'><strong>sua</strong></span> <span class='ocrx_word' id='word_1_212' title='bbox 965 1716 984 1740; x_wconf 91' lang='lat' dir='ltr'><strong>e</strong></span> <span class='ocrx_word' id='word_1_213' title='bbox 992 1705 1142 1750; x_wconf 90' lang='lat' dir='ltr'><strong>Cleone,</strong></span> 
     </span>
     <span class='ocr_line' id='line_1_25' title="bbox 92 1763 1145 1812; baseline -0.004 -11"><span class='ocrx_word' id='word_1_214' title='bbox 92 1768 210 1802; x_wconf 82' lang='lat' dir='ltr'><strong>Cleon</strong></span> <span class='ocrx_word' id='word_1_215' title='bbox 227 1777 248 1801; x_wconf 91' lang='lat' dir='ltr'><strong>e</strong></span> <span class='ocrx_word' id='word_1_216' title='bbox 261 1765 449 1812; x_wconf 82' lang='lat' dir='ltr'><strong>Theolyto</strong></span> <span class='ocrx_word' id='word_1_217' title='bbox 466 1772 660 1800; x_wconf 89' lang='lat' dir='ltr'><strong>mutuatus</strong></span> <span class='ocrx_word' id='word_1_218' title='bbox 671 1772 745 1809; x_wconf 74' lang='lat' dir='ltr'><strong>est,</strong></span> <span class='ocrx_word' id='word_1_219' title='bbox 757 1763 876 1799; x_wconf 91' lang='lat' dir='ltr'><strong>modo</strong></span> <span class='ocrx_word' id='word_1_220' title='bbox 890 1769 991 1799; x_wconf 87' lang='lat' dir='ltr'><strong>recte</strong></span> <span class='ocrx_word' id='word_1_221' title='bbox 1005 1763 1145 1798; x_wconf 81' lang='lat' dir='ltr'><strong>habeat</strong></span> 
     </span>
     <span class='ocr_line' id='line_1_26' title="bbox 93 1820 1145 1872; baseline -0.006 -12"><span class='ocrx_word' id='word_1_222' title='bbox 93 1836 235 1860; x_wconf 86' lang='lat' dir='ltr'><strong>nomen</strong></span> <span class='ocrx_word' id='word_1_223' title='bbox 245 1821 433 1865; x_wconf 73' lang='grc' dir='ltr'>Θεόλυτος.</span> <span class='ocrx_word' id='word_1_224' title='bbox 450 1824 625 1859; x_wconf 88' lang='lat' dir='ltr'><strong>Ceterum</strong></span> <span class='ocrx_word' id='word_1_225' title='bbox 639 1820 745 1872; x_wconf 71' lang='lat' dir='ltr'><strong>“sspoi</strong></span> <span class='ocrx_word' id='word_1_226' title='bbox 759 1821 937 1868; x_wconf 85' lang='lat' dir='ltr'><strong>Theolyti</strong></span> <span class='ocrx_word' id='word_1_227' title='bbox 954 1820 1082 1855; x_wconf 88' lang='lat' dir='ltr'><strong>nescio</strong></span> <span class='ocrx_word' id='word_1_228' title='bbox 1097 1832 1145 1855; x_wconf 90' lang='lat' dir='ltr'><strong>an</strong></span> 
     </span>
     <span class='ocr_line' id='line_1_27' title="bbox 94 1878 1145 1928; baseline -0.005 -10"><span class='ocrx_word' id='word_1_229' title='bbox 94 1882 236 1918; x_wconf 84' lang='lat' dir='ltr'><strong>fuerint</strong></span> <span class='ocrx_word' id='word_1_230' title='bbox 260 1878 436 1919; x_wconf 73' lang='grc' dir='ltr'>Λεσὸίων.</span> <span class='ocrx_word' id='word_1_231' title='bbox 460 1882 569 1918; x_wconf 81' lang='lat' dir='ltr'><strong>Certe</strong></span> <span class='ocrx_word' id='word_1_232' title='bbox 606 1880 782 1928; x_wconf 85' lang='lat' dir='ltr'><strong>Theolyti</strong></span> <span class='ocrx_word' id='word_1_233' title='bbox 806 1878 1057 1926; x_wconf 77' lang='lat' dir='ltr'><strong>Methymnaei,</strong></span> <span class='ocrx_word' id='word_1_234' title='bbox 1084 1878 1145 1914; x_wconf 88' lang='lat' dir='ltr'><strong>vel</strong></span> 
     </span>
     <span class='ocr_line' id='line_1_28' title="bbox 94 1927 1972 1987; baseline -0.008 -10"><span class='ocrx_word' id='word_1_235' title='bbox 94 1940 260 1987; x_wconf 75' lang='lat' dir='ltr'><strong>ejusdem</strong></span> <span class='ocrx_word' id='word_1_236' title='bbox 277 1952 365 1975; x_wconf 91' lang='lat' dir='ltr'><strong>cum</strong></span> <span class='ocrx_word' id='word_1_237' title='bbox 388 1947 520 1975; x_wconf 88' lang='lat' dir='ltr'><strong>nostro</strong></span> <span class='ocrx_word' id='word_1_238' title='bbox 541 1940 601 1974; x_wconf 84' lang='lat' dir='ltr'><strong>vel</strong></span> <span class='ocrx_word' id='word_1_239' title='bbox 615 1939 729 1982; x_wconf 89' lang='lat' dir='ltr'><strong>alius,</strong></span> <span class='ocrx_word' id='word_1_240' title='bbox 750 1938 916 1973; x_wconf 84' lang='lat' dir='ltr'><strong>meminit</strong></span> <span class='ocrx_word' id='word_1_241' title='bbox 947 1937 1146 1972; x_wconf 89' lang='lat' dir='ltr'><strong>Athenaeus</strong></span> <span class='ocrx_word' id='word_1_242' title='bbox 1479 1927 1972 1965; x_wconf 70' lang='lat' dir='ltr'><strong>IIEAOHONNHEIAKA.</strong></span> 
     </span>
     <span class='ocr_line' id='line_1_29' title="bbox 51 1992 1942 2056; baseline -0.006 -21"><span class='ocrx_word' id='word_1_243' title='bbox 51 2008 54 2011; x_wconf 80' lang='grc'><strong>“</strong></span> <span class='ocrx_word' id='word_1_244' title='bbox 94 2000 179 2044; x_wconf 87' lang='lat' dir='ltr'><strong>VII,</strong></span> <span class='ocrx_word' id='word_1_245' title='bbox 198 2011 240 2047; x_wconf 93' lang='lat' dir='ltr'><strong>p.</strong></span> <span class='ocrx_word' id='word_1_246' title='bbox 273 1998 363 2046; x_wconf 84' lang='lat'><strong>296,</strong></span> <span class='ocrx_word' id='word_1_247' title='bbox 382 1999 437 2035; x_wconf 88' lang='lat' dir='ltr'><strong>A:</strong></span> <span class='ocrx_word' id='word_1_248' title='bbox 456 1995 527 2034; x_wconf 84' lang='grc' dir='ltr'><strong>Τὸν</strong></span> <span class='ocrx_word' id='word_1_249' title='bbox 547 1995 583 2033; x_wconf 84' lang='grc' dir='ltr'><strong>δὲ</strong></span> <span class='ocrx_word' id='word_1_250' title='bbox 604 1997 763 2034; x_wconf 74' lang='grc' dir='ltr'>Γλαῦκον</span> <span class='ocrx_word' id='word_1_251' title='bbox 781 1993 839 2032; x_wconf 79' lang='grc' dir='ltr'><strong>τὸν</strong></span> <span class='ocrx_word' id='word_1_252' title='bbox 854 1992 1036 2031; x_wconf 85' lang='grc' dir='ltr'>θαλάττιον</span> <span class='ocrx_word' id='word_1_253' title='bbox 1065 1992 1145 2029; x_wconf 90' lang='grc' dir='ltr'>δαί-</span> <span class='ocrx_word' id='word_1_254' title='bbox 1498 2021 1528 2055; x_wconf 83' lang='grc' dir='ltr'>Ε</span> <span class='ocrx_word' id='word_1_255' title='bbox 1549 2020 1699 2055; x_wconf 75' lang='lat' dir='ltr'>LIBRO</span> <span class='ocrx_word' id='word_1_256' title='bbox 1719 2018 1942 2056; x_wconf 80' lang='lat' dir='ltr'>SECUNDO</span> 
     </span>
     <span class='ocr_line' id='line_1_30' title="bbox 97 2046 1958 2104; baseline -0.004 -13"><span class='ocrx_word' id='word_1_257' title='bbox 97 2069 186 2104; x_wconf 85' lang='grc' dir='ltr'>μονα</span> <span class='ocrx_word' id='word_1_258' title='bbox 216 2054 390 2097; x_wconf 80' lang='grc' dir='ltr'>Θεόλυτος</span> <span class='ocrx_word' id='word_1_259' title='bbox 409 2053 471 2104; x_wconf 83' lang='grc' dir='ltr'><strong>μὲν</strong></span> <span class='ocrx_word' id='word_1_260' title='bbox 498 2055 515 2090; x_wconf 82' lang='grc' dir='ltr'><strong><em>ὃ</em></strong></span> <span class='ocrx_word' id='word_1_261' title='bbox 536 2055 765 2102; x_wconf 85' lang='grc' dir='ltr'>Μηθυμναῖος</span> <span class='ocrx_word' id='word_1_262' title='bbox 798 2053 832 2089; x_wconf 89' lang='grc' dir='ltr'><strong>ἐν</strong></span> <span class='ocrx_word' id='word_1_263' title='bbox 851 2056 922 2094; x_wconf 87' lang='grc' dir='ltr'>τοῖς</span> <span class='ocrx_word' id='word_1_264' title='bbox 954 2053 1145 2101; x_wconf 79' lang='grc' dir='ltr'>Βακχικοῖς</span> <span class='ocrx_word' id='word_1_265' title='bbox 1948 2046 1958 2055; x_wconf 79' lang='grc'><strong><em>’</em></strong></span> 
     </span>
     <span class='ocr_line' id='line_1_31' title="bbox 97 2107 1742 2164; baseline -0.005 -14"><span class='ocrx_word' id='word_1_266' title='bbox 97 2112 214 2150; x_wconf 84' lang='grc' dir='ltr'>ἔπεσιν</span> <span class='ocrx_word' id='word_1_267' title='bbox 232 2112 420 2163; x_wconf 81' lang='grc' dir='ltr'>ἐρασθέντα</span> <span class='ocrx_word' id='word_1_268' title='bbox 447 2111 551 2164; x_wconf 73' lang='grc' dir='ltr'>φησὶν</span> <span class='ocrx_word' id='word_1_269' title='bbox 576 2110 770 2163; x_wconf 66' lang='grc' dir='ltr'>Ἀριάδνης,</span> <span class='ocrx_word' id='word_1_270' title='bbox 786 2108 835 2147; x_wconf 79' lang='grc' dir='ltr'>ὅτ’</span> <span class='ocrx_word' id='word_1_271' title='bbox 857 2111 892 2147; x_wconf 87' lang='grc' dir='ltr'><strong>ἐν</strong></span> <span class='ocrx_word' id='word_1_272' title='bbox 909 2108 976 2160; x_wconf 76' lang='grc' dir='ltr'><strong>Δία</strong></span> <span class='ocrx_word' id='word_1_273' title='bbox 993 2111 1036 2159; x_wconf 74' lang='grc' dir='ltr'>τῇ</span> <span class='ocrx_word' id='word_1_274' title='bbox 1051 2107 1146 2160; x_wconf 82' lang='grc' dir='ltr'>νήσῳ</span> <span class='ocrx_word' id='word_1_275' title='bbox 1705 2112 1742 2135; x_wconf 81' lang='lat'><strong>2·</strong></span> 
     </span>
     <span class='ocr_line' id='line_1_32' title="bbox 99 2165 2249 2221; baseline -0.003 -13"><span class='ocrx_word' id='word_1_276' title='bbox 99 2170 167 2208; x_wconf 75' lang='grc' dir='ltr'>ὑπὸ</span> <span class='ocrx_word' id='word_1_277' title='bbox 184 2169 352 2209; x_wconf 86' lang='grc' dir='ltr'>Διονύσου</span> <span class='ocrx_word' id='word_1_278' title='bbox 379 2169 543 2221; x_wconf 85' lang='grc' dir='ltr'>ἡρπάσθη</span> <span class='ocrx_word' id='word_1_279' title='bbox 556 2198 566 2216; x_wconf 92' lang='grc'><em>,</em></span> <span class='ocrx_word' id='word_1_280' title='bbox 586 2168 646 2207; x_wconf 81' lang='grc' dir='ltr'><strong>καὶ</strong></span> <span class='ocrx_word' id='word_1_281' title='bbox 669 2168 870 2219; x_wconf 85' lang='grc' dir='ltr'>βιαζόμενον</span> <span class='ocrx_word' id='word_1_282' title='bbox 895 2166 962 2204; x_wconf 80' lang='grc' dir='ltr'>ὑπὸ</span> <span class='ocrx_word' id='word_1_283' title='bbox 981 2165 1146 2205; x_wconf 85' lang='grc' dir='ltr'>Διονύσου</span> <span class='ocrx_word' id='word_1_284' title='bbox 1262 2171 1449 2208; x_wconf 81' lang='lat' dir='ltr'><strong>Plutarch,</strong></span> <span class='ocrx_word' id='word_1_285' title='bbox 1460 2171 1543 2206; x_wconf 88' lang='lat' dir='ltr'><strong>Par.</strong></span> <span class='ocrx_word' id='word_1_286' title='bbox 1560 2170 1654 2207; x_wconf 86' lang='lat' dir='ltr'><strong>min,</strong></span> <span class='ocrx_word' id='word_1_287' title='bbox 1670 2182 1702 2206; x_wconf 86' lang='lat' dir='ltr'><strong>c.</strong></span> <span class='ocrx_word' id='word_1_288' title='bbox 1717 2168 1781 2216; x_wconf 80' lang='lat'><strong>32,</strong></span> <span class='ocrx_word' id='word_1_289' title='bbox 1796 2181 1835 2217; x_wconf 84' lang='lat' dir='ltr'><strong>p.</strong></span> <span class='ocrx_word' id='word_1_290' title='bbox 1849 2169 1868 2204; x_wconf 81' lang='lat'>3</span> <span class='ocrx_word' id='word_1_291' title='bbox 1879 2168 1922 2204; x_wconf 81' lang='lat'><strong>13</strong></span> <span class='ocrx_word' id='word_1_292' title='bbox 1933 2198 1941 2213; x_wconf 91' lang='lat'>‚</span> <span class='ocrx_word' id='word_1_293' title='bbox 1959 2169 1987 2204; x_wconf 89' lang='lat' dir='ltr'>C</span> <span class='ocrx_word' id='word_1_294' title='bbox 2007 2181 2015 2203; x_wconf 72' lang='grc' dir='ltr'><strong>ε</strong></span> <span class='ocrx_word' id='word_1_295' title='bbox 2031 2166 2094 2205; x_wconf 84' lang='grc' dir='ltr'><strong>Ἐν</strong></span> <span class='ocrx_word' id='word_1_296' title='bbox 2108 2167 2156 2219; x_wconf 84' lang='grc' dir='ltr'>τῷ</span> <span class='ocrx_word' id='word_1_297' title='bbox 2174 2169 2249 2205; x_wconf 85' lang='grc' dir='ltr'><strong>Πε-</strong></span> 
     </span>
     <span class='ocr_line' id='line_1_33' title="bbox 99 2223 2252 2281; baseline -0.001 -16"><span class='ocrx_word' id='word_1_298' title='bbox 99 2227 284 2281; x_wconf 82' lang='grc' dir='ltr'>ἄμπελίνῳ</span> <span class='ocrx_word' id='word_1_299' title='bbox 307 2230 426 2281; x_wconf 81' lang='grc' dir='ltr'>δεσμῷ</span> <span class='ocrx_word' id='word_1_300' title='bbox 447 2229 645 2274; x_wconf 79' lang='grc' dir='ltr'>ἐνδεθῆναι,</span> <span class='ocrx_word' id='word_1_301' title='bbox 667 2226 727 2264; x_wconf 79' lang='grc' dir='ltr'><strong>καὶ</strong></span> <span class='ocrx_word' id='word_1_302' title='bbox 759 2225 923 2272; x_wconf 83' lang='grc' dir='ltr'>δεηθέντα</span> <span class='ocrx_word' id='word_1_303' title='bbox 955 2226 1122 2277; x_wconf 73' lang='grc' dir='ltr'>ἀφεθῆναι</span> <span class='ocrx_word' id='word_1_304' title='bbox 1135 2253 1145 2271; x_wconf 85' lang='grc'>,</span> <span class='ocrx_word' id='word_1_305' title='bbox 1207 2228 1476 2280; x_wconf 83' lang='grc' dir='ltr'>λοποννησιακῷ</span> <span class='ocrx_word' id='word_1_306' title='bbox 1493 2226 1639 2278; x_wconf 87' lang='grc' dir='ltr'>πολέμῳ</span> <span class='ocrx_word' id='word_1_307' title='bbox 1655 2225 1906 2276; x_wconf 84' lang='grc' dir='ltr'>Πεισίστρατος</span> <span class='ocrx_word' id='word_1_308' title='bbox 1925 2225 2152 2276; x_wconf 79' lang='grc' dir='ltr'>Ὀρχομένιος</span> <span class='ocrx_word' id='word_1_309' title='bbox 2174 2223 2252 2268; x_wconf 76' lang='grc' dir='ltr'>τοὺς</span> 
     </span>
     <span class='ocr_line' id='line_1_34' title="bbox 101 2282 2252 2338; baseline -0.004 -8"><span class='ocrx_word' id='word_1_310' title='bbox 101 2286 256 2325; x_wconf 77' lang='grc' dir='ltr'>εἷπόντα·</span> <span class='ocrx_word' id='word_1_311' title='bbox 420 2309 423 2311; x_wconf 95' lang='grc'><strong><em>·</em></strong></span> <span class='ocrx_word' id='word_1_312' title='bbox 1210 2286 1271 2337; x_wconf 82' lang='grc' dir='ltr'><strong>μὲν</strong></span> <span class='ocrx_word' id='word_1_313' title='bbox 1287 2288 1433 2338; x_wconf 80' lang='grc' dir='ltr'>εὐγενεῖς</span> <span class='ocrx_word' id='word_1_314' title='bbox 1455 2285 1588 2335; x_wconf 81' lang='grc' dir='ltr'>ἐμίσει,</span> <span class='ocrx_word' id='word_1_315' title='bbox 1604 2283 1683 2327; x_wconf 83' lang='grc' dir='ltr'>τοὺς</span> <span class='ocrx_word' id='word_1_316' title='bbox 1700 2284 1728 2321; x_wconf 86' lang='grc' dir='ltr'><strong>δ’</strong></span> <span class='ocrx_word' id='word_1_317' title='bbox 1750 2285 1895 2326; x_wconf 77' lang='grc' dir='ltr'>εὐτελεῖς</span> <span class='ocrx_word' id='word_1_318' title='bbox 1921 2284 2043 2336; x_wconf 72' lang='grc' dir='ltr'>ἐφίλει.</span> <span class='ocrx_word' id='word_1_319' title='bbox 2064 2282 2252 2322; x_wconf 73' lang='grc' dir='ltr'>Ἐὸουλεύ·</span> 
     </span>
     <span class='ocr_line' id='line_1_35' title="bbox 181 2341 2251 2414; baseline -0.006 -9"><span class='ocrx_word' id='word_1_320' title='bbox 181 2374 336 2411; x_wconf 85' lang='grc' dir='ltr'>Ἀνθηδών</span> <span class='ocrx_word' id='word_1_321' title='bbox 352 2372 387 2404; x_wconf 82' lang='grc' dir='ltr'><strong>νύ</strong></span> <span class='ocrx_word' id='word_1_322' title='bbox 401 2383 446 2409; x_wconf 84' lang='grc' dir='ltr'><strong>τις</strong></span> <span class='ocrx_word' id='word_1_323' title='bbox 458 2372 542 2404; x_wconf 86' lang='grc' dir='ltr'>ἐστὶν</span> <span class='ocrx_word' id='word_1_324' title='bbox 563 2372 612 2403; x_wconf 87' lang='grc' dir='ltr'>ἐπὶ</span> <span class='ocrx_word' id='word_1_325' title='bbox 627 2372 769 2410; x_wconf 82' lang='grc' dir='ltr'>πλευροῖο</span> <span class='ocrx_word' id='word_1_326' title='bbox 784 2370 938 2407; x_wconf 81' lang='grc' dir='ltr'>θαλάσσης</span> <span class='ocrx_word' id='word_1_327' title='bbox 1177 2391 1183 2414; x_wconf 59' lang='grc' dir='ltr'>Ι</span> <span class='ocrx_word' id='word_1_328' title='bbox 1210 2360 1315 2383; x_wconf 53' lang='lat' dir='ltr'><strong>“awo</strong></span> <span class='ocrx_word' id='word_1_329' title='bbox 1332 2344 1367 2382; x_wconf 74' lang='grc' dir='ltr'><strong>δὲ</strong></span> <span class='ocrx_word' id='word_1_330' title='bbox 1389 2346 1419 2382; x_wconf 63' lang='grc' dir='ltr'><strong>οἳ</strong></span> <span class='ocrx_word' id='word_1_331' title='bbox 1454 2345 1489 2382; x_wconf 68' lang='grc' dir='ltr'><strong>ἐν</strong></span> <span class='ocrx_word' id='word_1_332' title='bbox 1514 2346 1558 2396; x_wconf 67' lang='grc' dir='ltr'><strong>τῇ</strong></span> <span class='ocrx_word' id='word_1_333' title='bbox 1590 2344 1698 2395; x_wconf 72' lang='grc' dir='ltr'>βουλῇ</span> <span class='ocrx_word' id='word_1_334' title='bbox 1725 2346 1906 2393; x_wconf 61' lang='grc' dir='ltr'>φονεῦσαι’</span> <span class='ocrx_word' id='word_1_335' title='bbox 1938 2342 1997 2379; x_wconf 67' lang='grc' dir='ltr'><strong>καὶ</strong></span> <span class='ocrx_word' id='word_1_336' title='bbox 2017 2341 2251 2394; x_wconf 63' lang='grc' dir='ltr'>διακόψαντας</span> 
     </span>
     <span class='ocr_line' id='line_1_36' title="bbox 193 2399 2249 2460; baseline -0.003 -9"><span class='ocrx_word' id='word_1_337' title='bbox 193 2420 296 2451; x_wconf 86' lang='grc' dir='ltr'>ἀντίον</span> <span class='ocrx_word' id='word_1_338' title='bbox 310 2419 462 2459; x_wconf 79' lang='grc' dir='ltr'>Εὐὸοίης,</span> <span class='ocrx_word' id='word_1_339' title='bbox 481 2419 592 2460; x_wconf 82' lang='grc' dir='ltr'>σχεδὸν</span> <span class='ocrx_word' id='word_1_340' title='bbox 607 2418 753 2459; x_wconf 82' lang='grc' dir='ltr'>Εὐρίποιο</span> <span class='ocrx_word' id='word_1_341' title='bbox 768 2417 886 2458; x_wconf 83' lang='grc' dir='ltr'>ῥοάων·</span> <span class='ocrx_word' id='word_1_342' title='bbox 1209 2403 1311 2441; x_wconf 66' lang='grc' dir='ltr'>αὐτὸν</span> <span class='ocrx_word' id='word_1_343' title='bbox 1329 2406 1376 2447; x_wconf 75' lang='grc' dir='ltr'><strong>Εἷς</strong></span> <span class='ocrx_word' id='word_1_344' title='bbox 1401 2402 1480 2446; x_wconf 66' lang='lat' dir='ltr'><strong>rob&lt;</strong></span> <span class='ocrx_word' id='word_1_345' title='bbox 1506 2403 1654 2445; x_wconf 71' lang='grc' dir='ltr'>κόλπους</span> <span class='ocrx_word' id='word_1_346' title='bbox 1681 2401 1819 2447; x_wconf 46' lang='lat' dir='ltr'><strong>waima,</strong></span> <span class='ocrx_word' id='word_1_347' title='bbox 1840 2400 1900 2438; x_wconf 60' lang='grc' dir='ltr'><strong>καὶ</strong></span> <span class='ocrx_word' id='word_1_348' title='bbox 1933 2399 1994 2447; x_wconf 68' lang='grc' dir='ltr'><strong>τὴν</strong></span> <span class='ocrx_word' id='word_1_349' title='bbox 2025 2403 2089 2452; x_wconf 63' lang='grc' dir='ltr'><strong>Υῆν</strong></span> <span class='ocrx_word' id='word_1_350' title='bbox 2110 2400 2249 2445; x_wconf 69' lang='grc' dir='ltr'>ἔξυσαν-</span> 
     </span>
     <span class='ocr_line' id='line_1_37' title="bbox 187 2458 2248 2513; baseline -0.006 -6"><span class='ocrx_word' id='word_1_351' title='bbox 187 2467 269 2498; x_wconf 66' lang='grc' dir='ltr'>ἕνθεν</span> <span class='ocrx_word' id='word_1_352' title='bbox 282 2467 344 2506; x_wconf 67' lang='grc' dir='ltr'><strong>ἐγὼ</strong></span> <span class='ocrx_word' id='word_1_353' title='bbox 357 2467 443 2504; x_wconf 67' lang='grc' dir='ltr'>γένος</span> <span class='ocrx_word' id='word_1_354' title='bbox 463 2466 542 2506; x_wconf 69' lang='grc' dir='ltr'>Εἶμί·</span> <span class='ocrx_word' id='word_1_355' title='bbox 559 2466 660 2505; x_wconf 67' lang='grc' dir='ltr'>πατὴρ</span> <span class='ocrx_word' id='word_1_356' title='bbox 674 2466 706 2496; x_wconf 76' lang='grc' dir='ltr'><strong>δέ</strong></span> <span class='ocrx_word' id='word_1_357' title='bbox 724 2475 762 2505; x_wconf 71' lang='grc' dir='ltr'><strong>με</strong></span> <span class='ocrx_word' id='word_1_358' title='bbox 774 2464 896 2504; x_wconf 62' lang='grc' dir='ltr'>γείνατο</span> <span class='ocrx_word' id='word_1_359' title='bbox 911 2461 1054 2497; x_wconf 67' lang='grc' dir='ltr'>Κωπεύς·</span> <span class='ocrx_word' id='word_1_360' title='bbox 1209 2463 1253 2502; x_wconf 89' lang='grc' dir='ltr'>Ὁ</span> <span class='ocrx_word' id='word_1_361' title='bbox 1273 2462 1309 2500; x_wconf 78' lang='grc' dir='ltr'><strong>δὲ</strong></span> <span class='ocrx_word' id='word_1_362' title='bbox 1335 2461 1487 2511; x_wconf 85' lang='grc' dir='ltr'>δημότης</span> <span class='ocrx_word' id='word_1_363' title='bbox 1509 2460 1611 2513; x_wconf 79' lang='grc' dir='ltr'>ὄχλος</span> <span class='ocrx_word' id='word_1_364' title='bbox 1631 2459 1792 2498; x_wconf 81' lang='grc' dir='ltr'>ὑπόνοιαν</span> <span class='ocrx_word' id='word_1_365' title='bbox 1808 2458 1928 2497; x_wconf 73' lang='grc' dir='ltr'>λαὸὼν</span> <span class='ocrx_word' id='word_1_366' title='bbox 1954 2459 2103 2511; x_wconf 82' lang='grc' dir='ltr'>ἔδραμεν</span> <span class='ocrx_word' id='word_1_367' title='bbox 2121 2461 2166 2501; x_wconf 87' lang='grc' dir='ltr'><strong>εἷς</strong></span> <span class='ocrx_word' id='word_1_368' title='bbox 2185 2458 2248 2505; x_wconf 81' lang='grc' dir='ltr'><strong>τὴν</strong></span> 
     </span>
     <span class='ocr_line' id='line_1_38' title="bbox 107 2516 2252 2582; baseline -0.006 -14"><span class='ocrx_word' id='word_1_369' title='bbox 107 2533 176 2582; x_wconf 89' lang='lat' dir='ltr'><strong>(Cf.</strong></span> <span class='ocrx_word' id='word_1_370' title='bbox 188 2533 339 2577; x_wconf 85' lang='lat' dir='ltr'><strong>Miiller,</strong></span> <span class='ocrx_word' id='word_1_371' title='bbox 356 2533 455 2570; x_wconf 80' lang='lat' dir='ltr'><strong>Min.</strong></span> <span class='ocrx_word' id='word_1_372' title='bbox 478 2544 518 2579; x_wconf 88' lang='lat' dir='ltr'><strong>p.</strong></span> <span class='ocrx_word' id='word_1_373' title='bbox 540 2530 648 2579; x_wconf 81' lang='lat'><strong>238.)</strong></span> <span class='ocrx_word' id='word_1_374' title='bbox 664 2530 1086 2577; x_wconf 83' lang='lat' dir='ltr'><strong>—Schweighaeuserus</strong></span> <span class='ocrx_word' id='word_1_375' title='bbox 1100 2526 1147 2562; x_wconf 87' lang='lat' dir='ltr'><strong>ad</strong></span> <span class='ocrx_word' id='word_1_376' title='bbox 1212 2520 1349 2573; x_wconf 79' lang='grc' dir='ltr'>βουλήν.</span> <span class='ocrx_word' id='word_1_377' title='bbox 1368 2520 1412 2559; x_wconf 83' lang='lat' dir='ltr'><strong>‘O</strong></span> <span class='ocrx_word' id='word_1_378' title='bbox 1434 2519 1469 2557; x_wconf 81' lang='grc' dir='ltr'><strong>δὲ</strong></span> <span class='ocrx_word' id='word_1_379' title='bbox 1488 2520 1651 2570; x_wconf 85' lang='grc' dir='ltr'>νεώτερος</span> <span class='ocrx_word' id='word_1_380' title='bbox 1665 2518 1737 2561; x_wconf 84' lang='grc' dir='ltr'>υἱὸς</span> <span class='ocrx_word' id='word_1_381' title='bbox 1757 2521 1817 2555; x_wconf 80' lang='grc' dir='ltr'><strong>τοῦ</strong></span> <span class='ocrx_word' id='word_1_382' title='bbox 1848 2517 2016 2569; x_wconf 84' lang='grc' dir='ltr'>βασιλέως</span> <span class='ocrx_word' id='word_1_383' title='bbox 2029 2546 2039 2563; x_wconf 88' lang='grc'><em>,</em></span> <span class='ocrx_word' id='word_1_384' title='bbox 2066 2516 2252 2566; x_wconf 85' lang='grc' dir='ltr'>Τλησίμα-</span> 
     </span>
     <span class='ocr_line' id='line_1_39' title="bbox 106 2574 2249 2638; baseline -0.007 -10"><span class='ocrx_word' id='word_1_385' title='bbox 106 2592 244 2628; x_wconf 81' lang='lat' dir='ltr'><strong>Athen.</strong></span> <span class='ocrx_word' id='word_1_386' title='bbox 278 2603 321 2638; x_wconf 84' lang='lat' dir='ltr'><strong>p.</strong></span> <span class='ocrx_word' id='word_1_387' title='bbox 362 2594 450 2635; x_wconf 76' lang='lat' dir='ltr'><strong>47o‚</strong></span> <span class='ocrx_word' id='word_1_388' title='bbox 465 2592 504 2635; x_wconf 90' lang='lat' dir='ltr'><strong>B,</strong></span> <span class='ocrx_word' id='word_1_389' title='bbox 529 2590 757 2636; x_wconf 80' lang='lat' dir='ltr'><strong>Theolytum</strong></span> <span class='ocrx_word' id='word_1_390' title='bbox 787 2595 959 2623; x_wconf 87' lang='lat' dir='ltr'><strong>nostrum</strong></span> <span class='ocrx_word' id='word_1_391' title='bbox 980 2585 1143 2621; x_wconf 84' lang='lat' dir='ltr'><strong>eundem</strong></span> <span class='ocrx_word' id='word_1_392' title='bbox 1207 2596 1287 2632; x_wconf 70' lang='grc' dir='ltr'>χος,</span> <span class='ocrx_word' id='word_1_393' title='bbox 1306 2578 1401 2622; x_wconf 77' lang='grc' dir='ltr'>εἰδὼς</span> <span class='ocrx_word' id='word_1_394' title='bbox 1426 2579 1489 2625; x_wconf 84' lang='grc' dir='ltr'><strong>τὴν</strong></span> <span class='ocrx_word' id='word_1_395' title='bbox 1510 2577 1746 2628; x_wconf 75' lang='grc' dir='ltr'>συνωμοσίαν,</span> <span class='ocrx_word' id='word_1_396' title='bbox 1771 2576 1841 2614; x_wconf 80' lang='grc' dir='ltr'>ἀπὸ</span> <span class='ocrx_word' id='word_1_397' title='bbox 1861 2580 1920 2623; x_wconf 79' lang='grc' dir='ltr'><strong>τῆς</strong></span> <span class='ocrx_word' id='word_1_398' title='bbox 1952 2575 2138 2622; x_wconf 79' lang='grc' dir='ltr'>ἐκκλησίας</span> <span class='ocrx_word' id='word_1_399' title='bbox 2159 2574 2249 2612; x_wconf 85' lang='grc' dir='ltr'>ἀπέ-</span> 
     </span>
     <span class='ocr_line' id='line_1_40' title="bbox 107 2632 2252 2695; baseline -0.007 -11"><span class='ocrx_word' id='word_1_400' title='bbox 107 2660 183 2684; x_wconf 90' lang='lat' dir='ltr'><strong>esse</strong></span> <span class='ocrx_word' id='word_1_401' title='bbox 201 2649 349 2695; x_wconf 86' lang='lat' dir='ltr'><strong>putavit</strong></span> <span class='ocrx_word' id='word_1_402' title='bbox 367 2661 453 2683; x_wconf 87' lang='lat' dir='ltr'><strong>cum</strong></span> <span class='ocrx_word' id='word_1_403' title='bbox 476 2647 690 2691; x_wconf 76' lang='lat' dir='ltr'><strong>Theocrito,</strong></span> <span class='ocrx_word' id='word_1_404' title='bbox 709 2659 822 2694; x_wconf 90' lang='lat' dir='ltr'><strong>quem</strong></span> <span class='ocrx_word' id='word_1_405' title='bbox 839 2645 966 2681; x_wconf 89' lang='lat' dir='ltr'><strong>laudat</strong></span> <span class='ocrx_word' id='word_1_406' title='bbox 982 2645 1146 2692; x_wconf 84' lang='lat' dir='ltr'><strong>Fulgen-</strong></span> <span class='ocrx_word' id='word_1_407' title='bbox 1209 2653 1322 2677; x_wconf 85' lang='grc' dir='ltr'>σπασε</span> <span class='ocrx_word' id='word_1_408' title='bbox 1341 2637 1398 2675; x_wconf 82' lang='grc' dir='ltr'><strong>τὸν</strong></span> <span class='ocrx_word' id='word_1_409' title='bbox 1430 2636 1546 2689; x_wconf 80' lang='grc' dir='ltr'>ὄχλον,</span> <span class='ocrx_word' id='word_1_410' title='bbox 1575 2635 1680 2674; x_wconf 84' lang='grc' dir='ltr'>εἰπὼν</span> <span class='ocrx_word' id='word_1_411' title='bbox 1710 2634 1902 2687; x_wconf 81' lang='grc' dir='ltr'>ἑωρακέναι</span> <span class='ocrx_word' id='word_1_412' title='bbox 1930 2634 1988 2672; x_wconf 84' lang='grc' dir='ltr'><strong>τὸν</strong></span> <span class='ocrx_word' id='word_1_413' title='bbox 2018 2634 2153 2686; x_wconf 87' lang='grc' dir='ltr'>πατέρα</span> <span class='ocrx_word' id='word_1_414' title='bbox 2175 2632 2252 2684; x_wconf 86' lang='grc' dir='ltr'>μεθ’</span> 
     </span>
    </p>
   </div>
   <div class='ocr_carea' id='block_1_8' title="bbox 1608 485 1821 500">
    <p class='ocr_par' dir='ltr' id='par_1_8' title="bbox 1608 485 1821 500">
     <span class='ocr_line' id='line_1_41' title="bbox 1608 485 1821 500; baseline -0.009 0"><span class='ocrx_word' id='word_1_415' title='bbox 1608 485 1821 500; x_wconf 56' lang='lat' dir='ltr'>——QOQ—</span> 
     </span>
    </p>
   </div>
   <div class='ocr_carea' id='block_1_9' title="bbox 1705 1201 1739 1225">
    <p class='ocr_par' dir='ltr' id='par_1_9' title="bbox 1705 1201 1739 1225">
     <span class='ocr_line' id='line_1_42' title="bbox 1705 1201 1739 1225; baseline 0.029 -1"><span class='ocrx_word' id='word_1_416' title='bbox 1705 1201 1739 1225; x_wconf 88' lang='lat'><strong>1.</strong></span> 
     </span>
    </p>
   </div>
   <div class='ocr_carea' id='block_1_10' title="bbox 1197 1254 2248 1878">
    <p class='ocr_par' dir='ltr' id='par_1_10' title="bbox 1197 1254 2248 1878">
     <span class='ocr_line' id='line_1_43' title="bbox 1250 1254 2242 1305; baseline -0.004 -10"><span class='ocrx_word' id='word_1_417' title='bbox 1250 1259 1443 1296; x_wconf 85' lang='lat' dir='ltr'><strong>Plutarch.</strong></span> <span class='ocrx_word' id='word_1_418' title='bbox 1456 1259 1543 1295; x_wconf 86' lang='lat' dir='ltr'><strong>Par.</strong></span> <span class='ocrx_word' id='word_1_419' title='bbox 1563 1258 1654 1295; x_wconf 87' lang='lat' dir='ltr'><strong>min.</strong></span> <span class='ocrx_word' id='word_1_420' title='bbox 1684 1271 1719 1295; x_wconf 85' lang='lat' dir='ltr'><strong>e.</strong></span> <span class='ocrx_word' id='word_1_421' title='bbox 1741 1256 1803 1305; x_wconf 85' lang='lat'><strong>13,</strong></span> <span class='ocrx_word' id='word_1_422' title='bbox 1820 1270 1861 1305; x_wconf 92' lang='lat' dir='ltr'><strong>p.</strong></span> <span class='ocrx_word' id='word_1_423' title='bbox 1882 1255 2019 1304; x_wconf 85' lang='lat' dir='ltr'><strong>309,A</strong></span> <span class='ocrx_word' id='word_1_424' title='bbox 2041 1269 2049 1291; x_wconf 92' lang='lat'><strong>:</strong></span> <span class='ocrx_word' id='word_1_425' title='bbox 2069 1254 2242 1304; x_wconf 85' lang='grc' dir='ltr'>Ῥωμαῖοι</span> 
     </span>
     <span class='ocr_line' id='line_1_44' title="bbox 1197 1311 2243 1367; baseline -0.004 -14"><span class='ocrx_word' id='word_1_426' title='bbox 1197 1317 1427 1365; x_wconf 80' lang='grc' dir='ltr'>πολεμοῦντες</span> <span class='ocrx_word' id='word_1_427' title='bbox 1446 1314 1529 1367; x_wconf 78' lang='grc' dir='ltr'>πρὸς</span> <span class='ocrx_word' id='word_1_428' title='bbox 1557 1316 1736 1360; x_wconf 83' lang='grc' dir='ltr'>Τοῦσκον,</span> <span class='ocrx_word' id='word_1_429' title='bbox 1765 1311 2033 1364; x_wconf 82' lang='grc' dir='ltr'>ἐχειροτόνησαν</span> <span class='ocrx_word' id='word_1_430' title='bbox 2072 1312 2243 1364; x_wconf 88' lang='grc' dir='ltr'>Βαλέριον</span> 
     </span>
     <span class='ocr_line' id='line_1_45' title="bbox 1199 1366 2244 1425; baseline -0.003 -15"><span class='ocrx_word' id='word_1_431' title='bbox 1199 1372 1460 1425; x_wconf 85' lang='grc' dir='ltr'>Τουρκουάτον·</span> <span class='ocrx_word' id='word_1_432' title='bbox 1482 1366 1579 1414; x_wconf 63' lang='grc' dir='ltr'>οὗτος</span> <span class='ocrx_word' id='word_1_433' title='bbox 1599 1371 1808 1421; x_wconf 87' lang='grc' dir='ltr'>θεασάμενος</span> <span class='ocrx_word' id='word_1_434' title='bbox 1831 1373 1890 1408; x_wconf 79' lang='grc' dir='ltr'><strong>τοῦ</strong></span> <span class='ocrx_word' id='word_1_435' title='bbox 1914 1369 2082 1421; x_wconf 87' lang='grc' dir='ltr'>βασιλέως</span> <span class='ocrx_word' id='word_1_436' title='bbox 2101 1369 2163 1414; x_wconf 87' lang='grc' dir='ltr'><strong>τὴν</strong></span> <span class='ocrx_word' id='word_1_437' title='bbox 2184 1373 2244 1407; x_wconf 93' lang='grc' dir='ltr'>θυ-</span> 
     </span>
     <span class='ocr_line' id='line_1_46' title="bbox 1199 1426 2246 1482; baseline -0.003 -14"><span class='ocrx_word' id='word_1_438' title='bbox 1199 1430 1348 1482; x_wconf 89' lang='grc' dir='ltr'>γατέρα,</span> <span class='ocrx_word' id='word_1_439' title='bbox 1364 1429 1516 1479; x_wconf 84' lang='grc' dir='ltr'>τοῦνομα</span> <span class='ocrx_word' id='word_1_440' title='bbox 1536 1430 1728 1478; x_wconf 76' lang='grc' dir='ltr'>Κλουσίαν,</span> <span class='ocrx_word' id='word_1_441' title='bbox 1747 1430 1864 1480; x_wconf 84' lang='grc' dir='ltr'>ᾐτεῖτο</span> <span class='ocrx_word' id='word_1_442' title='bbox 1894 1427 1992 1479; x_wconf 84' lang='grc' dir='ltr'>παρὰ</span> <span class='ocrx_word' id='word_1_443' title='bbox 2009 1431 2069 1464; x_wconf 75' lang='grc' dir='ltr'><strong>τοῦ</strong></span> <span class='ocrx_word' id='word_1_444' title='bbox 2086 1426 2246 1466; x_wconf 83' lang='grc' dir='ltr'>Τούσκου</span> 
     </span>
     <span class='ocr_line' id='line_1_47' title="bbox 1200 1484 2245 1540; baseline -0.005 -13"><span class='ocrx_word' id='word_1_445' title='bbox 1200 1489 1262 1535; x_wconf 84' lang='grc' dir='ltr'><strong>τὴν</strong></span> <span class='ocrx_word' id='word_1_446' title='bbox 1280 1487 1451 1540; x_wconf 81' lang='grc' dir='ltr'>θυγατέρα</span> <span class='ocrx_word' id='word_1_447' title='bbox 1464 1503 1472 1511; x_wconf 93' lang='grc'><em>·</em></span> <span class='ocrx_word' id='word_1_448' title='bbox 1495 1486 1544 1538; x_wconf 87' lang='grc' dir='ltr'>μὴ</span> <span class='ocrx_word' id='word_1_449' title='bbox 1559 1486 1673 1538; x_wconf 74' lang='grc' dir='ltr'>τυχὼν</span> <span class='ocrx_word' id='word_1_450' title='bbox 1692 1485 1748 1533; x_wconf 79' lang='grc' dir='ltr'><strong>δὲ,</strong></span> <span class='ocrx_word' id='word_1_451' title='bbox 1765 1487 1886 1537; x_wconf 85' lang='grc' dir='ltr'>πορθεῖ</span> <span class='ocrx_word' id='word_1_452' title='bbox 1908 1484 1970 1531; x_wconf 80' lang='grc' dir='ltr'><strong>τὴν</strong></span> <span class='ocrx_word' id='word_1_453' title='bbox 1991 1485 2105 1524; x_wconf 88' lang='grc' dir='ltr'>πόλιν.</span> <span class='ocrx_word' id='word_1_454' title='bbox 2138 1484 2184 1524; x_wconf 86' lang='grc' dir='ltr'><strong><em>Ἡ</em></strong></span> <span class='ocrx_word' id='word_1_455' title='bbox 2210 1484 2245 1522; x_wconf 79' lang='grc' dir='ltr'><strong>δὲ</strong></span> 
     </span>
     <span class='ocr_line' id='line_1_48' title="bbox 1205 1542 2246 1596; baseline -0.006 -11"><span class='ocrx_word' id='word_1_456' title='bbox 1205 1546 1361 1586; x_wconf 88' lang='grc' dir='ltr'>Κλουσία</span> <span class='ocrx_word' id='word_1_457' title='bbox 1383 1545 1451 1584; x_wconf 85' lang='grc' dir='ltr'>ἀπὸ</span> <span class='ocrx_word' id='word_1_458' title='bbox 1481 1548 1550 1583; x_wconf 83' lang='grc' dir='ltr'><strong>τῶν</strong></span> <span class='ocrx_word' id='word_1_459' title='bbox 1579 1544 1721 1596; x_wconf 87' lang='grc' dir='ltr'>πύργων</span> <span class='ocrx_word' id='word_1_460' title='bbox 1756 1543 1891 1595; x_wconf 76' lang='grc' dir='ltr'>ἔρριψεν</span> <span class='ocrx_word' id='word_1_461' title='bbox 1914 1543 2039 1589; x_wconf 84' lang='grc' dir='ltr'>ἑαυτήν</span> <span class='ocrx_word' id='word_1_462' title='bbox 2056 1557 2066 1567; x_wconf 74' lang='grc'><strong>’</strong></span> <span class='ocrx_word' id='word_1_463' title='bbox 2102 1542 2246 1594; x_wconf 78' lang='grc' dir='ltr'>προνοίᾳ</span> 
     </span>
     <span class='ocr_line' id='line_1_49' title="bbox 1204 1600 2248 1657; baseline -0.007 -13"><span class='ocrx_word' id='word_1_464' title='bbox 1204 1607 1233 1644; x_wconf 89' lang='grc' dir='ltr'><strong>δ’</strong></span> <span class='ocrx_word' id='word_1_465' title='bbox 1253 1603 1454 1657; x_wconf 75' lang='grc' dir='ltr'>Ἀφροδίτης</span> <span class='ocrx_word' id='word_1_466' title='bbox 1474 1603 1710 1649; x_wconf 84' lang='grc' dir='ltr'>κολπωθείσης</span> <span class='ocrx_word' id='word_1_467' title='bbox 1740 1605 1801 1648; x_wconf 86' lang='grc' dir='ltr'>τ’ῆς</span> <span class='ocrx_word' id='word_1_468' title='bbox 1829 1603 1985 1647; x_wconf 75' lang='grc' dir='ltr'>ἐσθῆτος,</span> <span class='ocrx_word' id='word_1_469' title='bbox 2020 1600 2168 1647; x_wconf 82' lang='grc' dir='ltr'>διεσώθη</span> <span class='ocrx_word' id='word_1_470' title='bbox 2191 1600 2248 1638; x_wconf 85' lang='grc' dir='ltr'>ἐπὶ</span> 
     </span>
     <span class='ocr_line' id='line_1_50' title="bbox 1204 1658 2247 1714; baseline -0.007 -12"><span class='ocrx_word' id='word_1_471' title='bbox 1204 1663 1268 1711; x_wconf 84' lang='grc' dir='ltr'><strong>τὴν</strong></span> <span class='ocrx_word' id='word_1_472' title='bbox 1288 1666 1352 1714; x_wconf 71' lang='grc' dir='ltr'><strong>γῆν</strong></span> <span class='ocrx_word' id='word_1_473' title='bbox 1366 1678 1374 1686; x_wconf 89' lang='grc'><em>·</em></span> <span class='ocrx_word' id='word_1_474' title='bbox 1394 1662 1436 1709; x_wconf 83' lang='grc' dir='ltr'><strong>ἣν</strong></span> <span class='ocrx_word' id='word_1_475' title='bbox 1459 1664 1477 1700; x_wconf 84' lang='grc' dir='ltr'><strong>ὃ</strong></span> <span class='ocrx_word' id='word_1_476' title='bbox 1496 1661 1688 1714; x_wconf 85' lang='grc' dir='ltr'>στρατηγὸς</span> <span class='ocrx_word' id='word_1_477' title='bbox 1708 1659 1856 1713; x_wconf 79' lang='grc' dir='ltr'>ἔφθειρε·</span> <span class='ocrx_word' id='word_1_478' title='bbox 1876 1660 1936 1697; x_wconf 87' lang='grc' dir='ltr'><strong>καὶ</strong></span> <span class='ocrx_word' id='word_1_479' title='bbox 1957 1658 2086 1697; x_wconf 88' lang='grc' dir='ltr'>τούτων</span> <span class='ocrx_word' id='word_1_480' title='bbox 2108 1658 2247 1696; x_wconf 87' lang='grc' dir='ltr'>πάντων</span> 
     </span>
     <span class='ocr_line' id='line_1_51' title="bbox 1206 1716 2247 1773; baseline -0.007 -12"><span class='ocrx_word' id='word_1_481' title='bbox 1206 1722 1308 1761; x_wconf 78' lang='grc' dir='ltr'>ἕνεκα</span> <span class='ocrx_word' id='word_1_482' title='bbox 1331 1721 1496 1773; x_wconf 84' lang='grc' dir='ltr'>ἐξωρίσθη</span> <span class='ocrx_word' id='word_1_483' title='bbox 1518 1722 1621 1773; x_wconf 82' lang='grc' dir='ltr'>κοινῷ</span> <span class='ocrx_word' id='word_1_484' title='bbox 1636 1719 1784 1770; x_wconf 88' lang='grc' dir='ltr'>δόγματι</span> <span class='ocrx_word' id='word_1_485' title='bbox 1802 1717 1868 1756; x_wconf 75' lang='grc' dir='ltr'>ὑπὸ</span> <span class='ocrx_word' id='word_1_486' title='bbox 1883 1717 2071 1767; x_wconf 87' lang='grc' dir='ltr'>Ῥωμαίων</span> <span class='ocrx_word' id='word_1_487' title='bbox 2092 1719 2138 1761; x_wconf 83' lang='grc' dir='ltr'><strong>εἷς</strong></span> <span class='ocrx_word' id='word_1_488' title='bbox 2156 1716 2247 1769; x_wconf 86' lang='grc' dir='ltr'>Κέρ-</span> 
     </span>
     <span class='ocr_line' id='line_1_52' title="bbox 1207 1775 2246 1831; baseline -0.006 -12"><span class='ocrx_word' id='word_1_489' title='bbox 1207 1797 1306 1819; x_wconf 91' lang='grc' dir='ltr'>σικαν</span> <span class='ocrx_word' id='word_1_490' title='bbox 1326 1783 1429 1827; x_wconf 76' lang='grc' dir='ltr'>νῆσον</span> <span class='ocrx_word' id='word_1_491' title='bbox 1449 1779 1516 1831; x_wconf 80' lang='grc' dir='ltr'>πρὸ</span> <span class='ocrx_word' id='word_1_492' title='bbox 1534 1782 1594 1826; x_wconf 78' lang='grc' dir='ltr'>τ’ἧς</span> <span class='ocrx_word' id='word_1_493' title='bbox 1618 1778 1788 1822; x_wconf 84' lang='grc' dir='ltr'>Ἰταλίας·</span> <span class='ocrx_word' id='word_1_494' title='bbox 1815 1779 1861 1821; x_wconf 84' lang='grc' dir='ltr'><strong>ὡς</strong></span> <span class='ocrx_word' id='word_1_495' title='bbox 1888 1775 2058 1829; x_wconf 75' lang='grc' dir='ltr'>Θεόφιλος</span> <span class='ocrx_word' id='word_1_496' title='bbox 2079 1778 2112 1814; x_wconf 85' lang='grc' dir='ltr'><strong>ἐν</strong></span> <span class='ocrx_word' id='word_1_497' title='bbox 2140 1775 2246 1828; x_wconf 85' lang='grc' dir='ltr'>τρίτῳ</span> 
     </span>
     <span class='ocr_line' id='line_1_53' title="bbox 1207 1836 1405 1878; baseline -0.015 0"><span class='ocrx_word' id='word_1_498' title='bbox 1207 1836 1405 1878; x_wconf 61' lang='grc' dir='ltr'>Ἰταλικῶν.</span> 
     </span>
    </p>
   </div>
   <div class='ocr_carea' id='block_1_11' title="bbox 118 2709 2245 2732">
    <p class='ocr_par' dir='ltr' id='par_1_11' title="bbox 118 2709 2245 2732">
     <span class='ocr_line' id='line_1_54' title="bbox 118 2709 2245 2732; baseline -0.005 -5"><span class='ocrx_word' id='word_1_499' title='bbox 118 2709 2245 2732; x_wconf 55' lang='lat' dir='ltr'><em>W</em></span> 
     </span>
    </p>
   </div>
   <div class='ocr_carea' id='block_1_12' title="bbox 108 2745 2257 2952">
    <p class='ocr_par' dir='ltr' id='par_1_12' title="bbox 108 2745 2257 2952">
     <span class='ocr_line' id='line_1_55' title="bbox 503 2745 2254 2808; baseline -0.006 -22"><span class='ocrx_word' id='word_1_500' title='bbox 503 2768 745 2808; x_wconf 81' lang='lat' dir='ltr'><strong>ANNALES</strong></span> <span class='ocrx_word' id='word_1_501' title='bbox 1211 2751 1293 2782; x_wconf 90' lang='lat' dir='ltr'><strong>tium</strong></span> <span class='ocrx_word' id='word_1_502' title='bbox 1310 2750 1490 2790; x_wconf 86' lang='lat' dir='ltr'><strong>Torquatus</strong></span> <span class='ocrx_word' id='word_1_503' title='bbox 1511 2748 1698 2786; x_wconf 88' lang='lat' dir='ltr'><strong>obtulisset,</strong></span> <span class='ocrx_word' id='word_1_504' title='bbox 1725 2746 1766 2778; x_wconf 92' lang='lat' dir='ltr'><strong>ob</strong></span> <span class='ocrx_word' id='word_1_505' title='bbox 1787 2747 1875 2778; x_wconf 75' lang='lat' dir='ltr'><strong>istaec</strong></span> <span class='ocrx_word' id='word_1_506' title='bbox 1897 2746 1981 2777; x_wconf 77' lang='lat' dir='ltr'><strong>facta</strong></span> <span class='ocrx_word' id='word_1_507' title='bbox 2003 2745 2165 2777; x_wconf 84' lang='lat' dir='ltr'><strong>communi</strong></span> <span class='ocrx_word' id='word_1_508' title='bbox 2189 2747 2254 2776; x_wconf 86' lang='lat' dir='ltr'><strong>Ro-</strong></span> 
     </span>
     <span class='ocr_line' id='line_1_56' title="bbox 748 2796 2257 2839; baseline -0.007 -2"><span class='ocrx_word' id='word_1_509' title='bbox 748 2797 758 2807; x_wconf 65' lang='lat'><em>*</em></span> <span class='ocrx_word' id='word_1_510' title='bbox 1212 2810 1379 2834; x_wconf 85' lang='lat' dir='ltr'><strong>manorum</strong></span> <span class='ocrx_word' id='word_1_511' title='bbox 1391 2801 1518 2832; x_wconf 90' lang='lat' dir='ltr'><strong>decreto</strong></span> <span class='ocrx_word' id='word_1_512' title='bbox 1529 2800 1715 2839; x_wconf 84' lang='lat' dir='ltr'><strong>deportatus</strong></span> <span class='ocrx_word' id='word_1_513' title='bbox 1722 2802 1769 2830; x_wconf 87' lang='lat' dir='ltr'><strong>est</strong></span> <span class='ocrx_word' id='word_1_514' title='bbox 1782 2799 1813 2829; x_wconf 89' lang='lat' dir='ltr'><strong>in</strong></span> <span class='ocrx_word' id='word_1_515' title='bbox 1827 2798 1987 2831; x_wconf 79' lang='lat' dir='ltr'><strong>Corsicam</strong></span> <span class='ocrx_word' id='word_1_516' title='bbox 1998 2821 2006 2837; x_wconf 93' lang='lat'><strong>,</strong></span> <span class='ocrx_word' id='word_1_517' title='bbox 2020 2806 2092 2837; x_wconf 80' lang='lat' dir='ltr'><strong>quae</strong></span> <span class='ocrx_word' id='word_1_518' title='bbox 2101 2796 2257 2829; x_wconf 84' lang='lat' dir='ltr'><strong>estinsula</strong></span> 
     </span>
     <span class='ocr_line' id='line_1_57' title="bbox 149 2850 2172 2901; baseline -0.006 -9"><span class='ocrx_word' id='word_1_519' title='bbox 149 2860 323 2901; x_wconf 79' lang='lat' dir='ltr'><strong>Theolytus</strong></span> <span class='ocrx_word' id='word_1_520' title='bbox 338 2861 369 2891; x_wconf 91' lang='lat' dir='ltr'><strong>in</strong></span> <span class='ocrx_word' id='word_1_521' title='bbox 385 2859 526 2892; x_wconf 87' lang='lat' dir='ltr'><strong>secundo</strong></span> <span class='ocrx_word' id='word_1_522' title='bbox 545 2860 715 2892; x_wconf 85' lang='lat' dir='ltr'><strong>Annalium</strong></span> <span class='ocrx_word' id='word_1_523' title='bbox 738 2860 782 2891; x_wconf 89' lang='lat' dir='ltr'><strong>ait</strong></span> <span class='ocrx_word' id='word_1_524' title='bbox 805 2859 835 2891; x_wconf 90' lang='lat' dir='ltr'><strong>in</strong></span> <span class='ocrx_word' id='word_1_525' title='bbox 857 2859 960 2891; x_wconf 89' lang='lat' dir='ltr'><strong>lebete</strong></span> <span class='ocrx_word' id='word_1_526' title='bbox 985 2856 1152 2889; x_wconf 79' lang='lat' dir='ltr'><strong>Herculem</strong></span> <span class='ocrx_word' id='word_1_527' title='bbox 1211 2856 1286 2886; x_wconf 87' lang='lat' dir='ltr'><strong>ante</strong></span> <span class='ocrx_word' id='word_1_528' title='bbox 1297 2854 1432 2886; x_wconf 81' lang='lat' dir='ltr'><strong>Italiam.</strong></span> <span class='ocrx_word' id='word_1_529' title='bbox 1449 2854 1562 2885; x_wconf 85' lang='lat' dir='ltr'><strong>Narrat</strong></span> <span class='ocrx_word' id='word_1_530' title='bbox 1576 2852 1646 2883; x_wconf 83' lang='lat' dir='ltr'><strong>haec</strong></span> <span class='ocrx_word' id='word_1_531' title='bbox 1660 2851 1855 2890; x_wconf 83' lang='lat' dir='ltr'><strong>Theophilus</strong></span> <span class='ocrx_word' id='word_1_532' title='bbox 1872 2851 2057 2882; x_wconf 86' lang='lat' dir='ltr'><strong>Italicorum</strong></span> <span class='ocrx_word' id='word_1_533' title='bbox 2068 2850 2172 2881; x_wconf 88' lang='lat' dir='ltr'><strong>tertio.</strong></span> 
     </span>
     <span class='ocr_line' id='line_1_58' title="bbox 108 2910 1152 2952; baseline -0.004 -9"><span class='ocrx_word' id='word_1_534' title='bbox 108 2912 271 2952; x_wconf 84' lang='lat' dir='ltr'><strong>navigasse</strong></span> <span class='ocrx_word' id='word_1_535' title='bbox 293 2912 369 2952; x_wconf 86' lang='lat' dir='ltr'><strong>(per</strong></span> <span class='ocrx_word' id='word_1_536' title='bbox 393 2911 590 2952; x_wconf 88' lang='lat' dir='ltr'><strong>oceanum),</strong></span> <span class='ocrx_word' id='word_1_537' title='bbox 614 2911 718 2952; x_wconf 91' lang='lat' dir='ltr'><strong>primo</strong></span> <span class='ocrx_word' id='word_1_538' title='bbox 744 2911 805 2943; x_wconf 84' lang='lat' dir='ltr'><strong>hoc</strong></span> <span class='ocrx_word' id='word_1_539' title='bbox 826 2910 951 2942; x_wconf 85' lang='lat' dir='ltr'><strong>dicente</strong></span> <span class='ocrx_word' id='word_1_540' title='bbox 971 2910 1152 2941; x_wconf 86' lang='lat' dir='ltr'><strong>Titanoma·</strong></span> 
     </span>
    </p>
   </div>
   <div class='ocr_carea' id='block_1_13' title="bbox 109 2936 1964 2995">
    <p class='ocr_par' dir='ltr' id='par_1_13' title="bbox 109 2936 1964 2995">
     <span class='ocr_line' id='line_1_59' title="bbox 109 2936 1964 2995; baseline -0.012 0"><span class='ocrx_word' id='word_1_541' title='bbox 109 2963 190 2995; x_wconf 80' lang='lat' dir='ltr'><strong>chine</strong></span> <span class='ocrx_word' id='word_1_542' title='bbox 202 2964 341 2995; x_wconf 87' lang='lat' dir='ltr'><strong>auctore.</strong></span> <span class='ocrx_word' id='word_1_543' title='bbox 1504 2940 1534 2977; x_wconf 94' lang='lat' dir='ltr'>P</span> <span class='ocrx_word' id='word_1_544' title='bbox 1539 2938 1733 2977; x_wconf 84' lang='lat' dir='ltr'>ELOPON</span> <span class='ocrx_word' id='word_1_545' title='bbox 1740 2936 1964 2975; x_wconf 84' lang='lat' dir='ltr'><strong>NESIACA.</strong></span> 
     </span>
    </p>
   </div>
   <div class='ocr_carea' id='block_1_14' title="bbox 520 3020 2258 3149">
    <p class='ocr_par' dir='ltr' id='par_1_14' title="bbox 520 3020 2258 3149">
     <span class='ocr_line' id='line_1_60' title="bbox 520 3020 2258 3072; baseline -0.006 -11"><span class='ocrx_word' id='word_1_546' title='bbox 520 3033 572 3072; x_wconf 88' lang='lat' dir='ltr'><strong>1T</strong></span> <span class='ocrx_word' id='word_1_547' title='bbox 575 3032 689 3071; x_wconf 79' lang='lat' dir='ltr'>ALIC</span> <span class='ocrx_word' id='word_1_548' title='bbox 692 3033 738 3071; x_wconf 66' lang='lat' dir='ltr'><strong>A⁸</strong></span> <span class='ocrx_word' id='word_1_549' title='bbox 1254 3026 1341 3058; x_wconf 91' lang='lat' dir='ltr'><strong>Bello</strong></span> <span class='ocrx_word' id='word_1_550' title='bbox 1356 3024 1622 3065; x_wconf 83' lang='lat' dir='ltr'><strong>Peloponnesiaco</strong></span> <span class='ocrx_word' id='word_1_551' title='bbox 1643 3023 1779 3054; x_wconf 87' lang='lat' dir='ltr'><strong>durante</strong></span> <span class='ocrx_word' id='word_1_552' title='bbox 1790 3047 1798 3062; x_wconf 93' lang='lat'><strong>,</strong></span> <span class='ocrx_word' id='word_1_553' title='bbox 1826 3022 2010 3054; x_wconf 83' lang='lat' dir='ltr'><strong>Pisistratus</strong></span> <span class='ocrx_word' id='word_1_554' title='bbox 2026 3020 2258 3054; x_wconf 82' lang='lat' dir='ltr'><strong>orchomenius</strong></span> 
     </span>
     <span class='ocr_line' id='line_1_61' title="bbox 615 3076 2255 3149; baseline -0.005 -36"><span class='ocrx_word' id='word_1_555' title='bbox 615 3117 648 3149; x_wconf 42' lang='lat'><strong>1-</strong></span> <span class='ocrx_word' id='word_1_556' title='bbox 1213 3078 1352 3110; x_wconf 79' lang='lat' dir='ltr'><strong>infensus</strong></span> <span class='ocrx_word' id='word_1_557' title='bbox 1368 3077 1545 3116; x_wconf 73' lang='lat' dir='ltr'><strong>nobilitati,</strong></span> <span class='ocrx_word' id='word_1_558' title='bbox 1564 3076 1716 3108; x_wconf 84' lang='lat' dir='ltr'><strong>tenuibus</strong></span> <span class='ocrx_word' id='word_1_559' title='bbox 1741 3076 1879 3107; x_wconf 82' lang='lat' dir='ltr'><strong>favebat.</strong></span> <span class='ocrx_word' id='word_1_560' title='bbox 1899 3077 2010 3115; x_wconf 86' lang='lat' dir='ltr'><strong>ltaque</strong></span> <span class='ocrx_word' id='word_1_561' title='bbox 2031 3076 2160 3106; x_wconf 82' lang='lat' dir='ltr'><strong>senatus</strong></span> <span class='ocrx_word' id='word_1_562' title='bbox 2182 3082 2255 3104; x_wconf 88' lang='lat' dir='ltr'><strong>eum</strong></span> 
     </span>
    </p>
   </div>
   <div class='ocr_carea' id='block_1_15' title="bbox 153 3123 2255 3222">
    <p class='ocr_par' dir='ltr' id='par_1_15' title="bbox 153 3123 2255 3222">
     <span class='ocr_line' id='line_1_62' title="bbox 1213 3123 2255 3169; baseline -0.008 -8"><span class='ocrx_word' id='word_1_563' title='bbox 1213 3138 1268 3169; x_wconf 89' lang='lat' dir='ltr'><strong>per</strong></span> <span class='ocrx_word' id='word_1_564' title='bbox 1283 3129 1411 3161; x_wconf 86' lang='lat' dir='ltr'><strong>insidias</strong></span> <span class='ocrx_word' id='word_1_565' title='bbox 1426 3128 1573 3166; x_wconf 87' lang='lat' dir='ltr'><strong>necavit,</strong></span> <span class='ocrx_word' id='word_1_566' title='bbox 1591 3127 1851 3168; x_wconf 83' lang='lat' dir='ltr'><strong>discerptumque</strong></span> <span class='ocrx_word' id='word_1_567' title='bbox 1868 3126 1900 3158; x_wconf 92' lang='lat' dir='ltr'><strong>in</strong></span> <span class='ocrx_word' id='word_1_568' title='bbox 1925 3127 2026 3158; x_wconf 77' lang='lat' dir='ltr'><strong>frusta</strong></span> <span class='ocrx_word' id='word_1_569' title='bbox 2046 3125 2181 3156; x_wconf 85' lang='lat' dir='ltr'><strong>sinubus</strong></span> <span class='ocrx_word' id='word_1_570' title='bbox 2205 3123 2255 3154; x_wconf 91' lang='lat' dir='ltr'><strong>in-</strong></span> 
     </span>
     <span class='ocr_line' id='line_1_63' title="bbox 153 3174 2254 3222; baseline -0.003 -11"><span class='ocrx_word' id='word_1_571' title='bbox 153 3180 285 3212; x_wconf 84' lang='lat' dir='ltr'><strong>Romani</strong></span> <span class='ocrx_word' id='word_1_572' title='bbox 298 3180 382 3212; x_wconf 84' lang='lat' dir='ltr'><strong>bello</strong></span> <span class='ocrx_word' id='word_1_573' title='bbox 398 3181 428 3212; x_wconf 91' lang='lat' dir='ltr'><strong>in</strong></span> <span class='ocrx_word' id='word_1_574' title='bbox 443 3181 595 3213; x_wconf 85' lang='lat' dir='ltr'><strong>Etruscos</strong></span> <span class='ocrx_word' id='word_1_575' title='bbox 607 3181 819 3222; x_wconf 78' lang='lat' dir='ltr'><strong>praefecerunt</strong></span> <span class='ocrx_word' id='word_1_576' title='bbox 833 3180 997 3213; x_wconf 84' lang='lat' dir='ltr'><strong>Valerium</strong></span> <span class='ocrx_word' id='word_1_577' title='bbox 1011 3180 1153 3219; x_wconf 84' lang='lat' dir='ltr'><strong>Torqua·</strong></span> <span class='ocrx_word' id='word_1_578' title='bbox 1210 3180 1332 3220; x_wconf 79' lang='lat' dir='ltr'><strong>Jectum</strong></span> <span class='ocrx_word' id='word_1_579' title='bbox 1352 3181 1550 3219; x_wconf 83' lang='lat' dir='ltr'><strong>egesserunt,</strong></span> <span class='ocrx_word' id='word_1_580' title='bbox 1573 3179 1684 3219; x_wconf 85' lang='lat' dir='ltr'><strong>erasa(</strong></span> <span class='ocrx_word' id='word_1_581' title='bbox 1703 3187 1744 3210; x_wconf 85' lang='lat' dir='ltr'><strong>ne</strong></span> <span class='ocrx_word' id='word_1_582' title='bbox 1773 3178 1903 3218; x_wconf 84' lang='lat' dir='ltr'><strong>vestigia</strong></span> <span class='ocrx_word' id='word_1_583' title='bbox 1924 3177 2020 3209; x_wconf 84' lang='lat' dir='ltr'><strong>caedis</strong></span> <span class='ocrx_word' id='word_1_584' title='bbox 2047 3174 2254 3215; x_wconf 82' lang='lat' dir='ltr'><strong>apparerent)</strong></span> 
     </span>
    </p>
   </div>
   <div class='ocr_carea' id='block_1_16' title="bbox 112 3225 2256 3426">
    <p class='ocr_par' dir='ltr' id='par_1_16' title="bbox 112 3225 2256 3426">
     <span class='ocr_line' id='line_1_64' title="bbox 112 3225 2256 3273; baseline -0.003 -11"><span class='ocrx_word' id='word_1_585' title='bbox 112 3231 195 3262; x_wconf 85' lang='lat' dir='ltr'><strong>tum.</strong></span> <span class='ocrx_word' id='word_1_586' title='bbox 211 3233 242 3263; x_wconf 91' lang='lat' dir='ltr'><strong>ls</strong></span> <span class='ocrx_word' id='word_1_587' title='bbox 254 3240 355 3271; x_wconf 90' lang='lat' dir='ltr'><strong>quum</strong></span> <span class='ocrx_word' id='word_1_588' title='bbox 368 3231 497 3264; x_wconf 87' lang='lat' dir='ltr'><strong>vidisset</strong></span> <span class='ocrx_word' id='word_1_589' title='bbox 511 3232 608 3264; x_wconf 75' lang='lat' dir='ltr'><strong>filiam</strong></span> <span class='ocrx_word' id='word_1_590' title='bbox 621 3233 701 3273; x_wconf 85' lang='lat' dir='ltr'><strong>regis</strong></span> <span class='ocrx_word' id='word_1_591' title='bbox 717 3235 893 3264; x_wconf 88' lang='lat' dir='ltr'><strong>Tuscorum</strong></span> <span class='ocrx_word' id='word_1_592' title='bbox 908 3231 1047 3263; x_wconf 88' lang='lat' dir='ltr'><strong>Clusiam</strong></span> <span class='ocrx_word' id='word_1_593' title='bbox 1058 3255 1067 3270; x_wconf 92' lang='lat'><strong>,</strong></span> <span class='ocrx_word' id='word_1_594' title='bbox 1083 3237 1159 3261; x_wconf 83' lang='lat' dir='ltr'><strong>eam·</strong></span> <span class='ocrx_word' id='word_1_595' title='bbox 1212 3233 1307 3263; x_wconf 89' lang='lat' dir='ltr'><strong>terra.</strong></span> <span class='ocrx_word' id='word_1_596' title='bbox 1324 3230 1450 3262; x_wconf 87' lang='lat' dir='ltr'><strong>Plebeia</strong></span> <span class='ocrx_word' id='word_1_597' title='bbox 1465 3232 1573 3262; x_wconf 86' lang='lat' dir='ltr'><strong>autem</strong></span> <span class='ocrx_word' id='word_1_598' title='bbox 1588 3229 1684 3261; x_wconf 87' lang='lat' dir='ltr'><strong>turba</strong></span> <span class='ocrx_word' id='word_1_599' title='bbox 1697 3229 1875 3269; x_wconf 85' lang='lat' dir='ltr'><strong>suspicione</strong></span> <span class='ocrx_word' id='word_1_600' title='bbox 1888 3228 1962 3260; x_wconf 81' lang='lat' dir='ltr'><strong>facti</strong></span> <span class='ocrx_word' id='word_1_601' title='bbox 1975 3227 2132 3259; x_wconf 79' lang='lat' dir='ltr'><strong>concitata</strong></span> <span class='ocrx_word' id='word_1_602' title='bbox 2149 3225 2189 3256; x_wconf 84' lang='lat' dir='ltr'><strong>ad</strong></span> <span class='ocrx_word' id='word_1_603' title='bbox 2202 3233 2256 3255; x_wconf 86' lang='lat' dir='ltr'><strong>cu-</strong></span> 
     </span>
     <span class='ocr_line' id='line_1_65' title="bbox 112 3276 2254 3324; baseline -0.003 -12"><span class='ocrx_word' id='word_1_604' title='bbox 112 3281 246 3321; x_wconf 82' lang='lat' dir='ltr'><strong>petivit;</strong></span> <span class='ocrx_word' id='word_1_605' title='bbox 262 3291 427 3323; x_wconf 88' lang='lat' dir='ltr'><strong>quumque</strong></span> <span class='ocrx_word' id='word_1_606' title='bbox 440 3292 504 3315; x_wconf 92' lang='lat' dir='ltr'><strong>non</strong></span> <span class='ocrx_word' id='word_1_607' title='bbox 520 3283 736 3324; x_wconf 86' lang='lat' dir='ltr'><strong>impetrasset,</strong></span> <span class='ocrx_word' id='word_1_608' title='bbox 756 3284 869 3316; x_wconf 86' lang='lat' dir='ltr'><strong>urbem</strong></span> <span class='ocrx_word' id='word_1_609' title='bbox 885 3283 1032 3315; x_wconf 83' lang='lat' dir='ltr'><strong>vastavit.</strong></span> <span class='ocrx_word' id='word_1_610' title='bbox 1048 3281 1155 3314; x_wconf 86' lang='lat' dir='ltr'><strong>Glusia</strong></span> <span class='ocrx_word' id='word_1_611' title='bbox 1213 3283 1294 3315; x_wconf 83' lang='lat' dir='ltr'><strong>riam</strong></span> <span class='ocrx_word' id='word_1_612' title='bbox 1310 3291 1500 3315; x_wconf 87' lang='lat' dir='ltr'><strong>concursum</strong></span> <span class='ocrx_word' id='word_1_613' title='bbox 1525 3284 1562 3314; x_wconf 90' lang='lat' dir='ltr'><strong>ut</strong></span> <span class='ocrx_word' id='word_1_614' title='bbox 1579 3282 1670 3322; x_wconf 81' lang='lat' dir='ltr'><strong>fecit,</strong></span> <span class='ocrx_word' id='word_1_615' title='bbox 1694 3281 1913 3313; x_wconf 80' lang='lat' dir='ltr'><strong>Tlesimachus</strong></span> <span class='ocrx_word' id='word_1_616' title='bbox 1925 3280 2033 3319; x_wconf 90' lang='lat' dir='ltr'><strong>junior</strong></span> <span class='ocrx_word' id='word_1_617' title='bbox 2051 3277 2130 3317; x_wconf 83' lang='lat' dir='ltr'><strong>regis</strong></span> <span class='ocrx_word' id='word_1_618' title='bbox 2153 3276 2254 3315; x_wconf 82' lang='lat' dir='ltr'><strong>filius,</strong></span> 
     </span>
     <span class='ocr_line' id='line_1_66' title="bbox 115 3326 2252 3375; baseline -0.003 -12"><span class='ocrx_word' id='word_1_619' title='bbox 115 3332 155 3364; x_wconf 88' lang='lat' dir='ltr'><strong>de</strong></span> <span class='ocrx_word' id='word_1_620' title='bbox 175 3334 254 3365; x_wconf 89' lang='lat' dir='ltr'><strong>turri</strong></span> <span class='ocrx_word' id='word_1_621' title='bbox 268 3343 301 3366; x_wconf 89' lang='lat' dir='ltr'><strong>se</strong></span> <span class='ocrx_word' id='word_1_622' title='bbox 317 3334 416 3374; x_wconf 84' lang='lat' dir='ltr'><strong>ipsam</strong></span> <span class='ocrx_word' id='word_1_623' title='bbox 430 3335 544 3375; x_wconf 82' lang='lat' dir='ltr'><strong>dejecit</strong></span> <span class='ocrx_word' id='word_1_624' title='bbox 563 3348 570 3367; x_wconf 73' lang='grc' dir='ltr'><strong>ε</strong></span> <span class='ocrx_word' id='word_1_625' title='bbox 588 3338 675 3367; x_wconf 88' lang='lat' dir='ltr'><strong>veste</strong></span> <span class='ocrx_word' id='word_1_626' title='bbox 691 3340 799 3368; x_wconf 80' lang='lat' dir='ltr'><strong>autem</strong></span> <span class='ocrx_word' id='word_1_627' title='bbox 823 3336 948 3367; x_wconf 85' lang='lat' dir='ltr'><strong>sinuata</strong></span> <span class='ocrx_word' id='word_1_628' title='bbox 967 3335 1155 3375; x_wconf 83' lang='lat' dir='ltr'><strong>(curaverat</strong></span> <span class='ocrx_word' id='word_1_629' title='bbox 1189 3334 1192 3342; x_wconf 94' lang='grc'><em>“</em></span> <span class='ocrx_word' id='word_1_630' title='bbox 1214 3333 1443 3374; x_wconf 84' lang='lat' dir='ltr'><strong>conjurationis</strong></span> <span class='ocrx_word' id='word_1_631' title='bbox 1464 3334 1628 3373; x_wconf 84' lang='lat' dir='ltr'><strong>conscius,</strong></span> <span class='ocrx_word' id='word_1_632' title='bbox 1654 3332 1894 3364; x_wconf 87' lang='lat' dir='ltr'><strong>multitudinem</strong></span> <span class='ocrx_word' id='word_1_633' title='bbox 1915 3340 1935 3362; x_wconf 89' lang='lat' dir='ltr'><strong>a</strong></span> <span class='ocrx_word' id='word_1_634' title='bbox 1955 3330 2106 3362; x_wconf 83' lang='lat' dir='ltr'><strong>concione</strong></span> <span class='ocrx_word' id='word_1_635' title='bbox 2120 3326 2252 3364; x_wconf 86' lang='lat' dir='ltr'><strong>avertit,</strong></span> 
     </span>
     <span class='ocr_line' id='line_1_67' title="bbox 118 3380 2250 3426; baseline -0.002 -14"><span class='ocrx_word' id='word_1_636' title='bbox 118 3381 178 3414; x_wconf 84' lang='lat' dir='ltr'><strong>lioc</strong></span> <span class='ocrx_word' id='word_1_637' title='bbox 197 3386 325 3426; x_wconf 89' lang='lat' dir='ltr'><strong>Venus)</strong></span> <span class='ocrx_word' id='word_1_638' title='bbox 342 3385 511 3418; x_wconf 86' lang='lat' dir='ltr'><strong>incolumis</strong></span> <span class='ocrx_word' id='word_1_639' title='bbox 527 3387 566 3418; x_wconf 88' lang='lat' dir='ltr'><strong>ad</strong></span> <span class='ocrx_word' id='word_1_640' title='bbox 583 3388 702 3419; x_wconf 84' lang='lat' dir='ltr'><strong>terram</strong></span> <span class='ocrx_word' id='word_1_641' title='bbox 718 3387 821 3419; x_wconf 86' lang='lat' dir='ltr'><strong>delata</strong></span> <span class='ocrx_word' id='word_1_642' title='bbox 835 3389 883 3419; x_wconf 78' lang='lat' dir='ltr'><strong>est</strong></span> <span class='ocrx_word' id='word_1_643' title='bbox 900 3396 907 3418; x_wconf 95' lang='lat'>:</span> <span class='ocrx_word' id='word_1_644' title='bbox 926 3386 976 3418; x_wconf 92' lang='lat' dir='ltr'><strong>cui</strong></span> <span class='ocrx_word' id='word_1_645' title='bbox 991 3395 1092 3426; x_wconf 88' lang='lat' dir='ltr'><strong>quum</strong></span> <span class='ocrx_word' id='word_1_646' title='bbox 1107 3386 1154 3417; x_wconf 89' lang='lat' dir='ltr'><strong>vi·</strong></span> <span class='ocrx_word' id='word_1_647' title='bbox 1211 3385 1298 3426; x_wconf 84' lang='lat' dir='ltr'><strong>quod</strong></span> <span class='ocrx_word' id='word_1_648' title='bbox 1308 3384 1428 3421; x_wconf 82' lang='lat' dir='ltr'><strong>diceret</strong></span> <span class='ocrx_word' id='word_1_649' title='bbox 1439 3385 1712 3425; x_wconf 82' lang='lat' dir='ltr'><strong>aseconspectum</strong></span> <span class='ocrx_word' id='word_1_650' title='bbox 1727 3385 1848 3424; x_wconf 76' lang='lat' dir='ltr'><strong>patrem</strong></span> <span class='ocrx_word' id='word_1_651' title='bbox 1858 3391 1964 3421; x_wconf 88' lang='lat' dir='ltr'><strong>suum,</strong></span> <span class='ocrx_word' id='word_1_652' title='bbox 1975 3380 2031 3422; x_wconf 87' lang='lat' dir='ltr'><strong>qui</strong></span> <span class='ocrx_word' id='word_1_653' title='bbox 2045 3381 2144 3411; x_wconf 82' lang='lat' dir='ltr'><strong>forma</strong></span> <span class='ocrx_word' id='word_1_654' title='bbox 2156 3385 2250 3417; x_wconf 87' lang='lat' dir='ltr'><strong>quam</strong></span> 
     </span>
    </p>
   </div>
   <div class='ocr_carea' id='block_1_17' title="bbox 2064 3437 2109 3465">
    <p class='ocr_par' dir='ltr' id='par_1_17' title="bbox 2064 3437 2109 3465">
     <span class='ocr_line' id='line_1_68' title="bbox 2064 3437 2109 3465; baseline 0 0"><span class='ocrx_word' id='word_1_655' title='bbox 2064 3437 2109 3465; x_wconf 77' lang='grc'><strong>33.</strong></span> 
     </span>
    </p>
   </div>
  </div>
 </body>
</html>
