2326 3724
14 445 34 484 ι,

8 486 104 562 ῗΐι

6 560 34 629 {3

985 158 1318 199 FRAGMENTA.
2196 159 2244 194 55

562 278 650 317 103.

129 383 265 422 Idem:
285 379 674 432 Διαυχενίζεσθαι.
700 394 716 410 «ι
735 375 779 415 Ὁ
803 373 902 413 δὲτὰ
921 373 1127 428 φρονήματα

11 433 31 468 7
79 441 138 482 καὶ
159 438 238 482 τους
257 437 384 489 θυμους
403 440 471 476 τῶν
492 437 714 490 στρατιωτῶν
736 433 935 486 ἀνηρέθιζε,
955 433 1015 472 καὶ
1032 434 1129 471 διαυ-

104 498 271 547 ενίζεσθαι
290 498 374 550 πρὸς
404 496 444 535 τὸ
474 495 650 550 ἀγερωχον
675 499 751 537 ταῖς
778 491 939 544 μελέταις
968 491 1126 537 ἐξεκάλει

79 558 137 598 καὶ
155 556 402 611 φιλοκίνδυνον.
426 573 443 590 »

131 619 239 655 Idem
263 628 272 656 :
292 613 562 667 Ἀνηρέθιζε,
595 612 652 651 ἐπί
677 627 710 650 τι
739 609 944 663 παρώτρυνε
970 626 1030 648 και
1057 625 1127 647 πα-

83 676 238 750 ρέθηγεν.
269 673 463 717 Εὖνάπιος·
485 690 501 707 «
522 671 567 711 Ὁ
596 671 632 709 δὲ
657 670 701 708 τὰ
727 685 935 723 φρονηματα
962 668 1022 707 καὶ
1051 667 1129 711 τοὺς

80 734 209 787 θυμους
224 735 295 772 τῶν
316 733 539 785 στρατιωτῶν
562 731 770 783 ἀνηρέθιζεν.
792 747 807 764 n

137 811 155 828 α
174 795 310 844 Agitur
326 793 423 829 forte
443 792 491 829 de
505 792 789 835 Valentinian0‚
812 790 879 839 qui
902 796 946 825 ut
971 788 1131 825 Celtica-

80 868 165 892 rum
195 853 363 903 gentium
393 852 585 888 securitati
614 849 860 899 provideret,
887 844 1047 884 νεολαίαν
1078 842 1130 882 ὅτι
1175 866 1179 869 -

81 910 264 957 πλείστην,
285 912 338 947 ait
368 911 538 947 Zosimus
570 911 636 955 IV,
672 922 734 954 12,
760 921 798 953 2,
821 905 1003 959 ἀθροίσας,
1025 903 1066 942 ἔκ
1093 918 1131 940 τε

80 973 148 1008 τῶν
170 966 429 1021 παροικούντων
445 968 496 1020 τῷ
515 966 633 1017 Ῥήνῳ
663 965 852 1019 βαρὸάρων
869 965 929 1003 καὶ
949 965 989 1002 ἐκ
1007 965 1076 1001 τῶν
1095 964 1130 1000 ἐν

81 1029 152 1072 τοῖς
173 1027 241 1066 ὑπὸ
256 1025 456 1078 Ῥωμαίους
473 1025 583 1063 ἔθνεσι
602 1026 782 1077 γεωργῶν,
797 1029 868 1066 τοῖς
885 1022 1128 1075 στρατηγικοῖς

83 1085 317 1139 ἐγκαταλέξας
332 1084 525 1135 τάγμασιν,
545 1083 653 1127 οὕτως
673 1082 795 1126 αὐτοὺς
815 1081 986 1129 ἐξήσκησε
1006 1080 1050 1118 τὰ
1072 1095 1132 1118 πο-

82 1145 210 1196 λέμια,
238 1145 329 1182 ὥστε
360 1142 458 1196 φόὸῳ
488 1145 550 1189 τῆς
580 1141 660 1195 περὶ
685 1140 729 1179 τὰ
753 1144 898 1179 τοιαῦτα
926 1141 994 1178 τῶν
1024 1154 1131 1192 στρα-

83 1206 218 1243 τιωτῶν
239 1203 387 1253 μελέτης
406 1201 467 1241 καὶ
486 1201 628 1253 πείρας,
650 1199 745 1238 ἐννέα
770 1198 846 1244 τοὺς
865 1199 999 1242 πάντας
1020 1199 1133 1235 ἐνιαυ-

85 1262 164 1307 τοὶος
181 1261 314 1314 μηδένα
333 1264 401 1300 τῶν
422 1259 508 1313 ὑπὲρ
525 1261 584 1299 τὸν
605 1259 732 1305 Ῥῆνον
753 1264 829 1302 ταῖς
849 1258 916 1296 ὑπὸ
937 1255 1135 1308 Ῥωμαίους

84 1321 230 1360 πόλεσιν
259 1322 463 1373 ἐνοχλῆσαι.
483 1322 552 1359 Vel
580 1321 783 1368 respicitur
813 1319 1036 1366 Fravithus,
1069 1318 1135 1365 qui

84 1383 262 1418 adversus
281 1381 440 1417 Gainam
458 1380 538 1416 dux
558 1380 719 1423 electus,
743 1375 940 1429 ἀργούντων
959 1377 1023 1413 οὐκ
1037 1374 1134 1421 ἠνεί-

87 1455 187 1492 χετο,
204 1441 355 1477 Zosimo
374 1446 465 1475 teste
479 1441 526 1483 V,
550 1450 613 1487 20,
639 1441 677 1483 4,
697 1438 765 1473 τῶν
785 1436 1023 1487 στρατιωτῶν,
1044 1431 1136 1471 ἀλλὰ

86 1497 245 1549 μελέταις
269 1495 448 1549 συνεχέσιν
473 1494 628 1543 ἓξήσκει,
647 1494 707 1533 καὶ
724 1493 782 1532 ἐπὶ
802 1496 962 1532 τοσοῦτον
984 1498 1053 1535 τοῖς
1070 1507 1136 1543 γυ-

91 1556 249 1607 μνασίοις
267 1554 574 1608 έπέρρωσεν,ὥστε
585 1555 663 1592 κτλ.
680 1555 806 1591 Potest
819 1555 932 1590 etiam
948 1554 1136 1601 fragmen-

86 1626 168 1654 tum
190 1616 323 1653 referri
343 1616 393 1652 ad
420 1616 704 1660 Sebastianum,
733 1615 800 1663 qui
828 1614 957 1650 electis
986 1612 1138 1648 duobus

87 1677 250 1712 militum
287 1675 454 1711 millibus
467 1702 478 1720 ,
507 1671 558 1725 ’τῇ
593 1676 732 1723 συνεχεῖ
771 1670 970 1723 γυμνασίᾳ,
1006 1678 1049 1706 ut
1086 1671 1139 1706 ait

89 1736 258 1773 Zosimus
291 1736 357 1780 IV,
398 1733 446 1770 23
460 1761 470 1780 ‚
508 1732 528 1769 5
542 1760 552 1779 ,
588 1730 628 1769 τὸ
661 1730 774 1769 ἐνδέον
807 1729 960 1782 ἐπλήρου
1000 1729 1077 1766 κτλ.
1117 1745 1134 1761 »

92 1797 268 1833 Bo1ss0N.

570 1867 659 1907 104.

143 1957 251 1994 Idem
268 1970 307 1995 v.
331 1957 422 2008 Χρῆ
435 1971 491 2007 μα
512 1970 520 1992 :
541 1955 734 1997 Εὖνάπιος·
752 1972 767 1988 «
783 1953 829 1992 ‘0
848 1953 884 1991 δὲ
901 1953 962 1997 τὰς
976 1952 1139 2002 δυνάμεις

92 2016 250 2088 ἤθροισε,
266 2015 326 2053 καὶ
345 2015 384 2052 τὸ
403 2017 527 2067 χρῆμα
543 2016 604 2060 τῆς
625 2012 817 2056 διαδάσεως
832 2011 1055 2064 ἐπισπέρχων
1072 2011 1141 2058 ἤδη

93 2074 154 2112 καὶ
170 2073 472 2124 συμὸιαζόμενος,
487 2073 547 2111 καὶ
568 2071 658 2119 πλὴν
678 2073 808 2124 ἀγαθῆς
828 2073 942 2124 ψυχῆς
959 2073 1062 2120 σῶμα
1080 2071 1142 2108 οὐκ

93 2132 197 2185 ἔχων.
222 2150 238 2166 »

150 2208 167 2225 «ι
189 2192 325 2240 A'gitur
343 2163 443 2227 forte¹
462 2190 509 2226 de
533 2190 734 2234 Fravitho‚
758 2189 825 2238 qui
851 2196 943 2224 teste
968 2189 1143 2236 Eunapio

96 2250 164 2300 (fr.
203 2250 275 2300 80)
310 2246 420 2287 ἐνόσει
452 2246 492 2285 τὸ
517 2249 643 2297 σῶμα,
676 2249 737 2293 τῆς
774 2248 889 2299 ψυχῆς
923 2244 1143 2296 υγιαινούσης

94 2306 213 2348 πλέον.
231 2325 247 2342 n
270 2310 396 2345 B01ss.

582 2372 666 2411 105.

149 2474 257 2511 Idem
273 2483 293 2510 v
304 2501 314 2510 .
331 2473 376 2512 Ψ
388 2471 483 2515 ιλός
494 2487 503 2496 ·
521 2471 697 2516 Εὐνάπιος
711 2471 747 2510 δὲ
766 2470 860 2522 λέγει
877 2470 977 2524 ψιλὸν
997 2470 1056 2509 καὶ
1075 2464 1145 2509 οἷον

95 2536 235 2585 κοῦφον.

579 2646 658 2679 103.

140 2701 197 2733 llle
209 2709 286 2732 vero
303 2699 432 2741 spiritus
444 2701 478 2732 et
492 2699 616 2732 animos
631 2700 771 2732 militum
790 2699 954 2739 irritabat,
970 2708 1088 2740 eosque
1106 2699 1146 2731 ad

100 2752 253 2785 ferociam
263 2752 376 2784 erectis
387 2752 566 2784 cervicibus
578 2752 807 2784 ostendendam
815 2754 847 2784 et
855 2752 994 2793 pericula
1000 2753 1147 2793 prompte

100 2803 252 2836 adeunda
269 2804 551 2836 exercitationibus
566 2804 773 2845 provocabat.

578 2859 592 2891 1
600 2859 659 2891 04.

143 2912 201 2945 llle
225 2921 301 2944 vero
324 2912 432 2953 copias
452 2912 555 2952 coegit
571 2914 602 2944 et
627 2912 779 2952 trajectus
794 2913 955 2952 negotium
969 2913 1034 2953 J’am
1049 2913 1148 2945 velie-

103 2966 227 2997 menter
244 2974 377 3006 urgem,
390 2966 423 2997 et
446 2967 563 3006 praeter
578 2965 699 2997 bonum
716 2966 858 2998 animum
876 2975 992 3006 corpus
1006 2975 1071 2998 non
1090 2967 1148 2999 ha-

103 3016 190 3049 bens.

145 3115 287 3149 Nudum.
305 3133 346 3139 ——
362 3116 533 3158 Suspendit
547 3067 664 3148 diiszffi·

584 3167 665 3200 106.

149 3214 318 3255 Eutocius,
343 3224 361 3248 e
385 3216 521 3248 Thracia
546 3217 722 3257 oriundus,
746 3225 809 3248 nec
836 3217 938 3258 probo
964 3217 1071 3250 animo
1090 3218 1150 3250 fnit

107 3277 166 3300 nec
179 3277 292 3308 genere
307 3268 428 3307 nobili,
442 3269 495 3301 sed
510 3269 771 3310 milesgregarius
790 3283 797 3302 z
815 3270 869 3310 qui
886 3279 986 3311 quum
1004 3280 1151 3311 magnam

108 3319 252 3359 pecuniae
274 3328 435 3352 summam
452 3321 577 3352 cohorti
595 3330 662 3353 suae
683 3322 860 3353 suffuratus
877 3323 976 3362 esset,
992 3322 1024 3353 in
1049 3323 1151 3354 Palae-

109 3372 226 3404 stinam
240 3371 330 3412 abiit,
347 3381 544 3414 operamque
559 3374 664 3414 dedit,
680 3375 715 3406 ut
726 3374 809 3415 apud
827 3374 1153 3416 Elcutlieropolitanffi

1246 246 1355 285 Idem
1396 228 1641 296 :⁸Avifisssv,
1683 242 1899 295 ἀνεκρέμασε
1930 249 1999 287 τοῖς
2033 246 2131 287 θεοῖς.
2170 244 2245 282 Εὖ-

1192 304 1327 348 νάπιος.

1230 364 1673 413 Sequuntur-fragmenta
1693 363 1858 398 auctoris
1888 363 1947 397 sui
1975 363 2130 399 nomine
2158 376 2236 398 non

1190 424 1379 472 insignita,
1402 436 1486 471 quae
1501 422 1663 470 Eunapii
1682 433 1760 457 esse
1781 421 1856 456 viri
1869 420 1976 457 docti
2002 430 2242 458 censuerunt.

1681 526 1765 564 106.

1245 623 1377 660 Idem:
1397 622 1447 660 E’
1433 637 1452 658 υ
1463 637 1483 658 τ
1495 620 1590 659 όκιο
1601 636 1615 663 ς
1636 619 1705 658 ἀπὸ
1721 619 1866 673 Θράκης
1886 619 1995 659 ἐλθὼν
2009 620 2086 659 οὔτε
2103 621 2245 673 γνώαην

1195 680 1348 727 ἐπιεικής
1367 695 1419 723 τις
1437 674 1494 726 ἠν,
1511 678 1590 717 οὔτε
1607 678 1724 730 γένους
1748 681 1785 716 εὐ
1808 678 1917 727 ἥκων,
1935 678 2027 717 ἀλλὰ
2056 680 2116 719 καὶ
2139 697 2248 734 στρα-

1191 740 1319 787 τιώτης
1351 738 1415 787 μὲν
1443 741 1462 777 ὃ
1491 737 1627 790 τυχὼν,
1650 736 1766 776 πολλὰ
1795 737 1830 776 δὲ
1861 738 2032 791 χρήματα
2065 739 2162 778 κοινὰ
2188 746 2246 779 τοῦ

1192 797 1278 837 ἰδίου
1307 797 1485 850 τάγματος
1506 798 1704 870 ὑποκλέψρις
1726 796 1839 848 ὤχετο
1865 797 2000 849 φεύγων
2019 799 2066 842 εἷς
2087 799 2149 845 τὴν
2170 801 2247 839 Πα-

1191 856 1383 903 λαιστίνην.
1388 855 1622 909 Ἐπεχείρησε
1632 855 1694 905 μὲν
1703 859 1762 894 οὖν
1766 855 2113 908 Ἐλευθεροπολίταις
2122 859 2247 896 ἑαυτὸν

1194 914 1442 967 ἐγκαταλέςαι,
1461 918 1524 962 τῆς
1549 916 1676 966 βουλῆς
1696 913 1885 965 μετασχων
1911 914 1970 952 ἐπι
1997 915 2160 967 χρήμασι
2182 933 2248 967 με-

1193 973 1327 1026 γάλοις.
1352 974 1424 1013 Καὶ
1436 973 1503 1026 γὰρ
1522 973 1680 1025 ἐγλίχετο
1699 973 1762 1020 τὴν
1788 972 1898 1025 τύχην
1917 973 2130 1023 μεταὸαλεῖν
2148 977 2193 1019 εἰς
2210 975 2248 1013 τὸ

1196 1032 1449 1086 εὐγενέστερον·
1474 1033 1589 1071 καίτοι
1619 1032 1688 1070 ἔδει
1717 1032 1885 1085 πρότερον
1915 1033 2159 1083 μετατίθεσθαι
2186 1034 2250 1082 τὴν

1195 1092 1398 1145 προαίρεσιν
1418 1094 1464 1136 εἷς
1495 1091 1535 1130 τὸ
1557 1094 1724 1145 κρεῖττον.
1752 1091 1845 1130 Ἀλλ’
1868 1089 1964 1142 ὅμως
1983 1094 2014 1130 οἱ
2041 1092 2250 1147 Ἐλευθερο-

1195 1154 1350 1200 πολῒται,
1362 1151 1401 1190 τὸ
1415 1154 1546 1198 πλῆθος
1561 1150 1762 1203 ὑπιδόμενοι
1775 1153 1844 1189 τῶν
1860 1151 2072 1204 χρημάτων,
2086 1154 2124 1191 οὐ
2139 1169 2249 1206 προσ-

1196 1211 1354 1256 εδέξαντο
1386 1211 1445 1250 τὸν
1476 1210 1662 1251 Εὐτόκιον.
1695 1210 1742 1250 ‘O
1783 1210 1819 1249 δὲ
1849 1210 2094 1264 μετεχώρησεν
2128 1215 2162 1257 ἐς
2186 1214 2250 1260 τὴν

1197 1271 1420 1310 Ἀσκάλωνα·
1444 1269 1504 1309 καὶ
1530 1273 1548 1309 ὁ
1573 1270 1652 1310 τότε
1679 1269 1867 1323 πρωτεύων
1889 1271 2067 1324 Κρατερὸς
2099 1274 2251 1323 εὐμενῶς

1198 1330 1302 1369 αὐτὸν
1332 1329 1521 1374 ὑπεδέξατο
1556 1329 1646 1379 μετὰ
1677 1332 1745 1367 τῶν
1774 1328 1987 1382 χρημάτων,
2014 1332 2199 1378 πολιτικῆς
2214 1348 2250 1371 τε

1198 1387 1391 1438 μετέδωκεν
1424 1387 1633 1440 ἐλευθερίας.
1661 1388 1709 1426 Οἱ
1738 1386 1773 1425 δὲ
1801 1390 1942 1440 Θρᾷκες
1974 1387 2108 1441 ὑστέρῳ
2136 1390 2251 1443 χρόνῳ

1197 1446 1290 1484 κατὰ
1315 1445 1439 1485 πύστιν
1460 1446 1602 1494 ἥκοντες
1627 1446 1684 1484 ἐπὶ
1704 1445 1763 1484 τὸν
1792 1445 1976 1494 Εὖτόκιον,
2008 1446 2162 1499 ἀπῄτουν
2191 1449 2251 1488 τὸν

1199 1506 1380 1559 Κρατερὸν
1393 1505 1501 1544 αὐτόν
1519 1521 1557 1544 τε
1574 1505 1634 1544 τὸν
1650 1505 1819 1545 Εὐτόκιον
1840 1505 1901 1544 καὶ
1916 1505 1960 1543 τὰ
1975 1505 2164 1558 χρήματα·
2180 1510 2198 1546 ὅ
2215 1509 2252 1546 δὲ

1199 1566 1236 1602 οὐ
1258 1564 1370 1615 μεθίει
1386 1564 1445 1603 τὸν
1468 1564 1598 1617 ἄνδρα·
1616 1566 1685 1602 τῶν
1715 1563 1751 1602 δὲ
1776 1567 2000 1616 στρατιωτῶν
2021 1566 2078 1602 ἐπι
2097 1565 2195 1614 δίκην
2215 1568 2254 1606 τὸ

1198 1630 1347 1676 πρᾶγμα
1379 1622 1565 1676 φερόντων,
1599 1626 1620 1662 ὃ
1648 1622 1828 1676 Κρατερὸς
1859 1624 2158 1675 υπεραγωνίζεται
2191 1630 2251 1666 τοῦ

1200 1682 1392 1732 Εὐτοκίου,
1426 1682 1487 1721 καὶ
1518 1682 1732 1735 περιγίνεται
1760 1684 1829 1720 τῶν
1855 1683 2023 1734 Θρακων·
2054 1684 2108 1735 ἐφ’
2130 1687 2159 1737 ᾡ
2185 1685 2248 1723 καὶ

1199 1741 1359 1795 χρησμὸς
1379 1740 1596 1790 ἐξέπεσεν,”
1578 1757 1668 1794 εχων
1687 1736 1770 1781 ὧδε.

1258 1820 1274 1835 «
1295 1805 1489 1851 Integrum
1507 1803 1610 1838 hunc
1627 1804 1830 1839 articulum
1846 1803 2045 1852 descripsit
2061 1804 2195 1840 Suidas
2209 1818 2255 1841 ex

1200 1862 1382 1897 historico
1402 1862 1531 1909 aliquo
1552 1861 1755 1910 deperdito
1780 1875 1789 1897 ε
1812 1874 1928 1910 quem
1945 1873 1991 1897 ex
2016 1866 2113 1910 stylo
2131 1864 2256 1900 Euna-

1201 1922 1310 1969 pium
1332 1933 1410 1956 csse
1433 1921 1620 1969 suspicor.
1651 1937 1667 1953 »
1688 1922 1861 1958 Kusrnn.
1896 1921 2038 1957 Contra
2068 1922 2256 1957 Bernhar—

1204 1979 1301 2026 dyus
1319 1992 1326 2013 :
1351 1996 1366 2010 κ
1379 1979 1567 2026 Equidem
1590 1979 1685 2013 nihil
1702 1991 1887 2027 agnosco,
1910 1979 2024 2030 quod*
2042 1980 2255 2028 Eunapium

1203 2039 1321 2087 magis
1356 2050 1471 2086 quam
1499 2038 1690 2073 Malchum
1727 2038 1913 2075 redoleat.
1948 2054 1964 2070 »
1990 2059 2042 2066 -—·
2069 2039 2255 2076 Dubitans

1203 2097 1333 2131 locum
1356 2097 1393 2130 in
1425 2097 1647 2144 Eunapiana
1664 2104 1892 2144 receperunt
1923 2097 2191 2133 Boissonadius
2219 2106 2256 2136 et

1205 2154 1450 2192 Niebuhrius.
1466 2156 1539 2190 Res
1557 2162 1661 2190 tanto
1682 2155 1878 2200 incertior,
1898 2168 2017 2202 quum
2032 2156 2080 2191 de
2094 2157 2255 2192 Eutocio

1207 2213 1272 2247 illo
1293 2211 1449 2260 ejusque
1468 2220 1574 2248 aetate
1596 2226 1675 2248 non
1696 2221 1855 2251 constet.
1876 2214 2107 2251 Niebuhrius
2131 2217 2256 2263 suspi-

1208 2279 1314 2307 catur
1347 2273 1394 2308 ab
1424 2273 1498 2308 hoc
1529 2272 1693 2310 Eutocio
1733 2274 2060 2319 mathematicum,
2092 2275 2159 2322 qui
2187 2276 2256 2311 sub

1207 2331 1419 2366 Justiniano
1439 2332 1607 2380 scripsit,
1625 2332 1774 2368 duxisse
1793 2344 1922 2382 genuS.

1694 2438 1780 2472 107·

1261 2530 1367 2567 Idem
1391 2542 1400 2568 :
1424 2531 1759 2581 Διηυχενίζετο,
1791 2529 1995 2583 ὓψηυχένει.
2016 2548 2030 2564 «
2054 2528 2190 2583 ’Ἕτερα
2223 2529 2258 2567 δὲ

1206 2641 1239 2672 in
1266 2641 1386 2673 civium
1407 2650 1581 2673 numerum
1597 2641 1807 2682 reciperetur,
1830 2643 2000 2682 postquam
2020 2643 2143 2683 magnis
2162 2644 2257 2685 largi-

1206 2693 1347 2725 tionibus
1361 2693 1395 2725 iu
1410 2694 1558 2725 senatum
1574 2693 1755 2734 irrepserat,
1771 2696 1822 2725 Ex.
1835 2693 1950 2726 humili
1967 2694 2064 2735 igitur
2076 2695 2258 2727 conditione

1206 2745 1247 2776 ad
1266 2745 1403 2781 fortunae
1427 2745 1629 2785 splendorem
1658 2745 1827 2785 pervenire
1853 2746 2024 2786 cupiebat,
2047 2741 2147 2786 quum
2171 2747 2259 2787 prius

1206 2797 1363 2830 sentiendi
1386 2797 1543 2830 rationem
1559 2798 1593 2830 in
1609 2798 1725 2830 melius
1745 2798 1907 2831 debuisset
1922 2801 2118 2831 convertere.
2135 2799 2197 2831 Sed
2212 2802 2258 2831 ta-

1207 2860 1280 2883 men
1307 2851 1635 2892 Eleutheropolitani,
1653 2851 1779 2892 copiam
1804 2851 1990 2884 divitiarum
2017 2853 2256 2899 suspectantes,

1207 2904 1381 2936 Eutocium
1402 2913 1467 2936 non
1481 2906 1680 2946 receperunt.
1704 2907 1787 2937 Tum
1806 2906 1995 2938 Ascalonem
2011 2905 2178 2945 migravit;
2203 2906 2258 2936 ubi

1208 2957 1378 2996 Craterus,
1396 2956 1446 2987 vir
1462 2956 1545 2988 inter
1561 2957 1759 2989 Ascalonitas
1780 2957 1969 2997 primarius,
1982 2957 2086 2998 ipsum
2109 2965 2185 2988 cum
2207 2965 2259 2997 pe⁴

1209 3007 1302 3039 cunia
1318 3007 1453 3047 benigne
1467 3007 1624 3048 suscepit,
1642 3009 1675 3040 et
1694 3008 1766 3048 jure
1781 3009 1921 3040 civitatis
1942 3008 2087 3040 donavit.
2120 3008 2259 3040 Thraces

1209 3058 1316 3099 igitur,
1331 3058 1372 3091 ad
1385 3068 1468 3100 quos
1483 3060 1568 3091 fama
1582 3060 1651 3100 ejus
1666 3060 1711 3091 rei
1726 3060 1848 3100 perlata
1864 3061 1987 3099 fuerat,
2011 3060 2182 3091 Eutocium
2202 3068 2256 3090 ve-

1209 3113 1328 3144 nerunt
1343 3113 1530 3145 arcessitum
1541 3137 1550 3152 ,
1567 3122 1586 3144 a
1599 3114 1732 3145 Cratero
1746 3113 1916 3144 Eutocium
1930 3114 1962 3144 et
1984 3112 2152 3152 pecuniam
2167 3120 2257 3151 repe·

1209 3163 1325 3196 tentes.
1342 3164 1399 3196 llle
1411 3166 1519 3196 autem
1536 3164 1644 3196 virum
1657 3173 1721 3195 non
1735 3164 1877 3196 tradidit.
1893 3165 1934 3196 Et
1945 3173 2047 3204 quum
2062 3163 2176 3195 milites
2190 3172 2256 3194 rem

1211 3214 1252 3246 ad
1278 3215 1401 3255 judices
1429 3215 1638 3254 detulissent,
1671 3217 1821 3248 craterus
1848 3215 2026 3247 Eudocium
2055 3213 2195 3245 defendit
2225 3216 2257 3244 ct

1212 3268 1349 3301 Thraces
1363 3267 1439 3299 vicit
1459 3277 1467 3298 :
1485 3276 1550 3308 qua
1565 3267 1605 3299 de
1621 3276 1656 3299 re
1671 3268 1734 3299 tale
1749 3267 2050 3299 oraculmueditum
2067 3266 2126 3297 cst.

1690 3323 1770 3355 107.

1255 3378 1304 3410 Ob
1318 3378 1378 3409 alia
1392 3387 1467 3410 vcro
1490 3378 1717 3418 quaedam-non
1739 3378 1841 3409 multo
1859 3376 1984 3408 minora
2006 3374 2106 3416 caput
2118 3372 2260 3414 erigebat
