2372 3704
122 276 197 309 428

707 267 928 308 HERONlS
958 269 1326 320 ATHENIENSIS,
1358 271 1685 324 ΗΕΡιΟΡΥΤΗῐ,

120 355 190 394 ἀπὸ
208 355 454 403 Βαλληναίου,
492 357 552 394 τοῦ
583 354 809 406 Γανυμήδους
844 355 905 394 καὶ
934 355 1166 407 Μηδηγίστης
1229 359 1280 394 tio
1308 371 1437 395 versus
1459 361 1660 397 nonnullos
1686 361 1796 398 affert
1828 363 2067 400 Herodianus
2087 365 2177 403 Μον.
2202 362 2268 408 λέξ.

118 413 253 458 παιδός.
275 408 389 458 Οὗτος
405 412 472 466 γὰρ
488 413 546 452 τὸν
568 412 785 464 γεννήσαντα
803 412 1015 463 θεασάμενος
1030 415 1167 460 ἀποτη-

117 472 274 523 κόμενον,
293 475 364 517 τοῖς
391 471 570 525 ἐγχωρίοις
588 472 649 510 καὶ
670 471 889 519 Βαλληναῒον
910 470 1031 524 ἑορτὴν
1059 473 1165 510 κατέ-

118 531 204 577 δειξε
225 530 331 585 μέχρι
349 535 408 570 νῦν
419 530 655 581 καλούμενον.

367 637 398 672 E
422 634 639 672 SCRIPTIS
670 634 907 672 INCERTIS.

624 733 661 759 2.

169 793 277 830 Idem
289 793 384 830 ibid.
408 805 430 828 2
445 819 456 838 ,
475 792 496 828 3
525 804 534 829 :
549 787 794 842 Ἑρμησιάναξ
809 788 844 826 δὲ
863 791 880 827 6
895 787 1051 840 Κύπριος
1069 790 1167 827 ἱστο-

116 850 191 903 ρίας
207 850 384 901 μέμνηται
395 848 570 895 τοιαύτης.
591 847 745 886 Ἑλικὼν
756 847 816 885 καὶ
832 847 1009 900 Κιθαιρὼν
1025 846 1166 899 ἀδελφοὶ

115 907 347 960 τυγχάνοντες
368 906 550 960 διαφόρους
583 906 684 958 ἔσχον
705 908 774 944 τῶν
801 905 939 958 τρόπων
960 905 1021 948 τὰς
1050 905 1167 943 διαθέ-

116 983 203 1012 estc*
234 971 251 1006 6
283 967 344 1018 μὲν
382 966 449 1019 γὰρ
477 964 646 1015 Ἑλικὼν,
685 964 873 1018 πρᾳότερος
904 964 1072 1016 ὑπάρχων
1107 963 1166 1002 καὶ

114 1026 310 1079 προσηνὴς,
331 1027 522 1076 συμπαθῶς
540 1022 841 1076 γηροὸοσκεῒτοὺς
860 1029 987 1074 γονεῖς·
1009 1025 1027 1060 6
1049 1022 1085 1060 δὲ
1100 1024 1166 1061 Κι-

115 1085 256 1136 θαιρὼν,
270 1083 479 1130 πλεονέκτης
498 1081 679 1134 τυγχάνων
698 1081 757 1119 καὶ
778 1081 884 1119 θέλων
900 1082 946 1124 εἷς
968 1079 1089 1118 ἑαυτὸν
1103 1096 1168 1130 με·

115 1146 291 1189 ταστῆσαι
307 1142 368 1184 τὴν
384 1141 517 1187 οὐσίαν,
539 1142 677 1192 πρῶτον
699 1139 761 1189 μὲν
779 1139 940 1191 ἐφόνευσε
963 1139 1021 1176 τὸν
1039 1138 1166 1203 γεννή-

117 1217 229 1239 σαντα
242 1230 252 1248 ,
273 1200 330 1239 τὸν
356 1200 385 1238 δ’
405 1198 553 1251 ἀδελφὸν
583 1197 616 1243 ἐξ
643 1197 781 1251 ἐνέδρας
799 1197 1090 1250 κατακρημνίζων
1108 1197 1167 1235 καὶ

117 1259 220 1303 αὐτὸς
240 1260 521 1311 συγκατηνέχθη.
547 1257 650 1296 Κατὰ
663 1255 699 1294 δὲ
719 1258 803 1294 θεῶν
821 1257 983 1309 πρόνοιαν
1001 1258 1047 1300 εἷς
1060 1255 1165 1306 ὁμώ-

115 1333 208 1368 νυμα
223 1317 286 1370 ὅρη
303 1315 627 1370 μεταμορφηθέντες
641 1317 809 1367 ἐγένοντο.
837 1315 1015 1368 Κιθαιρὼν
1031 1313 1092 1365 μὲν
1111 1314 1166 1352 διὰ

115 1376 178 1423 τὴν
203 1376 366 1414 ἀσέὸειαν
388 1375 577 1428 Ἐριννύων
604 1374 733 1427 μυχὸς,
753 1374 902 1414 Ἑλικὼν
930 1373 966 1412 δὲ
994 1373 1050 1412 διὰ
1071 1375 1168 1426 φιλο-

114 1435 275 1488 στοργίαν
295 1437 447 1475 Μουσῶν
465 1432 682 1484 ἐνδιαίτημα.

623 1516 659 1554 3.

169 1593 227 1631 Id.
249 1593 346 1630 ibid.
367 1599 432 1639 24,
462 1606 477 1629 1
503 1607 510 1629 ε
534 1590 777 1643 ἹΞρμησιάναξ
798 1590 834 1629 δὲ
853 1594 871 1629 6
901 1591 1057 1644 Κύπριος
1072 1591 1166 1629 ἱστο-

122 1650 196 1702 ρίας
214 1650 390 1701 μέμνηται
424 1649 608 1696 τοιαύτης·
636 1649 800 1692 Διόνυσος
827 1649 980 1702 ἐρασθεὶς
1007 1650 1167 1702 Ἀλφεσι-

116 1708 214 1752 &otum
234 1708 390 1762 νύμφης,
424 1708 484 1746 καὶ
506 1708 594 1758 μήτε
621 1708 741 1760 δώροις
765 1707 853 1758 μήτε
885 1707 1023 1754 δεήσεσι
1047 1708 1167 1745 πεῖσαι

116 1767 324 1818 δυνάμενος,
342 1769 388 1810 εἷς
409 1767 471 1814 τὴν
490 1765 745 1819 προειρημένην
765 1766 886 1818 Τίγριν
901 1766 1081 1816 ’μετέὸαλε
1103 1766 1165 1812 τὴν

118 1825 254 1878 μορφὴν
274 1829 332 1863 τοῦ
354 1825 534 1875 σώματος’
556 1826 615 1863 καὶ
629 1824 725 1877 φόὸῳ
744 1824 867 1869 πείσας
891 1826 953 1871 τὴν
973 1825 1167 1875 ἀγαπωμέ-

116 1900 191 1932 νην,
213 1884 380 1922 ἀνέλαὸεν
402 1883 510 1930 αὐτήν
525 1899 532 1908 ·
560 1883 620 1922 καὶ
641 1883 697 1920 διὰ
727 1886 786 1921 τοῦ
819 1886 979 1932 ποταμοῦ
999 1883 1166 1933 κομίσας,

117 1942 295 1993 ἐγέννησεν
317 1942 389 1981 υἱὸν
412 1943 545 1989 Μῆδον,
564 1941 598 1985 ὃς
618 1940 782 1990 ἀκμάσας
802 1943 848 1984 εἷς
868 1941 972 1990 τιμὴν
988 1945 1048 1979 τοῦ
1070 1956 1158 1991 συγ-

117 2001 318 2055 κυρήματος
348 2002 406 2040 τὸν
427 2001 587 2052 ποταμὸν
622 2001 746 2053 Τίγριν
781 2000 1029 2053 μετωνόμασε·
1050 2000 1165 2044 καθὼς

115 2061 245 2112 ἱστορεῖ
264 2059 518 2114 Ἀριστώνυμος
533 2061 567 2098 ἐν
583 2059 630 2112 γ’.

167 2257 443 2291 Hermesianax
463 2253 728 2302 Colophonius,
749 2260 867 2301 poeta
880 2253 1083 2301 elegiacus,
1101 2264 1164 2288 se-

115 2314 283 2350 cundum
305 2313 426 2350 schol.
450 2313 499 2348 ad
530 2312 714 2349 Nicandr.
746 2313 858 2347 Ther.
893 2311 914 2349 3
946 2312 1096 2359 scripsit
1116 2308 1165 2347 τὰ

117 2373 152 2409 Π
164 2386 206 2422 ερ
217 2369 318 2408 σικὰ
337 2370 398 2408 καὶ
414 2369 457 2407 τὰ
474 2371 520 2412 εἷς
534 2370 693 2408 Λεόντιον
712 2367 776 2415 τὴν
793 2367 985 2420 ἐρωμένην.
1003 2370 1165 2405 Baebius

119 2430 293 2478 (Philetae
330 2438 366 2466 et
400 2430 714 2465 Hermesianactis
744 2436 815 2466 etc.
854 2429 965 2476 reliq.
998 2440 1039 2476 p.
1076 2425 1164 2477 103)

120 2486 278 2538 Περσικὰ
314 2489 377 2524 illa
401 2498 497 2536 opus
521 2488 743 2524 historicum
767 2486 878 2522 fuisse
902 2493 1033 2534 putat,
1067 2487 1165 2526 tituli

120 2549 264 2583 ratione
294 2554 432 2584 motus.
468 2548 624 2582 Rectius
658 2553 799 2581 statuas
837 2557 990 2581 carmen
1029 2545 1139 2581 fuisse
1152 2572 1162 2590 ,

117 2619 236 2653 quum
266 2607 396 2641 titulus
409 2606 503 2640 nihil
518 2606 708 2641 decernat.
731 2606 791 2640 Sic
810 2605 993 2641 Choerilus
1014 2616 1165 2640 carmen

117 2662 279 2713 Περσικά
297 2664 519 2711 inscriptum
539 2663 771 2712 composuit,
790 2674 836 2698 ex
850 2661 957 2708 cujus
976 2662 1075 2697 libro
1089 2669 1159 2698 ter-

115 2771 284 2811 significat,
292 2772 373 2803 teste
387 2771 646 2804 llermesianacte
659 2772 776 2812 Cyprio
783 2770 925 2803 secundo
937 2772 1057 2802 Rerum
1069 2770 1167 2810 Phry-

114 2823 250 2864 giarum.

620 2873 656 2907 2.

157 2928 383 2961 Hermesianax
410 2929 546 2969 Cyprius
565 2928 648 2960 hanc
664 2929 829 2961 historiam
850 2928 958 2961 refert.
986 2928 1120 2961 Helicon
1135 2928 1167 2960 et

115 2981 282 3014 Cithaeron
309 2981 420 3012 fratres
435 2983 527 3013 erant
551 2981 683 3013 diversis
700 2982 844 3013 moribus
861 2981 988 3022 praediti
1005 2995 1012 3013 z
1034 2981 1167 3014 Helicon

114 3035 200 3068 enim
215 3058 224 3074 ,
242 3034 344 3066 dulcis
358 3035 390 3065 et
406 3034 559 3073 benignus
570 3059 579 3074 ,
594 3036 740 3074 parentes
756 3035 895 3067 seniores
912 3035 1093 3067 humaniter
1109 3043 1165 3066 nu-

114 3087 248 3127 triebat3
263 3087 425 3119 Cithaeron
439 3096 514 3118 vero
536 3088 643 3126 paullo
657 3088 779 3120 avidior
801 3090 833 3120 et
852 3089 1019 3121 corradere
1037 3097 1165 3120 omnem

115 3139 324 3172 substantiam
337 3138 478 3178 cupiens,
487 3138 626 3178 primum
638 3139 768 3179 quidem
779 3140 896 3172 occidit
905 3143 1042 3181 patrem,
1053 3139 1167 3172 deinde

114 3193 247 3225 fratrem
269 3200 311 3224 ex
335 3191 456 3222 insidiis
471 3191 668 3231 praecipitem
685 3191 790 3231 (ledit,
808 3193 863 3224 sed
882 3202 955 3224 cum
982 3202 1020 3225 eo
1035 3193 1167 3233 ipsemet

114 3243 243 3276 decidit.
263 3242 355 3274 Unde
368 3242 500 3274 deorum
514 3242 714 3282 providentia
727 3245 863 3284 uterque
880 3244 912 3276 in
929 3246 1072 3276 montem
1092 3253 1165 3276 ver-

114 3304 169 3328 sus
181 3296 228 3327 est
251 3304 259 3326 :
275 3294 436 3327 Cithaeron
449 3296 579 3334 propter
598 3294 794 3334 impietatem
820 3305 960 3328 recessus
979 3296 1166 3336 Furiarum,

114 3348 249 3384 Helicon
264 3347 307 3379 ob
323 3347 554 3379 humanitatem
568 3339 765 3379 domicilium
780 3349 956 3380 Musarum.

622 3403 655 3434 3.

158 3456 385 3491 Hermesianax
409 3456 544 3498 Cyprius
571 3456 653 3488 hanc
669 3455 834 3488 historiam
867 3458 976 3489 narrat
998 3470 1003 3489 :
1024 3458 1165 3490 Bacchus

1227 429 1265 465 p.
1294 417 1338 454 13
1353 446 1363 463 ‚
1382 418 1419 454 8.
1442 419 1500 454 Ad
1516 421 1663 455 Persica
1677 421 1741 456 illa
1755 422 1947 469 pertinent
1964 435 2045 470 quae
2061 423 2108 459 de
2126 423 2275 460 Nanide

1227 476 1345 512 Croesi
1377 476 1462 512 filiae
1482 489 1528 513 ex
1545 478 1743 525 Licymnio
1765 487 1881 527 poeta
1906 487 1943 516 et
1969 482 2277 518 Hermesianacte

1226 535 1342 583 habet
1351 535 1572 572 Parthenius
1591 537 1697 572 Erot.
1718 549 1753 572 c.
1778 549 1841 576 22.

1643 658 1856 673 “000⁶—

1356 751 1603 809 HERON
1641 752 2144 812 ATHENIENSIS.

1282 880 1416 916 Suidas
1438 894 1446 916 z
1471 876 1612 930 Ἥρων,
1636 878 1788 926 Κότυος,
1810 878 2006 930 Ἀθηναῖος,
2029 879 2144 934 ῥήτωρ
2164 880 2226 926 τὰς
2239 883 2276 921 ἐν

1227 936 1383 983 Ἀθήναις
1411 936 1508 978 δίκας
1525 936 1728 990 γεγραφὼς,
1757 931 1832 975 εἶτα
1860 937 2050 990 Ἔξήγησιν
2070 939 2277 992 Δεινάρχου,

1228 995 1490 1046 “Υπομνήματα
1512 998 1559 1040 εἷς
1579 995 1779 1048 Ἡρόδοτον,
1801 997 2023 1050 Ξενοφῶντα,
2043 999 2277 1051 Θουκυδίδην,

1231 1054 1453 1105 Κεκριμένων
1483 1055 1661 1106 ὀνομάτων
1696 1054 1815 1107 βιὸλία
1835 1056 1879 1107 γ’,
1913 1056 2169 1108 Ἐπιτομὴν
2194 1061 2278 1097 τῶν

1227 1112 1239 1126 ‘
1251 1115 1343 1165 Ηρα
1355 1114 1405 1151 κλ
1416 1129 1430 1151 ε
1441 1113 1451 1151 ί
1462 1114 1480 1151 δ
1491 1129 1535 1151 ου
1559 1115 1781 1166 ἱστοριῶν,
1797 1113 1886 1165 Περὶ
1902 1117 1970 1152 τῶν
1999 1115 2155 1168 ἀρχαίων
2173 1116 2280 1169 ῥητό-

1230 1187 1297 1224 ρων
1319 1172 1379 1211 καὶ
1400 1175 1467 1211 τῶν
1483 1172 1609 1224 λόγων,
1628 1167 1677 1216 οἷς
1703 1172 1864 1220 ἐνίκησαν
1883 1173 1969 1226 πρὸς
1998 1174 2171 1221 ἀλλήλους
2190 1178 2280 1227 ἀγω-

1228 1231 1411 1281 νιζόμενοι.
2283 1232 2286 1235 ’

1284 1291 1489 1338 Cujusnam
1509 1290 1724 1327 Heraclidis
1753 1291 2000 1327 historiarum
2017 1292 2211 1342 epitomen
2225 1292 2280 1329 se-

1229 1352 1324 1387 cerit
1359 1353 1492 1392 Heron
1515 1363 1594 1385 non
1625 1357 1785 1388 constat.
1822 1351 2063 1387 Heraclidem
2088 1351 2276 1388 Lembum

1228 1409 1514 1458 intelligendum
1524 1421 1602 1444 esse
1611 1409 1796 1457 suspicor.
1812 1408 1869 1455 Qu
1875 1421 2051 1456 amquam
2064 1410 2171 1458 quod
2182 1422 2279 1458 prae·

1229 1469 1331 1504 cedit
1350 1475 1387 1504 et
1414 1468 1517 1515 quod
1538 1469 1708 1515 sequitur
1729 1480 1826 1516 opus
1839 1495 1849 1513 ‚
1870 1467 2078 1504 Heraclidis
2095 1469 2276 1517 Magnesii

1231 1526 1318 1578 ssepi
1339 1524 1532 1576 ὁμωνύμων
1554 1527 1672 1562 libros
1705 1527 1745 1562 in
1767 1528 2036 1576 compendium
2060 1527 2107 1563 ab
2131 1529 2280 1565 Herone

1228 1587 1405 1622 redactos
1425 1598 1501 1622 esse
1521 1586 1676 1621 suadere
1695 1587 1854 1634 possint.
1874 1586 1930 1623 De
1945 1587 2100 1634 reliquis
2118 1588 2277 1623 Heroni-

1228 1645 1299 1680 bus
1311 1645 1397 1680 vide
1411 1644 1628 1681 Fabricium
1638 1644 1677 1678 in
1688 1645 1731 1681 B.
1748 1644 1812 1681 Gr.
1825 1641 2003 1694 -Ἱέρων
2015 1645 2032 1680 6
2044 1642 2280 1695 Ἀλεξανδρεὺς

1228 1701 1251 1748 ἢ
1270 1700 1433 1753 Ἐφέσιος
1450 1702 1627 1737 laudatur
1651 1714 1711 1750 ap.
1733 1703 1932 1751 Phlegont.
1954 1703 2089 1740 Mirab.
2114 1717 2147 1742 c.
2167 1717 2205 1749 2,
2231 1704 2281 1740 de

1229 1769 1380 1810 spectro
1399 1762 1595 1809 Polycriti.
1619 1761 1677 1796 Ibi
1695 1756 1819 1810 εἨρων
1844 1761 2046 1809 legendum
2069 1763 2280 1811 suspicatur

1228 1822 1437 1865 Meursiu53
1467 1832 1698 1868 quamquam
1720 1832 1844 1868 neque
1871 1820 1918 1856 de
1939 1822 2092 1857 Herone
2123 1822 2278 1869 aliquo,

1231 1880 1279 1915 ad
1299 1892 1413 1927 quem
1430 1879 1499 1914 ista
1515 1879 1789 1914 historiuncula
1814 1879 1945 1915 referri
1967 1880 2106 1927 possit,
2128 1880 2280 1916 aliunde

1231 1945 1389 1975 constat.
1411 1939 1509 1974 Nam
1529 1937 1576 1973 de
1597 1939 1751 1973 Herone
1772 1937 2030 1974 Alexandrino
2058 1939 2279 1976 mechanico

1231 1998 1315 2044 quis
1333 1995 1585 2045 cogitaverit?

1645 2109 1864 2125 -Οθὺ-

1463 2212 2047 2271 HEROPYTHUS.

1494 2329 1615 2369 ΩΡΟΙ
1645 2330 2004 2370 ΚΟΛΟΦΩΝΙΩΝ.

1279 2427 1477 2463 Athenaeus
1499 2429 1587 2472 VII,
1605 2441 1645 2476 p.
1668 2440 1759 2476 297,
1781 2429 1811 2463 E
1841 2440 1848 2463 :
1881 2426 1950 2466 Καὶ
1969 2425 2106 2478 τάριχοι
2125 2425 2162 2464 δὲ
2181 2426 2280 2480 παρὰ

1227 2485 1452 2531 Φασηλίταις
1469 2484 1690 2524 ἀποθύονται.
1711 2484 1905 2536 Ἡρόπυθος
1921 2488 2002 2536 γοῦν
2020 2487 2053 2523 ἐν
2070 2484 2192 2537 (Ὠροις
2210 2487 2280 2525 Κο-

1225 2542 1416 2595 λοφωνίων,
1437 2543 1517 2595 περὶ
1536 2546 1596 2590 τῆς
1615 2542 1759 2587 κτίσεως
1785 2545 1932 2596 ἱστορῶν
1963 2547 2024 2591 τῆς
2052 2544 2276 2594 Φασήλιδος,

1226 2601 1329 2654 φησὶν
1361 2601 1413 2639 ὅτι
1441 2602 1590 2649 Λάκιος,
1623 2605 1640 2640 6
1671 2601 1734 2649 τὴν
1769 2601 1931 2641 ἀποικίαν
1965 2601 2120 2649 στείλας,
2155 2602 2276 2652 μισθὸν

1226 2660 1332 2698 ἔδωκε
1353 2664 1414 2698 τοῦ
1436 2660 1542 2699 τόπου
1567 2660 1739 2714 Κυλάὸρα
1758 2660 1916 2712 ποιμένι,
1940 2660 2078 2711 νέμοντι
2096 2660 2276 2713 πρόὸατα,

1226 2771 1438 2811 Alphesiboeae
1451 2771 1616 2811 correptus
1628 2779 1755 2811 amore,
1770 2780 1871 2812 quum
1885 2780 1946 2803 nec
1965 2771 2113 2812 precibus
2127 2779 2188 2803 nec
2202 2779 2276 2802 mu-

1227 2823 1357 2855 neribus
1372 2832 1442 2855 eam
1456 2823 1588 2855 delinire
1601 2825 1718 2864 posset,
1737 2825 1878 2864 corporis
1893 2824 1942 2856 sui
1956 2825 2091 2856 sormam
2108 2824 2140 2856 in
2154 2823 2276 2864 tigridis

1228 2876 1361 2916 figuram
1374 2876 1531 2915 mutavit,
1547 2877 1580 2908 et
1593 2877 1679 2908 metu
1697 2884 1881 2916 persuasam
1892 2876 2040 2908 dilectam
2055 2885 2145 2908 suam
2155 2884 2275 2908 assum·

1226 2928 1289 2968 psit
1299 2928 1451 2967 transque
1460 2927 1592 2958 nuvium
1603 2927 1756 2968 portavit,
1767 2929 1799 2959 et
1805 2936 1847 2959 ex
1856 2936 1895 2959 eo
1902 2927 2031 2959 Medum
2041 2927 2142 2959 tilium
2152 2927 2273 2967 genuit,

1226 2981 1281 3020 qui
1294 2989 1395 3021 quum
1409 2980 1610 3020 adoleverat,
1633 2980 1666 3011 in
1682 2988 1793 3012 eorum
1807 2989 1880 3020 quae
1893 2979 2074 3012 acciderant
2086 2979 2275 3011 memoriam

1227 3034 1360 3065 fluvium
1383 3033 1490 3074 Tigrin
1505 3033 1696 3074 appellavit,
1714 3032 1807 3064 sicuti
1826 3034 1936 3064 narrat
1949 3032 2173 3071 Aristonymus
2193 3031 2275 3063 libro

1225 3087 1331 3119 tertio.

1390 3165 1623 3206 ANNALES
1641 3165 2102 3205 COLOPHONIORUM.

1269 3250 1462 3284 Salsamenta
1481 3250 1541 3282 diis
1555 3250 1737 3282 offeruntur
1757 3249 1841 3290 apud
1856 3248 2043 3282 Phaselitas.
2069 3248 2274 3289 Heropythus

1227 3310 1303 3335 sane
1327 3302 1360 3334 in
1382 3301 1654 3343 Colophoniorum
1677 3301 1861 3340 annalibus,
1883 3299 1939 3332 ubi
1960 3301 2067 3332 narrat
2087 3309 2152 3340 quo
2179 3301 2274 3340 pacto

1226 3353 1354 3386 condita
1375 3353 1518 3386 Phaselis
1531 3353 1644 3392 ruerit,
1675 3353 1827 3390 Laetum,
1851 3352 1913 3392 ait,
1938 3360 2013 3383 eum
2037 3351 2093 3392 qui
2113 3351 2272 3383 coloniam

1225 3405 1336 3446 duxit,
1363 3405 1509 3446 Cylabroe
1545 3404 1682 3445 pastori,
1712 3412 1788 3436 oves
1822 3412 1896 3436 suas
1917 3403 1960 3435 ibi
1985 3403 2145 3444 pascenti,
2180 3403 2273 3443 pretii

1224 3457 1296 3489 loco
1307 3482 1314 3496 ,
1332 3466 1397 3497 quo
1414 3458 1533 3489 emeret
1545 3456 1669 3496 solum,
1683 3455 1874 3487 salsamenta
1890 3454 2031 3494 dedisse,
2048 3455 2116 3495 ipso
2133 3454 2274 3495 Cylabm
