2326 3724
940 155 1270 195 FRAGMENTA.
2130 161 2180 195 63

40 247 215 295 ἠσπάζετο
230 245 292 293 τὴν
313 245 396 298 πρὸς
413 243 610 295 Ῥωμαίους
627 242 742 296 φιλίαν
757 258 765 267 ·
783 243 1027 282 Κωνσταντίου
1047 242 1081 281 δὲ

13 329 15 331 ν
40 306 100 344 καὶ
127 308 195 343 τῶν
228 303 308 356 περὶ
341 302 585 342 Κωνστάντιον
617 301 928 354 ἀντιπραττόντων,
962 301 1082 352 ἔμενεν

0 388 2 390 v
41 365 217 416 ἄπρακτος
232 366 254 409 ἦ
269 361 390 401 τούτου
403 361 462 400 καὶ
473 360 669 404 ΙΙλακιδίας
682 359 787 412 ὁρμή.
802 359 1084 406 Τελευτήσαντος

39 423 75 463 δὲ
101 438 160 462 του
191 422 329 468 παιδὸς,
359 419 479 463 πένθος
500 419 591 471 μέγα
620 424 775 458 ποιοῦσιν
798 420 853 457 ἐπ’
884 419 1000 471 αὐτῶ,
1022 418 1083 456 καὶ

39 481 260 520 θάπτουσιν’
245 496 279 518 εν
292 478 440 532 λάρνακι
454 477 659 522 καταθέντες
676 479 810 539 ἀργυρᾶ
829 477 896 527 πρὸ
913 480 973 523 τῆς
989 480 1081 530 Bap-

39 539 207 583 κέλλωνος
254 538 289 577 ἔν
322 554 389 577 τινι
435 537 620 590 εὖκτηρίῳ.
663 531 754 576 Εἶτα
796 539 988 588 ἀναιρεῖται
1023 535 1084 574 καὶ

38 598 244 651 Ἀδάουλφος
255 629 265 645 ,
283 598 330 640 εἷς
351 596 555 649 ἐπιτήρησιν
576 612 644 634 των
667 595 802 634 οἰκείων
818 594 948 642 ἵππων,
972 597 1017 638 ὡς
1035 594 1082 634 εἴ·

39 661 135 697 θιστο
150 658 245 710 αὐτῷ
257 686 267 705 ,
286 655 473 708 διατρίὸων
490 658 525 694 ἐν
538 658 588 708 τῷ
602 658 747 694 ἱππῶνι.
763 654 914 707 Ἀναιρεῒ
926 653 962 692 δὲ
979 653 1082 692 αὐτὸν

38 710 85 760 εἷς
102 718 170 754 τῶν
189 714 323 754 οἰκείων
343 714 493 762 Γότθων,
510 714 656 757 Δούὸιος
672 713 823 764 τοῦνομα
834 745 845 762 ,
863 713 989 766 ἔχθραν
1008 729 1083 751 πα-

37 773 140 814 λαιὰν
161 773 484 827 καιροφυλακήσας·
504 772 614 811 πάλαι
630 771 697 825 γὰρ
716 767 758 820 ἦν
781 774 798 810 ὁ
815 772 936 811 τούτου
953 770 1082 810 δεσπό-

36 849 98 881 της
113 833 234 886 μοίρας
252 835 423 879 Γοτθικῆς
439 831 519 886 ρὴξ,
545 831 611 870 ὑπὸ
627 832 838 884 Ἀδαούλφου
853 830 1083 884 ἀνῃρημένος·

38 892 72 938 ἐξ
92 887 130 930 οἷ
150 891 284 931 καὶτὸν
310 891 456 930 Δούὸιον
479 889 597 930 λαὸὼν
629 891 838 944 Ἀδάουλφος
864 890 1080 945 ᾠκειώσατο.

38 950 83 990 ‘O
101 950 137 989 δὲ
151 953 201 1003 τῷ
220 949 348 1004 πρώτῳ
367 950 520 1001 δεσπότῃ
539 948 678 1000 ἀμύνων
696 949 753 987 τὸν
773 949 929 1002 δεύτερον
948 948 1083 1001 διεχρή-

37 1025 136 1048 σατο.
171 1012 354 1050 Τελευτῶν
387 1009 423 1047 δὲ
453 1008 662 1060 Ἀδάουλφος
693 1006 908 1061 προσέταττε
931 1011 981 1061 τῷ
1006 1008 1082 1060 ἰδίῳ

38 1069 175 1121 ἀδελφῷ
192 1070 380 1107 ἀποδοῦναι
395 1066 458 1114 τὴν
480 1066 689 1115 Πλακιδίαν,
707 1067 784 1114 καὶ,
800 1066 879 1104 εἴτι
897 1066 1079 1116 δύναιντο,

36 1128 99 1174 τὴν
127 1127 318 1178 εΡωμαίων
346 1127 462 1180 φιλίαν
494 1129 626 1170 ἑαυτοῖς
651 1126 962 1179 περιποιήσασθαι.
994 1126 1081 1166 Διά-

38 1188 140 1239 δοχος
166 1187 202 1225 δὲ
224 1190 242 1226 ὃ
273 1190 333 1224 τοῦ
365 1185 482 1237 Σάρου
507 1184 674 1238 ἀδελφὸς,
699 1185 930 1238 Σιγγέριχος,
950 1186 1083 1237 σπουδῇ

40 1248 173 1295 μᾶλλον
193 1244 253 1284 καὶ
275 1244 460 1298 δυναστείᾳ
479 1243 502 1291 ἢ
524 1244 711 1296 ἀκολουθίᾳ
740 1244 800 1282 καὶ
817 1244 914 1297 νόμῳ
936 1243 1081 1296 γίνεται.

36 1305 103 1349 ⁶0<
121 1305 164 1343 τά
187 1320 224 1342 τε
244 1304 388 1352 παιδία,
409 1303 431 1341 ἃ
453 1306 492 1342 ἐκ
511 1306 573 1350 τῆς
592 1302 766 1356 προτέρας
794 1302 956 1355 γυναικὸς
986 1302 1084 1353 ε’τύγ-

36 1379 139 1416 χανεν
160 1362 360 1415 Ἀδαούλφῳ
385 1361 639 1414 γεγεννημένα,
672 1363 803 1409 ἀνεῖλε,
826 1361 885 1414 βίᾳ
918 1364 987 1399 τῶν
1020 1365 1079 1399 τοῦ

37 1421 230 1460 ἐπισκόπου
246 1421 447 1474 Σιγησάρου
465 1421 604 1458 κόλπων
626 1419 853 1468 ἀποσπάσας,
870 1419 930 1458 καὶ
944 1419 1006 1466 τὴν
1027 1422 1085 1471 βα-

38 1480 153 1518 σιλίδα
171 1480 368 1519 Πλακιδίαν
387 1481 432 1523 εἷς
450 1478 548 1531 ὕὸριν
568 1478 815 1531 Ἀδαούλφου’
801 1494 840 1516 εκ
858 1477 960 1522 ποδὸς
977 1493 1086 1530 προη-

36 1539 212 1589 γήσασθαι
227 1555 285 1578 του
302 1538 447 1577 ἵππου“’
406 1554 522 1608 Ηαμα
518 1539 647 1575 λοιπῶν
666 1536 905 1589 αἰχμαλώτων
922 1536 1080 1581 ἐπέταξε.

36 1598 108 1637 Καὶ
128 1614 167 1636 το
196 1597 374 1648 διάστημα
403 1601 446 1645 ἠν
479 1599 542 1644 τῆς
573 1599 786 1648 προπομπῆς
816 1597 855 1634 ἐκ
873 1599 935 1644 τ’ῆς
955 1596 1087 1639 πόλεως

37 1656 140 1710 μέχρι
168 1657 364 1695 δωδεκάτου
387 1655 547 1706 σημείου.
572 1654 688 1692 Επτὰ
724 1653 761 1693 δὲ
791 1654 927 1706 ἡμέρας
959 1654 1084 1707 ἄρξας,

36 1717 242 1768 ἀναιρεῖται.
277 1714 443 1767 εΗγεμὼν
468 1713 504 1752 δὲ
527 1716 595 1752 τῶν
624 1716 653 1754 Γ
655 1713 762 1752 ότθων
794 1715 952 1757 Οὐαλίας
983 1712 1084 1752 καθί-

36 1790 173 1813 σταται.

92 1847 142 1873 27.
173 1832 261 1873 εὈἰτι
293 1835 311 1871 δ
338 1831 509 1884 ἱστορικός
539 1847 624 1884 φησι
653 1830 751 1884 παρὰ
774 1831 969 1884 Οὐαλερίου
996 1831 1083 1872 τινὸς

35 1893 103 1928 τῶν
124 1891 307 1942 ἐπισήμων
338 1893 486 1930 ἀκοῦσαι
510 1890 589 1943 περὶ
620 1889 832 1942 ἀνδριάντων
854 1891 1014 1942 ἀργυρῶν
1035 1905 1073 1927 τε

35 1949 253 2000 τελεσμένων
283 1951 329 1993 εἷς
359 1949 547 2002 βαρὸάρων
578 1947 816 1988 ἀποκώλυσιν.
836 1948 900 1987 Ἐν
919 1947 986 2002 γὰρ
1006 1950 1083 1991 ταῖς

1142 241 1312 294 ἡμέραις,
1342 241 1447 294 φησὶ,
1481 241 1726 280 Κωνσταντίου
1765 243 1823 279 τοῦ
1857 242 2046 294 βασιλέως,
2078 244 2113 281 ἐν
2142 247 2186 296 τῇ

1146 299 1272 353 Θρᾴκῃ
1288 299 1484 352 Οὐαλερίου
1509 298 1690 351 ἄρχοντος,
1710 299 1854 350 μήνυσις
1878 301 2028 351 γέγονεν,
2057 305 2103 346 ὡς
2122 305 2186 350 θη-

1144 358 1271 411 σαυρὸς
1291 357 1459 411 εὑρεθείη.
1484 358 1676 410 Οὐαλέριος
1696 359 1732 396 δὲ
1752 357 1850 410 παρὰ
1865 359 1922 396 τὸν
1947 359 2050 398 τόπον
2071 377 2188 413 παρα-

1142 417 1321 467 γενόμενος
1353 416 1519 466 μανθάνει
1547 416 1645 469 παρὰ
1673 419 1741 454 τῶν
1762 418 1958 470 ἐπιχωρίων
1979 419 2070 472 ἱερὸν
2100 424 2187 458 εἶναι

1143 475 1202 513 τὸν
1219 475 1339 522 τόπον,
1361 491 1420 513 και
1437 474 1471 519 ἐξ
1490 475 1641 528 ἀρχαίας
1659 478 1799 524 τελετῆς
1819 477 2054 529 ἀνδριάντας’
2039 494 2073 516 εν
2094 481 2189 532 αυτῷ

1143 535 1367 587 ἀφιερῶσθαι.
1391 535 1420 571 1⁴
1424 536 1480 571 ἰτα
1502 533 1666 587 ἀναφέρει
1683 538 1795 573 ταῦτα
1815 550 1865 588 τῳ
1884 536 2039 587 βασιλεῖ,
2055 536 2114 574 και
2136 538 2189 575 δέ·

1141 605 1244 641 χεται
1272 591 1421 644 γράμμα
1442 592 1627 646 ἐπιτρέπον
1661 595 1756 646 αὐτῷ
1789 574 1977 631 ἀνάλαὸεῑν
2007 594 2052 632 τὰ
2076 611 2190 645 μηνυ-

1142 649 1257 687 θέντα.
1279 649 1539 703 Ἀνορυχθέντος
1554 651 1666 690 τοίνυν
1678 656 1736 691 τοῦ
1751 651 1857 691 τόπου
1872 652 2088 705 εὑρίσκονται
2102 656 2192 706 τρεῖς

1143 708 1343 762 ἀνδριάντες
1364 709 1406 748 δι’
1435 710 1516 749 ὅλου
1543 710 1577 756 ἐξ
1607 711 1756 764 ἀργύρου
1776 711 2026 762 πεποιημένοι,
2047 714 2081 751 ἐν
2102 714 2191 766 σχή-

1143 782 1228 818 ματι
1264 767 1470 822 βαρὸαρικῷ
1508 769 1772 820 κατακείμενοι,
1801 770 1862 809 καὶ
1898 770 2192 822 ἐξηγκωνισμένοι

1142 827 1221 865 κατ’
1237 829 1366 881 ἀμφοῖν
1387 833 1464 867 ταῖν
1487 829 1618 881 χεροῖν,
1634 829 1851 881 ἐνδεδυμένοι
1872 829 1907 868 δὲ
1929 830 2105 883 βάρὸαρον
2125 846 2192 869 πε-

1144 887 1374 938 ποικιλμένην
1417 888 1568 934 ἐσθῆτα,
1597 887 1659 925 καὶ
1700 891 1876 939 κομῶντες
1912 889 1973 933 τὰς
2014 888 2192 958 κεφαλὰς,

1144 943 1301 989 νεύοντες
1329 945 1386 984 επὶ
1415 946 1454 985 τὸ
1483 947 1640 1007 ἀρκτῷον
1668 945 1793 1000 μέρος,
1824 946 1980 986 τουτέστι
2009 946 2101 986 κατὰ
2132 951 2191 986 του

1146 1004 1364 1059 βαρὸαρικου
1402 1005 1531 1058 χώρου.
1563 998 1632 1044 ’Ὧν
1668 1006 1879 1059 ἀνδριάντων
1912 1006 2193 1059 ἀναληφθέντων,

1142 1065 1306 1116 πάραυτα
1337 1062 1398 1102 καὶ
1420 1066 1496 1114 μετ’
1519 1064 1638 1116 ολίγας
1660 1066 1792 1118 ἡμέρας
1812 1067 1949 1116 πρῶτον
1980 1065 2042 1116 μὲν
2062 1065 2102 1103 τὸ
2123 1068 2192 1103 τῶν

1143 1124 1281 1161 Γότθων
1304 1122 1395 1167 ἔθνος
1417 1129 1537 1161 πᾶσαν
1555 1124 1732 1176 ἐπιτρέχει
1751 1124 1815 1171 τὴν
1836 1123 1996 1177 Θρᾴκην·
2014 1123 2139 1175 ἔμελλε
2157 1123 2193 1162 δὲ

1144 1181 1268 1234 μικρὸν
1285 1181 1427 1234 ὕστερον
1447 1181 1508 1220 καὶ
1525 1181 1563 1219 τὸ
1583 1185 1651 1220 τῶν
1679 1182 1821 1222 Οὔννων
1849 1182 1909 1221 καὶ
1939 1182 1978 1221 τὸ
1999 1186 2066 1221 τῶν
2088 1185 2194 1234 Σαρ-

1143 1244 1264 1292 ματῶν
1296 1242 1601 1292 καταδραμεῖσθαι
1630 1241 1669 1280 τό
1697 1258 1734 1280 τε
1767 1241 1961 1295 Ἰλλυρικὸν
1995 1242 2055 1280 καὶ
2085 1241 2194 1288 αὐτὴν

1143 1302 1204 1347 τὴν
1226 1299 1386 1353 Θρᾴκην.
1409 1301 1474 1339 Ἔν
1496 1300 1592 1354 μέσῳ
1609 1300 1676 1353 γὰρ
1699 1303 1804 1348 αὐτῆς
1828 1317 1866 1339 τε
1884 1301 2030 1354 Θρᾴκης
2048 1301 2109 1340 καὶ
2133 1305 2193 1339 τοῦ

1144 1360 1338 1412 Ἰλλυρικοῦ
1359 1359 1539 1398 κατέκειτο
1567 1358 1612 1397 τὰ
1631 1363 1692 1407 τῆς
1728 1362 1880 1407 τελετῆς.
1907 1360 1979 1399 Καὶ
2008 1359 2107 1413 ἐῴκει
2127 1363 2195 1398 τῶν

1142 1421 1245 1469 τριῶν
1266 1418 1477 1471 ἀνδριάντων
1498 1421 1515 1456 ὁ
1537 1418 1680 1471 ἀριθμὸς
1698 1418 1789 1457 κατὰ
1811 1417 1940 1462 παντὸς
1961 1418 2076 1462 ἔθνους
2098 1434 2195 1457 τετε-

1141 1476 1262 1515 λέσθαι
1285 1476 1476 1529 βαρὸάρου.

1197 1550 1247 1575 28.
1277 1533 1364 1575 “Oti
1385 1539 1403 1573 ὁ
1424 1535 1595 1588 ἱστορικὸς
1619 1536 1698 1588 περὶ
1715 1539 1775 1574 τοῦ
1794 1535 1919 1574 οἰκείου
1941 1535 2192 1587 διαλαμὸάνων

1143 1594 1310 1640 διάπλου,
1335 1594 1449 1633 πολλὰ
1478 1598 1599 1632 παθεῖν
1633 1594 1691 1633 καὶ
1714 1594 1932 1647 δυστυχῆσαί
1953 1611 2052 1648 φησι.
2087 1595 2195 1647 Λέγει

1144 1654 1179 1691 δὲ
1198 1653 1258 1691 καὶ
1277 1656 1324 1697 εἷς
1341 1653 1403 1698 τὰς
1425 1653 1569 1700 Ἀθήνας
1589 1660 1766 1706 κατᾶραι,
1787 1653 1847 1692 καὶ
1866 1657 1910 1706 τῇ
1935 1655 2039 1692 αὐτοῦ
2061 1655 2194 1706 σπουδῇ

1142 1713 1202 1751 καὶ
1230 1712 1415 1764 ἐπιμελείᾳ
1451 1714 1498 1757 εἷς
1528 1712 1587 1751 τὸν
1620 1713 1820 1766 σοφιστικὸν
1853 1713 1970 1765 θρόνον
2002 1715 2195 1765 ἀναχθῆναι

1144 1773 1306 1811 Λεόντιον
1329 1771 1427 1810 οὔπω
1451 1773 1504 1809 εθε
1497 1770 1627 1811 λοντα.
1664 1772 1767 1823 Λέγει
1787 1771 1822 1810 δὲ
1843 1788 1903 1809 και
1923 1772 2002 1825 περι
2033 1788 2092 1810 του
2121 1772 2195 1825 τρί-

1145 1831 1319 1880 ὅωνος,ὥ
1290 1847 1336 1874 ως
1357 1833 1420 1869 οὐκ
1453 1830 1530 1877 ἐξην
1562 1830 1655 1869 κατὰ
1686 1831 1747 1874 τὰς
1775 1830 1917 1877 Ἀθηνας
1943 1830 2195 1883 περιὸαλέσθαι

1145 1890 1248 1928 αυτόν
1279 1905 1376 1937 τινα,
1411 1889 1471 1927 καὶ
1496 1888 1689 1940 μάλιστα
1674 1889 1782 1939 ςένον,
1803 1893 1832 1943 ᾡ
1854 1889 1902 1940 μὴ
1923 1892 1992 1928 τῶν
2018 1893 2191 1943 σοφιστῶν

1145 1952 1167 1995 ἡ
1184 1948 1308 2000 γνώμη
1333 1948 1518 2001 ἐπέτρεπε,
1539 1947 1599 1987 καὶ
1623 1949 1659 1986 αἱ
1683 1947 1775 1987 κατὰ
1799 1964 1878 1992 τους
1898 1948 2118 2001 σοφιστικοὺς
2136 1948 2192 1987 νό·

33 2058 97 2089 sior
110 2067 178 2090 esse
192 2058 288 2099 coepit
297 2070 306 2098 ;
320 2068 455 2098 verum,
470 2060 659 2092 Constantio
684 2060 818 2100 eiusque
833 2061 962 2092 asseclis
980 2070 1078 2101 repu-

33 2109 222 2150 gnantibus,
244 2110 402 2151 Adaulphi
420 2112 453 2142 et
468 2111 580 2142 uxoris
601 2111 748 2143 Placidiae
764 2113 916 2152 prompta
932 2112 1081 2144 voluntas

35 2161 152 2193 ettectu
182 2163 367 2193 caruerunt.
411 2161 615 2194 Exstinctum
647 2163 758 2194 autem
784 2164 894 2203 postea
924 2163 1079 2196 infantem

34 2212 240 2244 vehementer
260 2214 395 2253 uterque
415 2221 529 2254 parens
544 2214 639 2254 luxit,
663 2215 878 2255 argenteaque
892 2223 987 2255 capsa
1003 2224 1080 2247 con-

33 2264 136 2296 ditum
150 2264 245 2305 juxta
263 2265 474 2298 Barcinonem
495 2265 529 2298 in
557 2266 678 2307 templo
703 2266 844 2307 quodam
874 2268 1078 2308 sepelierunt.

35 2318 228 2350 interficitur
254 2318 369 2351 deinde
393 2319 427 2351 et
454 2319 641 2360 Adaulphus
667 2319 752 2360 ipse,
775 2320 852 2352 dum
876 2329 977 2361 equos
1000 2330 1079 2353 suos

33 2371 66 2403 in
90 2372 216 2404 stabulo
239 2371 279 2404 de
306 2381 396 2404 more
416 2372 559 2413 inspicit,
579 2381 598 2404 a
624 2374 731 2405 Gotho
750 2373 910 2414 quodam,
932 2374 1002 2415 ejus
1023 2374 1079 2406 do·

33 2424 166 2457 mastico
177 2449 186 2465 ,
200 2424 297 2457 Dubii
309 2426 455 2466 nomine,
469 2435 570 2466 quum
588 2426 669 2458 hanc
685 2428 801 2459 veteris
813 2427 877 2459 odii
899 2427 1080 2460 vindicandi

33 2478 230 2510 occasionem
244 2478 296 2510 ille
312 2480 478 2519 captasset.
501 2480 604 2519 Hujus
621 2480 707 2512 enim
727 2481 814 2521 prior
829 2481 996 2522 dominus,
1011 2483 1078 2514 Go-

31 2530 127 2562 thicae
148 2531 248 2571 partis
271 2539 342 2571 rex,
368 2531 472 2563 suerat
488 2532 530 2564 ab
551 2532 719 2573 Adaulpho
746 2541 764 2565 e
787 2533 892 2565 medio
916 2535 1078 2574 sublatus,

32 2580 106 2613 inde
121 2582 262 2613 Dubium
276 2584 442 2623 receptum
454 2583 641 2623 Adaulphus
656 2584 689 2615 in
705 2593 795 2616 suam
811 2585 964 2617 familiam
981 2586 1077 2618 adsci-

31 2634 122 2665 verat
143 2645 152 2667 :
173 2634 229 2674 qui
253 2635 286 2665 in
310 2634 465 2667 ultionem
482 2635 594 2675 prioris
611 2636 734 2668 domini
755 2637 891 2669 alterum
914 2638 1000 2670 hunc
1028 2639 1076 2670 in-

32 2686 170 2718 terfecit.
214 2687 354 2720 Moriens
370 2687 556 2728 Adaulphus
575 2689 666 2721 fratri
681 2698 740 2721 suo
758 2689 916 2731 injunxit,
937 2692 1077 2723 Placidia

32 2739 70 2769 ut
89 2737 283 2780 [Honorio]
302 2739 499 2780 redderetur,
525 2741 645 2781 utque,
670 2741 696 2773 si
720 2750 785 2781 quo
809 2742 905 2774 modo
931 2745 1074 2784 possent,

31 2789 185 2822 Romanae
212 2790 272 2822 sibi
299 2791 403 2831 gentis
428 2792 634 2824 concordiam
663 2792 799 2834 [Gothi]
829 2794 1078 2836 societatemque

31 2841 245 2874 conciliarent.
287 2845 329 2875 At
353 2843 409 2883 qui
431 2844 600 2883 successit,
624 2844 695 2877 Sari
721 2845 829 2886 irater,
855 2846 1076 2888 singerichus‚

31 2892 136 2924 studio
161 2893 268 2933 potius
292 2903 331 2926 ac
347 2894 398 2934 vi,
418 2903 515 2935 quam
537 2896 738 2928 successione
758 2898 814 2929 aut
839 2897 908 2938 lege
932 2901 1075 2939 creatus,

32 2943 190 2985 Adaulphi
202 2954 220 2977 e
235 2946 340 2986 priore
352 2945 487 2986 conjuge
500 2946 618 2978 liberos
631 2947 662 2978 vi
678 2956 695 2979 e
705 2948 776 2979 sinu
791 2948 926 2989 Sigesari
940 2950 1077 2991 episcopi

30 2994 179 3037 abreptos
190 2997 327 3038 occidit;
342 2999 440 3038 atque
453 2998 553 3037 ipsam
569 2999 743 3031 Placidiam
756 3000 897 3040 reginam
911 3001 944 3033 in
957 3002 1076 3034 Adaul-

34 3047 89 3088 phi
116 3049 346 3082 contumeliam
371 3050 504 3090 pedibus
530 3052 604 3083 ante
629 3060 750 3092 equum
774 3062 838 3084 una
863 3062 938 3085 cum
964 3055 1078 3087 ceteris

31 3099 166 3141 captivis
180 3100 347 3133 ambulare
369 3102 490 3143 coegit,
509 3101 608 3143 idque
629 3104 697 3135 toto
711 3103 766 3135 illo
779 3105 901 3145 spatio,
927 3106 1013 3146 quod
1031 3108 1078 3138 est

30 3149 71 3181 ab
87 3151 166 3183 urbe
181 3151 221 3183 ad
237 3152 465 3185 duodecimum
485 3162 585 3194 usque
601 3154 751 3194 lapidem.
799 3158 927 3196 Septem
943 3157 996 3189 ille
1011 3157 1078 3189 dies

31 3210 131 3242 quum
146 3203 351 3246 imperasset,
365 3206 576 3247 interemptus
589 3209 654 3247 est,
668 3209 701 3240 et
713 3208 893 3241 Gothorum
908 3210 975 3241 dux
985 3211 1077 3243 Valia

31 3256 247 3289 constituitur.

75 3311 125 3342 27.
140 3310 247 3342 Refert
267 3310 318 3343 hic
338 3311 487 3352 scriptor,
505 3313 630 3345 audisse
652 3321 685 3345 se
700 3322 719 3345 e
742 3314 884 3354 Valerio,
902 3315 1076 3346 clarissimo

33 3358 114 3400 viro,
129 3361 170 3394 de
184 3363 340 3404 argenteis
351 3365 466 3397 statuis
479 3365 519 3397 ad
535 3365 687 3398 barbaros
700 3366 855 3399 arcendos
868 3367 1075 3408 inauguratis.

1145 2074 1161 2089 «
1178 2063 1258 2094 Nam
1269 2062 1444 2094 Constantii
1457 2086 1465 2101 ,
1477 2063 1594 2103 inquit,
1607 2063 1809 2103 imperatoris
1819 2065 2030 2105 temporibus,
2042 2067 2196 2106 praesecto

1144 2114 1175 2145 in
1203 2114 1338 2146 Thracia
1370 2116 1499 2147 Valerio
1511 2140 1520 2156 ,
1553 2116 1709 2148 indicium
1738 2116 1859 2149 factum
1894 2118 2039 2150 thesauri
2064 2119 2193 2159 reperti.

1143 2166 1291 2198 Valerius
1304 2175 1380 2198 vero
1396 2167 1437 2198 ad
1454 2167 1560 2199 locum
1584 2168 1756 2209 accedens,
1776 2177 1904 2200 sacrum
1920 2170 2012 2201 illum
2037 2179 2106 2202 esse
2122 2171 2195 2202 reli-

1143 2217 1236 2257 gione
1249 2227 1288 2249 ex
1302 2219 1414 2250 incolis
1424 2219 1574 2259 cognovit
1586 2221 1618 2251 et
1630 2220 1762 2261 antiquo
1776 2220 1839 2252 ritu
1856 2222 1978 2253 statuas
1990 2221 2107 2253 ibidem
2121 2231 2196 2254 con-

1143 2272 1293 2302 secratas.
1338 2271 1459 2303 Retulit
1494 2272 1563 2304 hacc
1591 2272 1631 2304 ad
1664 2272 1904 2314 imperatorem,
1937 2276 2195 2316 rescriptumque

1142 2323 1278 2363 accepit,
1298 2332 1362 2363 quo
1379 2323 1553 2363 jubebatur
1568 2324 1707 2356 indicata
1728 2325 1783 2357 illa
1798 2325 1880 2357 bona
1893 2326 2015 2358 tollere.
2033 2327 2131 2366 Igitur
2146 2328 2193 2358 ef-

1143 2374 1228 2406 fosso
1246 2375 1317 2406 loco
1329 2399 1339 2415 ‚
1361 2376 1426 2407 tres
1442 2375 1553 2407 solidae
1568 2385 1609 2408 ex
1624 2378 1756 2417 argento
1783 2377 1947 2409 fabricatae
1964 2379 2098 2418 repertae
2117 2381 2194 2411 sunt

1141 2429 1256 2459 statuae
1265 2452 1274 2468 ‚
1291 2428 1403 2460 habitu
1422 2428 1589 2461 barbarico
1599 2453 1608 2468 ‚
1623 2430 1655 2461 et
1666 2423 1802 2470 utroque
1814 2430 1944 2462 brachio
1958 2432 2070 2462 ansato
2082 2456 2091 2471 ,
2105 2434 2193 2464 veste

1142 2481 1298 2520 practerea
1308 2481 1467 2521 variegata
1478 2481 1644 2513 barbarico
1655 2482 1719 2513 ritu
1736 2482 1870 2522 indutae,
1888 2484 1921 2514 et
1937 2491 2065 2514 comam
2078 2483 2193 2516 demis-

1140 2541 1213 2564 sum
1227 2534 1330 2573 capite
1344 2536 1502 2574 gestantes
1515 2536 1612 2575 atque
1624 2535 1655 2566 in
1669 2536 1931 2577 septentrionem,
1947 2546 2020 2577 quae
2037 2537 2190 2569 barbaro-

1142 2594 1213 2616 rum
1233 2585 1319 2626 regio
1333 2587 1399 2626 est,
1418 2586 1576 2619 obversae.
1606 2589 1687 2624 Quae
1712 2588 1905 2628 simulatque
1924 2590 2039 2621 statuae
2055 2589 2190 2621 sublatae

1139 2638 1232 2676 sunt,
1249 2646 1367 2678 paucos
1385 2639 1458 2678 post
1473 2638 1540 2670 dies
1560 2639 1740 2671 Gothorum
1760 2640 1900 2680 primum
1918 2649 1993 2680 gens
2010 2641 2189 2673 universam

1138 2689 1273 2722 incurrit
1286 2691 1456 2723 Thraciam
1468 2715 1477 2730 ‚
1493 2692 1676 2733 futuraeque
1696 2695 1767 2732 post
1781 2693 1875 2733 paulo
1889 2696 1980 2725 erant
1997 2695 2188 2727 Hunnorum

1137 2751 1175 2773 ac
1185 2744 1403 2774 Sarmatarum
1414 2743 1609 2775 incursiones
1618 2745 1650 2775 in
1661 2745 1823 2785 Illyricum
1837 2746 1869 2776 et
1882 2745 1982 2785 ipsam
1993 2746 2164 2777 Thraciam
2177 2758 2186 2778 ε

1138 2803 1212 2826 nam
1229 2794 1398 2826 Thraciam
1413 2795 1495 2826 inter
1511 2796 1544 2827 et
1564 2795 1728 2836 Illyricum
1751 2796 1811 2828 sita
1832 2798 1907 2828 sunt
1927 2797 1996 2828 haec
2019 2806 2184 2829 consecra-

1138 2846 1234 2878 tionis
1257 2846 1337 2878 loca.
1367 2848 1518 2878 ceterum
1536 2847 1635 2878 trium
1659 2848 1837 2879 statuarum
1856 2857 2009 2880 numerus
2033 2848 2187 2880 adversus

1137 2907 1249 2930 omnes
1263 2900 1372 2938 gentes
1391 2898 1541 2930 barbaras
1559 2898 1768 2939 inauguratus
1782 2899 1961 2931 videbatur.
1979 2913 1993 2927 33

1180 2953 1231 2981 28.
1254 2952 1299 2981 De
1312 2958 1368 2981 sua
1383 2950 1517 2990 scriptor
1539 2951 1592 2982 hic
1615 2951 1817 2991 navigatione
1830 2952 1938 2991 refert,
1955 2952 2059 2983 multa
2079 2960 2113 2983 se
2126 2951 2185 2984 ad-

1138 3010 1229 3033 versa
1242 3001 1418 3041 pertulisse.
1463 3002 1604 3034 Athenas
1620 3011 1750 3042 quoque
1765 3003 1922 3043 appulisse
1934 3003 2046 3042 tradit,
2062 3012 2185 3044 suoque

1137 3053 1244 3085 studio
1260 3056 1292 3084 et
1305 3061 1380 3084 cura
1394 3053 1434 3084 ad
1451 3054 1657 3094 sophisticam
1674 3054 1771 3086 etiam
1794 3054 1901 3086 sedem
1915 3057 2062 3086 evectum
2078 3057 2182 3086 Leon-

1137 3106 1218 3137 tium
1229 3129 1238 3145 ,
1255 3106 1383 3137 tametsi
1410 3106 1443 3137 id
1478 3107 1532 3138 ille
1559 3107 1703 3138 nondum
1731 3107 1838 3140 vellet.
1883 3107 1946 3140 Sed
1967 3109 1999 3139 et
2026 3107 2065 3138 de
2087 3107 2181 3147 pallio

1137 3157 1309 3197 sophistico
1327 3158 1491 3190 memoriae
1507 3158 1665 3198 prodidit,
1682 3158 1823 3198 nemini,
1847 3159 2022 3199 praesertim
2039 3167 2114 3190 vero
2126 3168 2179 3190 ex·

1137 3211 1207 3242 tero
1220 3210 1362 3251 homini,
1376 3211 1508 3243 Athenis
1523 3211 1555 3243 id
1572 3212 1694 3251 gestare
1710 3212 1836 3243 licuisse
1848 3235 1856 3251 ‚
1874 3211 1935 3242 nisi
1963 3210 2178 3251 sophistarum

1137 3263 1286 3303 suffragio
1300 3263 1368 3303 ejus
1380 3264 1513 3304 gestatio
1527 3264 1573 3295 illi
1589 3273 1738 3296 concessa
1749 3288 1758 3304 ‚
1782 3264 1982 3304 dignitasque
1995 3264 2054 3294 ista
2070 3263 2177 3303 sophi-

1136 3317 1258 3348 starum
1273 3317 1377 3356 legum
1397 3317 1512 3348 ritibus
1528 3318 1610 3349 esset
1624 3317 1824 3349 confirmata.
1868 3316 1961 3348 Ritus
1979 3316 2086 3346 autem
2097 3338 2105 3353 ,
2122 3315 2176 3354 qui

1137 3369 1380 3409 peragebantur,
1396 3369 1475 3401 tales
1489 3370 1592 3401 erant.
1619 3369 1762 3401 Primum
1788 3368 1826 3400 ad
1844 3367 2009 3408 publicum
2024 3365 2175 3399 balneum
