2372 3704
659 222 917 263 STAPHYLI
945 224 1295 266 NAUCRATITAE
1322 226 1658 268 FRAGMENTA.

87 309 224 363 Κόδρον
258 308 421 349 θέλοντα·
442 308 680 360 συμὸαλόντες
700 309 736 348 δὲ
755 310 814 348 τὸν
835 310 990 362 πόλεμον
1018 311 1128 358 Ἀθη-

87 374 177 408 ναῖοι
207 371 269 415 τῆς
300 368 396 415 νίκης
423 369 603 420 ἐγκρατεῖς
631 366 800 419 ἐγένοντο.
831 371 974 407 Eadem
1001 372 1132 419 paullo

86 423 241 460 brevius
260 423 451 459 Plutarch.
469 423 511 458 in
523 423 661 458 Parall.
682 424 775 459 min.
805 436 836 460 c.
866 423 933 469 18,
955 424 1023 459 ubi
1047 424 1135 459 libri

85 493 159 531 pro
179 479 387 533 Σώστρατος
401 493 605 530 perperam
623 479 830 532 Σωκράτης.

194 590 432 629 ΜΥΘῙΚΗΣ
453 591 700 629 ΙΣΤΟΡΙΑΣ
730 590 1021 630 ΣΥΝΑΓΩΓΗ.

406 692 436 726 Ε
464 692 614 728 LIBRO
634 692 809 729 PRIMO.

139 779 341 824 Plutarch.
356 783 413 818 De
442 780 535 818 fluv.
569 795 603 821 c.
628 787 676 827 24
701 795 709 818 :
733 782 903 820 Γεννᾶται
926 780 955 819 δ’
984 781 1018 819 ἐν
1038 782 1134 834 αὐτῷ

87 839 147 889 (ἐν
166 837 322 891 Τίγριδι)
354 837 501 891 βοτάνη,
527 838 550 886 ἣ
572 842 672 892 κριθῇ
705 840 778 876 ἐστι
798 838 990 891 παρόμοιος
1010 839 1133 892 ἀγρίᾳ·

88 895 219 943 ταύτην
235 899 266 935 οἳ
280 897 441 950 ἐγχώριοι
458 897 696 950 θερμαίνοντες
704 899 737 935 ἐν
753 897 859 950 ἐλαίῳ
873 897 932 936 καὶ
947 898 1133 950 ἀλειφόμε-

88 970 164 1002 νοι,
190 954 354 994 οὐδέποτε
389 960 526 994 νοσοῦσι
560 955 664 1009 μέχρι
690 955 845 1007 ἀνάγκης
870 959 928 994 τοῦ
958 956 1128 1004 θανάτου,

85 1012 200 1058 καθὼς
219 1016 348 1067 ἱστορεῖ
365 1015 629 1067 Σώστρατοςέν
644 1014 677 1052 α’
697 1016 858 1061 Μυθικῆς
876 1015 1029 1067 ἱστορίας
1048 1030 1127 1053 συν-

86 1075 236 1124 αγωγῆς.
253 1074 396 1110 Eadem
416 1075 586 1111 Stobaeus
603 1076 780 1123 Florileg.
807 1087 898 1120 100,
918 1088 977 1121 17.

140 1132 310 1179 Subjicio
326 1145 409 1181 quae
427 1145 447 1169 e
467 1134 572 1169 libris
591 1135 647 1170 De
666 1127 846 1169 fluviis’et
863 1135 919 1170 De
932 1134 1133 1170 venatione

82 1191 307 1229 afferuntur.

140 1249 332 1287 Plutarch.
356 1251 414 1285 De
439 1247 532 1285 fluv.
557 1263 591 1287 c.
615 1262 638 1286 2
669 1262 678 1285 :
701 1246 864 1298 Ἰσμηνὸς
881 1247 1037 1298 ποταμός
1059 1250 1134 1287 ἐστι

84 1307 147 1351 τῆς
167 1305 338 1349 Βοιωτίας
353 1305 446 1343 κατὰ
465 1305 567 1343 πόλιν
590 1306 735 1353 Θήὸας·
757 1307 916 1344 ἐκαλεῖτο
934 1305 969 1344 δὲ
985 1306 1025 1344 τὸ
1041 1306 1130 1358 πρό-

85 1378 184 1416 τερον
203 1363 352 1414 Κάδμου
369 1367 476 1414 ποῦς,
497 1364 558 1401 ἀπ’
576 1365 689 1408 αἰτίας
702 1365 885 1411 τοιαύτης·
904 1364 1060 1415 Κάδμος,
1075 1365 1132 1403 τὸν

85 1421 336 1475 κρηνοφύλακα
353 1422 525 1474 δράκοντα
541 1422 719 1473 τοξεύσας,
736 1422 796 1460 καὶ
814 1421 922 1474 εὑρὼν
936 1422 1056 1475 ὥσπερ
1071 1439 1133 1461 πε-

85 1480 374 1533 φαρμακευμένον
390 1479 497 1533 φόὸου
510 1479 623 1534 (φόνῳ
634 1482 717 1533 ξ’)τὸ
729 1480 838 1533 ὕδωρ,
850 1480 1060 1533 περιήρχετο
1067 1480 1131 1528 τὴν

83 1538 204 1592 χώραν
220 1539 331 1584 ζητῶν
345 1537 462 1588 πηγήν
473 1553 481 1561 ·
498 1538 680 1589 γενόμενος
695 1539 731 1577 δὲ
748 1539 840 1577 κατὰ
860 1539 899 1577 τὸ
922 1538 1131 1591 Κωρύκαιον

85 1597 224 1650 ἄντρον,
243 1596 334 1635 κατὰ
349 1596 512 1649 πρόνοιαν
534 1597 696 1645 Ἀθηνᾶς,
717 1597 775 1636 τὸν
794 1596 900 1642 δεξιὸν
917 1597 1006 1636 πόδα
1026 1597 1132 1649 βαθύ-

83 1670 181 1708 τερον
199 1656 246 1699 εἷς
263 1654 373 1701 πηλὸν
386 1653 523 1707 ἤρεισεν
533 1670 541 1678 ·
556 1659 715 1705 ποταμοῦ
737 1655 765 1694 δ’
777 1654 996 1699 ἀναδοθέντος
1017 1656 1056 1693 ἐκ
1071 1658 1132 1693 τοῦ

85 1714 213 1762 τόπου,
241 1716 259 1752 ὃ
283 1713 376 1767 ἥρως
403 1712 638 1765 βουθυτήσας,
667 1714 815 1765 Κάδμου
834 1714 925 1752 πόδα
952 1713 1129 1767 προσηγό-

86 1788 204 1827 ρευσεν
222 1772 337 1812 αὐτόν.
359 1771 464 1811 Μετὰ
482 1771 518 1810 δέ
549 1788 626 1810 τινα
645 1772 768 1825 χρόνον
786 1772 966 1823 Ἰσμηνὸς,
988 1772 1132 1826 Ἀμφίο-

85 1834 146 1874 νος
168 1830 229 1869 καὶ
254 1829 388 1877 Νιόὸης
408 1830 508 1877 παῖς,
528 1830 591 1867 ὑπ’
621 1830 837 1874 Ἀπόλλωνος
856 1830 1039 1878 τοξευθεὶς,
1070 1829 1131 1868 καὶ

86 1888 252 1940 ἀλγηδόνι
272 1888 518 1941 συνεχόμενος,
541 1888 662 1927 ἑαυτὸν
683 1888 805 1927 ἔὸαλεν
827 1891 873 1932 εἷς
892 1888 950 1927 τὸν
965 1904 1124 1942 προειρη-

84 1946 186 1998 μένον
209 1946 384 1997 ποταμὸν,
403 1946 439 1990 ὃς
458 1948 518 1984 ἀπ’
536 1947 640 1985 αὐτοῦ
658 1947 821 1996 Ἰσμηνὸς
837 1947 1045 1997 ὠνομάσθη·
1062 1963 1126 1986 κα-

85 2004 150 2049 θὼς
165 2007 294 2057 ἱστορεῖ
314 2003 525 2057 Σώστρατος
543 2006 576 2042 ἐν
597 2004 628 2056 β’
651 2006 742 2058 Περὶ
771 2009 957 2061 ποταμῶν.

138 2066 308 2103 Stohaeus
320 2066 452 2103 Floril.
470 2066 606 2113 LXVI,
620 2065 667 2108 34
690 2078 698 2101 :
716 2063 929 2116 Σωστράτου
948 2065 983 2102 ἐν
1000 2063 1032 2116 β’
1053 2066 1131 2103 Κυ-

85 2122 291 2173 νηγετικῶν.
315 2120 521 2165 Κυάνιππος
536 2122 586 2173 τῷ
603 2120 693 2171 γένει
707 2121 889 2164 Θεσσαλὸς
911 2121 1027 2173 γήμας
1047 2124 1132 2160 Λευ·

84 2179 216 2230 κώνην,
236 2178 280 2218 τὰ
299 2179 413 2218 πολλὰ
439 2179 495 2217 διὰ
515 2179 743 2232 φιλοκύνηγον
776 2180 948 2232 ἐνέργειαν
976 2182 1010 2218 ἐν
1032 2179 1131 2224 ὕλαις

85 2238 266 2291 διέτριὸεν.
292 2237 338 2276 ‘H
357 2237 393 2276 δὲ
412 2237 601 2290 νεόνυμφος
628 2238 931 2289 ὑπολαμὸάνουσα
949 2238 1130 2285 συνήθειαν

87 2296 191 2335 αὐτὸν
208 2296 300 2349 ἔχειν
315 2296 390 2347 μεθ’
406 2295 526 2349 ἑτέρας
537 2296 697 2347 γυναικὸς
713 2300 791 2335 κατ’
803 2296 898 2348 ἴχνος
914 2297 1128 2344 ἠκολούθησε

85 2357 136 2406 τῷ
157 2355 399 2408 προειρημένῳ
412 2384 424 2406 ,
441 2354 501 2393 καὶ
520 2353 555 2392 ἔν
574 2370 641 2393 τινι
658 2355 920 2408 κατακρυὸεἴσα
942 2354 1132 2408 συνδένδρῳ

87 2413 127 2451 τὸ
145 2413 272 2463 μέλλον
294 2411 563 2464 ἀπεκαραδόκει.
588 2414 671 2452 Τῶν
691 2411 727 2451 δὲ
740 2412 838 2466 πέριξ
864 2412 1002 2451 κλάδων
1022 2415 1132 2465 αἰφνι-

89 2471 171 2516 δίως
186 2471 405 2522 σεισθέντων,
418 2473 451 2510 οἱ
465 2470 643 2509 στιὲευταὶ
659 2470 757 2515 κύνες
771 2471 927 2516 δόξαντες
944 2470 1003 2510 καὶ
1025 2470 1132 2517 αὐτὴν

89 2529 216 2582 ἀλόγου
235 2529 324 2582 ζῴου
348 2529 445 2576 δίκην
464 2528 713 2581 διεσπάραξαν.
742 2532 774 2568 Τ
776 2532 816 2575 ἧς
836 2528 871 2567 δὲ
891 2527 1046 2580 πράξεως
1066 2530 1133 2566 αὗ-

87 2587 219 2635 τόπτης
243 2587 425 2639 γενόμενος
453 2587 662 2631 Κυάνιππος
688 2587 812 2626 ἑαυτὸν
844 2585 1129 2638 ἐπικατέσφαξεν.

86 2648 230 2684 Eadem
247 2649 420 2697 Apostol.
435 2649 550 2684 Prov.
572 2648 649 2693 XI,
671 2647 734 2685 83.

139 2707 323 2742 Praeterea
341 2705 521 2742 laudatur
542 2706 729 2742 Sostratus
744 2703 855 2756 Περὶ
881 2702 997 2756 ζῴων
1029 2705 1133 2753 apud

85 2817 123 2849 iis
132 2817 213 2849 falce
222 2817 316 2848 letale
329 2816 446 2848 vulnus
465 2815 607 2856 infligens
622 2816 792 2848 interfecit.
806 2818 888 2848 Tum
911 2815 1026 2856 reliqui
1053 2818 1133 2848 stra-

83 2870 210 2909 tegema
229 2868 409 2909 ignorantes
432 2867 576 2900 Codrum
597 2868 757 2899 volentem
784 2867 983 2900 occiderunt.
1012 2868 1063 2899 Sic
1089 2868 1131 2898 fa-

85 2921 174 2952 ctum
185 2921 231 2952 est
244 2921 282 2952 ut
295 2920 520 2960 Athenienses,
534 2920 682 2951 conserto
695 2919 820 2960 proelio,
837 2919 1005 2951 victoriam
1018 2918 1131 2960 depor-

84 2973 202 3005 tarent.

591 3022 625 3054 3.

126 3088 249 3120 crescit
257 3087 290 3118 in
306 3087 430 3128 Tigride
444 3087 542 3119 herba
553 3111 562 3127 ,
579 3096 652 3128 quae
675 3087 795 3119 hordeo
815 3086 930 3127 agresti
944 3085 1054 3118 similis
1069 3086 1132 3123 est;

85 3140 168 3172 hanc
175 3139 331 3180 indigenae
338 3140 528 3172 calefaciunt
541 3140 573 3171 in
583 3140 666 3179 oleo,
676 3148 779 3180 eoque
789 3137 1009 3170 inunctTuullo
1019 3138 1132 3169 morbo

85 3191 241 3232 laborant,
259 3192 363 3224 donec
375 3201 430 3224 eos
442 3192 559 3232 premit
572 3192 682 3223 mortis
695 3192 882 3230 necessitas,
900 3192 938 3222 ut
952 3191 1061 3222 narrat
1074 3192 1131 3222 So-

83 3244 202 3276 stratus
217 3243 320 3284 primo
333 3243 415 3275 libro
428 3243 575 3275 Historiae
590 3243 744 3275 fabulosae
763 3241 972 3274 collectionis.

417 3332 483 3370 DE
511 3332 578 3370 ΤΗ
584 3331 802 3370 ESSALIS.

131 3424 158 3454 1.
177 3421 348 3464 Staphylus
358 3421 542 3455 Naum-atita
557 3422 724 3463 Pelasgum
742 3429 856 3462 genere
870 3419 1023 3461 Argivum
1036 3418 1131 3450 fuisse

2158 241 2233 275 505

1197 315 1415 351 Athenaeum
1434 318 1572 365 VII,p.
1595 330 1683 363 212,
1700 319 1730 354 E
1751 316 1983 370 (Σώστρατος
2003 321 2037 358 ἐν
2053 327 2124 366 τοῖς
2144 323 2237 376 Περὶ

1197 370 1312 424 ζῴων·
1329 372 1400 410 ἔστι
1426 373 1461 410 δὲ
1478 377 1590 411 ταῦτα
1606 374 1666 411 δύο
1685 375 1818 426 βιὸλία.
1831 379 1907 414 Ubi
1920 392 1990 427 pro
2006 379 2065 417 δύο
2084 383 2239 430 legerim

1198 429 1240 477 δ’;
1252 445 1339 468 nam
1355 440 1531 480 quartum
1544 433 1655 481 hujus
1666 437 1792 482 operis
1808 436 1947 473 librum
1969 439 2098 475 laudat
2115 442 2234 480 schol.

1198 491 1378 539 Apollon.
1394 493 1430 536 I,
1453 490 1550 527 1265
1564 519 1575 539 ,
1589 493 1661 527 nisi
1677 494 1784 529 malis
1804 495 1858 529 ibi
1875 508 1944 542 pro
1959 496 1992 532 ἐν
2008 495 2036 532 δ’
2056 499 2179 546 legere
2200 499 2236 535 ἐν

1198 547 1388 599 δευτέρῳ);
1418 549 1556 588 Athen.
1591 552 1680 596 VII,
1701 565 1742 600 p.
1771 552 1862 599 303,
1881 554 1908 589 C
1936 552 1989 602 (ἐν
2015 554 2088 604 β’);
2115 558 2236 594 schol.

1201 607 1382 662 Nicandri
1419 609 1529 644 Ther.
1565 607 1656 647 565.
1688 614 1762 655 747
1792 609 1906 661 (Περὶ
1937 609 2069 661 φύσεως
2104 611 2239 664 ζῴων).

1201 666 1290 712 760.
1308 667 1379 712 764
1396 665 1499 718 (Περὶ
1513 665 1880 718 βλητῶνῆδακέτων).
1895 669 1953 705 Ad
1963 671 2240 708 eosdemlibros

1196 731 1343 773 spectat
1363 725 1531 761 AElianus
1559 726 1607 761 N.
1641 727 1687 762 A.
1720 727 1771 771 V,
1789 739 1836 773 27
1867 735 1906 763 et
1934 729 2007 774 VI,
2039 740 2099 765 21.
2120 731 2239 765 Porro

1197 783 1318 821 schol.
1341 784 1530 821 Theocrit.
1552 786 1584 830 1,
1609 783 1680 820 115
1704 783 1815 837 (Περὶ
1835 782 2004 836 ἄρκτων),
2025 794 2062 822 et
2085 789 2149 832 VI,
2173 788 2239 826 28.

1250 843 1425 878 Ceterum
1444 856 1536 878 num
1552 855 1597 879 ea
1623 856 1705 892 quae
1724 845 1980 881 recensuimus
2004 845 2054 881 ad
2078 845 2242 882 eundem

1203 902 1331 936 omnia
1342 930 1352 950 ‚
1374 914 1421 937 an
1435 902 1482 937 ad
1500 903 1628 950 plures
1642 904 1829 939 Sostratos
1844 904 2081 952 pertineant,
2100 906 2238 941 nescio.

1197 960 1405 996 Sostratum
1428 959 1548 996 filium
1574 961 1805 998 Aristodemi
1829 963 2035 1010 Nysaeensis
2051 975 2242 1012 gramma-

1196 1018 1285 1062 tici,
1322 1020 1481 1067 Augusti
1513 1032 1593 1055 aevo
1624 1019 1824 1056 florentem
1836 1049 1846 1066 ‚
1886 1028 2075 1057 memorat
2103 1022 2240 1058 Strabo

1197 1076 1299 1121 XIV,
1316 1089 1356 1124 p.
1377 1076 1467 1123 6503
1483 1078 1693 1113 Sostratum
1711 1079 2036 1128 Phanagorensem
2054 1080 2144 1115 citat
2158 1080 2239 1116 Ste-

1195 1134 1340 1182 phanus
1359 1136 1443 1183 Byz.
1474 1149 1511 1174 v,
1535 1135 1688 1182 Μυκάλη
1713 1149 1722 1175 :
1743 1136 1894 1187 Λέγεται
1911 1135 1972 1174 καὶ
1992 1138 2146 1183 θηλυκῶς
2160 1138 2240 1175 Μυ-

1195 1191 1363 1238 καλησὶς,
1396 1195 1443 1236 ὡς
1475 1193 1683 1245 Σώστρατος
1714 1196 1732 1231 ὃ
1770 1194 2031 1246 Φαναγορίτης.
2068 1197 2241 1233 Fortasse

1195 1252 1374 1298 alterum,
1404 1254 1557 1291 fortasse
1573 1263 1752 1292 neutrum
1774 1256 1914 1291 horum
1939 1256 2240 1304 Pseudoplutar-

1196 1310 1288 1346 chus
1301 1312 1462 1362 intelligi
1473 1314 1606 1351 voluit.

1600 1444 1806 1459 «000,-

1233 1534 1659 1594 STAPHYLUS
1704 1535 2199 1594 NAUCRATITA.

1489 1646 1613 1684 ΠΕΡΙ
1655 1646 1944 1687 ΘΕΤΤΑΛΩΝ.

1705 1746 1739 1769 1.

1250 1808 1381 1845 Schol.
1403 1809 1530 1858 Apoll.
1556 1808 1631 1846 Rh.
1663 1809 1701 1854 Ι,
1726 1807 1800 1845 580
1821 1823 1829 1845 :
1853 1807 2033 1860 Στάφυλος
2052 1808 2087 1847 δὲ
2104 1811 2121 1847 ὁ
2140 1811 2238 1848 Ναυ-

1195 1865 1361 1917 κρατίτης
1377 1865 1561 1916 Πελασγόν
1578 1881 1681 1917 φησιν
1699 1866 1846 1918 Ἀργεῖον
1859 1866 1896 1904 τὸ
1908 1866 2014 1917 γένος,
2031 1871 2236 1918 μετοικῆσαι

1200 1923 1235 1961 δὲ
1258 1925 1305 1967 εἰς
1321 1924 1537 1972 Θεσσαλίαν,
1556 1923 1616 1962 καὶ
1633 1925 1695 1961 ἀπ’
1707 1926 1812 1962 αὐτοῦ
1836 1925 2040 1975 Πελασγίαν
2063 1926 2124 1973 τὴν
2143 1929 2238 1967 Θεσ-

1197 1982 1321 2020 σαλίαν
1344 1984 1524 2030 κληθῆναι.

1496 2078 1526 2112 Ε
1553 2076 1704 2112 LIBRO
1732 2075 1926 2115 TERTIO.

1694 2174 1730 2197 2.

1246 2237 1351 2273 Idem
1366 2237 1495 2282 ib.IV,
1513 2236 1608 2273 816:
1627 2235 1810 2288 Στάφυλος
1824 2235 1859 2273 δὲ
1879 2236 1912 2273 ἐν
1933 2235 2038 2288 τρίτῳ
2058 2238 2127 2274 τῶν
2143 2236 2232 2288 Περὶ

1195 2294 1397 2335 Θεσσαλίαν
1419 2296 1548 2346 ἱστορεῖ
1570 2294 1734 2346 Χείρωνα
1748 2325 1759 2345 ,
1776 2294 1878 2348 σοφὸν
1891 2294 1978 2332 ὄντα
1995 2293 2055 2332 καὶ
2074 2297 2237 2346 ἀστρονο-

1196 2352 1277 2403 μίας
1293 2352 1470 2404 ἔμπειρον,
1490 2352 1698 2404 βουλόμενον
1718 2352 1775 2391 τὸν
1787 2352 1910 2399 Πηλέα
1925 2352 2058 2396 ἔνδοξον
2077 2355 2233 2400 ποιῆσαι,

1195 2411 1492 2464 μεταπέμψασθαι
1510 2410 1573 2457 τὴν
1589 2409 1749 2463 Ἄκτορος
1772 2411 1943 2463 θυγατέρα
1964 2414 2024 2448 τοῦ
2045 2411 2235 2463 Μυρμιδό-

1193 2484 1271 2519 νος,
1304 2469 1364 2507 καὶ
1386 2469 1506 2520 λόγους
1533 2470 1751 2520 διασπεῖραι,
1787 2469 1837 2507 ὅτι
1862 2468 1982 2521 μέλλει
2016 2474 2141 2519 γαμεῖν
2171 2468 2235 2516 τὴν

1196 2527 1302 2568 Θέτιν
1323 2530 1340 2565 ὁ
1360 2527 1519 2575 Πηλεὺς,
1548 2527 1627 2571 Διὸς
1647 2527 1797 2571 διδόντος
1825 2528 1938 2580 αὐτῷ·
1965 2529 1995 2565 οἱ
2015 2526 2050 2565 δὲ
2072 2526 2140 2565 θεοὶ
2159 2528 2236 2576 μετ’

1194 2585 1326 2638 ὅμὸρου
1344 2586 1405 2624 καὶ
1435 2588 1605 2638 χειμῶνος
1627 2585 1765 2632 ἥξουσιν
1793 2588 1838 2629 εἰς
1866 2585 1924 2624 τὸν
1952 2585 2079 2635 γάμον.
2111 2587 2235 2624 Ταῦτα

1194 2644 1368 2697 φημίσας,
1389 2644 1578 2696 παρετήρει
1594 2644 1652 2682 τὸν
1671 2644 1807 2696 χρόνον,
1831 2645 1865 2681 ἐν
1888 2637 1916 2695 ᾧ
1938 2644 2071 2681 ὑδάτων
2091 2643 2235 2693 ἔμελλεν

1194 2704 1332 2741 ἔσεσθαι
1351 2702 1525 2755 ἐπομὸρία
1551 2703 1611 2741 καὶ
1634 2701 1817 2752 πνεύματα
1838 2701 1988 2748 ἐξαίσια,
2010 2701 2070 2739 καὶ
2089 2701 2166 2739 τότε
2181 2700 2235 2739 δί-

1190 2816 1252 2856 ait,
1274 2816 1330 2847 sed
1349 2816 1382 2847 in
1405 2815 1597 2847 Thessaliam
1616 2815 1786 2855 migrasse,
1803 2822 1876 2853 quae
1891 2813 1932 2845 ab
1958 2821 1996 2845 eo
2016 2814 2156 2853 Pelasgia
2181 2822 2235 2844 vo-

1190 2870 1260 2900 cata
1275 2869 1326 2900 sit.

1693 2927 1727 2959 2.

1232 3000 1406 3040 Staphylus
1418 2999 1500 3030 libro
1516 2998 1609 3030 tertio
1621 3000 1667 3030 De
1684 2996 1845 3029 Thessalia
1860 2998 1969 3029 narrat
1982 2997 2154 3029 Chironem
2167 3020 2176 3035 ,
2191 2995 2236 3027 vi-

1191 3063 1262 3085 rum
1273 3053 1448 3092 sapientem
1459 3050 1698 3083 etastronomiae
1709 3050 1846 3090 peritum
1857 3074 1865 3087 ,
1875 3051 1910 3081 ut
1918 3049 2133 3081 celebritatem
2145 3048 2235 3080 Peleo

1190 3105 1390 3145 compararet
1401 3127 1410 3143 ,
1431 3103 1604 3134 advocasse
1616 3102 1742 3134 Actoris
1762 3100 1962 3141 Myrmidone
1975 3100 2040 3132 nati
2057 3099 2166 3139 filiam,
2181 3108 2234 3130 ru-

1190 3165 1312 3188 morem
1327 3164 1404 3187 vero
1417 3155 1586 3196 sparsisse,
1604 3154 1694 3195 quasi
1708 3153 1875 3186 Thetidem
1890 3153 2013 3191 Peleus,
2031 3154 2111 3184 Jove
2122 3150 2234 3187 dante,

1189 3210 1270 3241 esset
1280 3209 1437 3240 ducturus
1448 3232 1458 3247 ‚
1474 3207 1582 3248 diique
1594 3216 1668 3238 cum
1685 3207 1792 3247 pluvia
1804 3215 1842 3237 ac
1853 3206 2042 3246 tempestate
2057 3204 2096 3235 ad
2109 3202 2235 3242 nuptias

1190 3261 1317 3292 venturi
1344 3260 1459 3291 essent.
1478 3261 1546 3291 Hac
1569 3258 1732 3298 divulgata
1757 3258 1859 3297 sama,
1882 3258 2009 3296 tempus
2034 3253 2232 3289 observavit,

1189 3321 1253 3352 quo
1266 3311 1416 3342 imbrium
1434 3311 1558 3351 copiam
1570 3310 1636 3342 sore
1648 3311 1680 3341 et
1693 3309 1847 3340 immanes
1863 3307 2016 3349 procellas
2030 3303 2185 3346 praevidit,
2196 3311 2233 3332 ac

1189 3366 1268 3397 tunc
1278 3365 1372 3396 Peleo
1384 3363 1472 3396 dedit
1484 3363 1701 3395 Philomelam.
1718 3361 1770 3395 Sic
1780 3361 1877 3402 igitur
1886 3359 1992 3401 opinio
2006 3356 2140 3389 invaluit
2154 3354 2231 3386 The·

1190 3416 1289 3449 tidem
1306 3424 1324 3447 a
1340 3415 1432 3449 Peleo
1448 3415 1579 3447 ductam
1596 3423 1674 3447 esse.
