2372 3704
935 216 941 222 '
990 209 1324 249 FRAGMENTA.

543 326 593 362 79
615 315 653 353 b·

127 419 219 457 Suid
238 433 247 456 :
270 416 508 471 Τιὸέριος,
531 416 724 457 Ὀκταὸίου
744 416 832 465 υἱὸς,
855 416 1016 469 βασιλεὺς
1038 416 1128 456 Ῥω-

75 477 209 529 μαίων,
231 475 440 527 ἐμπλήκτως
454 476 514 514 καὶ
529 475 684 523 ἀνοήτως
696 475 759 523 τὴν
777 476 890 528 ἀρχὴν
908 475 1126 528 διῳκήσατο,

74 535 205 589 φοὸερᾷ
221 535 283 586 μὲν
296 535 467 586 ὠμότητι,
484 541 625 587 μυσαρᾷ
644 534 680 573 δὲ
699 535 758 573 καὶ
776 535 917 587 ἀθέσμῳ
933 534 1126 585 πλεονεξίᾳ,

77 595 210 647 αἰσχρᾷ
230 609 267 632 τε
286 593 482 648 ἡδυπαθείᾳ
502 594 733 647 χρησάμενος·
755 593 938 645 στρατείαν
969 592 1031 643 μὲν
1056 591 1124 644 γὰρ

75 653 217 692 ἅπασαν
252 653 354 697 αὐτὸς
376 653 572 705 ἠρνήσατο,
604 651 661 690 διὰ
685 650 720 691 δὲ
755 654 822 690 τῶν
854 651 1127 704 ὑποστρατήγων

76 713 253 765 γλίσχρως
277 713 337 750 καὶ
361 711 523 765 ῥᾳθύμως
544 717 614 754 τοῖς
634 710 797 755 ἐναντίοις
821 712 1076 762 προσπολεμῶν
1095 717 1126 750 *-

79 771 274 818 Κακοήθης
291 771 327 809 δὲ
342 769 389 808 ὢν
410 770 502 809 ἔστιν
519 769 574 814 οὒς
586 772 654 808 τῶν
675 768 872 822 συμμάχων
894 770 1047 821 βασιλεῖς
1059 771 1128 807 τῶν

76 830 210 872 οἰκείων
228 833 348 883 ἀρχῶν
363 829 483 881 ἀπάτῃ
501 828 675 879 μετελθὼν
690 828 861 881 ἀφείλετο·
877 822 926 866 ῶν
942 827 1127 880 Ἀρχέλαος

76 883 119 936 ἦν
140 891 157 927 ὁ
190 890 441 928 Καππαδόκων
465 887 646 941 βασιλεὺς,
673 886 710 926 ὃν
736 887 853 934 ἠπίοις
878 887 938 925 καὶ
958 890 1127 938 θεραπευ-

77 953 187 991 τικοῖς
212 947 364 991 καλέσας
382 949 428 991 ὡς
453 947 574 986 ἑαυτὸν
599 947 732 998 λόγοις,
753 946 868 984 οὐκέτι
887 945 972 998 πρὸς
990 945 1055 992 τὴν
1075 947 1128 984 οἷ-

77 1006 174 1046 κείαν
196 1010 435 1054 ἀπονοστῆσαι
463 1005 726 1058 συνεχώρησεν,
748 1007 826 1043 ἀλλ’
858 1004 1034 1057 ἐπαρχίαν
1063 1004 1127 1051 τὴν

80 1065 341 1107 Καππαδοκίαν
372 1065 547 1118 ἀπέφηνε,
578 1064 639 1102 καὶ
665 1063 727 1110 τὴν
749 1063 916 1114 μεγίστην
944 1066 1011 1102 τῶν
1045 1065 1128 1115 τῇδε

77 1123 211 1162 πόλεων
226 1154 237 1175 ,
261 1124 416 1169 Μάζακα
438 1123 631 1175 ἔμπροσθεν
654 1123 722 1160 ὑπὸ
740 1125 809 1160 τῶν
829 1123 979 1160 ἐποίκων
1000 1123 1126 1169 ὀνομα-

78 1182 227 1233 ζομένην
239 1213 250 1233 ‚
265 1185 325 1237 ἀφ’
343 1186 465 1221 ἑαυτοῦ
481 1181 594 1234 φέρειν
611 1180 673 1228 τὴν
698 1181 935 1233 προσηγορίαν
952 1180 1127 1224 ἐπέταξεν·

76 1241 167 1293 ἥπερ
189 1241 231 1289 δὴ
248 1241 324 1280 καθ’
337 1244 431 1292 ἡμᾶς
452 1240 629 1294 Καίσαρός
642 1242 714 1280 ἐστι
733 1239 924 1289 ἐπώνυμος.
942 1239 1003 1284 Ἐς
1020 1241 1130 1291 γῆρας

78 1300 113 1342 δὲ
135 1300 228 1352 ὅμως
251 1299 384 1356 μακρὸν
403 1299 580 1351 προελθὼν
601 1298 753 1346 θνήσκει.
772 1301 825 1337 Cf.
845 1300 893 1340 fr.
915 1304 987 1348 49,
1013 1299 1037 1349 g
1062 1312 1125 1337 10.

574 1377 636 1415 80.

133 1452 220 1487 Exc.
241 1451 298 1486 De
314 1451 384 1486 ins.
400 1462 442 1498 p.
461 1461 508 1487 22
528 1462 536 1484 :
552 1445 639 1486 ‘'Ou
650 1445 810 1498 Ἡρώδης
821 1449 839 1485 ὁ
852 1445 909 1484 τὸν
927 1445 1130 1498 Πρόδρομον

82 1507 363 1561 ἀποκεφαλίσας,
386 1506 566 1556 γενόμενος
593 1505 797 1556 ἐμπληθὴς,
828 1506 982 1557 ἐκρίνετο
1015 1507 1131 1554 μῆνας

82 1572 133 1615 η’,
151 1566 211 1605 καὶ
230 1566 322 1604 κατὰ
343 1565 398 1603 τὸν
416 1567 520 1603 αὐτοῦ
546 1567 696 1603 κοιτῶνα
722 1563 873 1616 ἀνῃρέθη
894 1563 997 1617 ξίφει,
1018 1579 1131 1604 συνειε

81 1625 194 1674 δυίας,
214 1624 260 1668 ὥς
279 1639 362 1677 φασι
374 1653 386 1675 ‚
407 1622 468 1662 καὶ
484 1625 546 1671 τῆς
563 1621 722 1674 γυναικὸς
742 1623 863 1662 αὐτοῦ.

575 1699 640 1740 81.

133 1778 236 1817 Ibid.
258 1792 300 1828 p.
324 1790 372 1814 22
400 1789 410 1815 τ
427 1774 514 1814 e'Ort
534 1773 592 1812 ἐπὶ
610 1773 775 1826 Τιὸερίου
795 1777 854 1811 τοῦ
882 1773 1052 1825 βασιλέως
1069 1789 1131 1824 γε-

81 1836 221 1890 νόμενος
239 1838 257 1874 ὁ
276 1835 402 1887 Κύριος
418 1834 553 1882 Ἰησοῦς
569 1834 654 1871 ἐτῶν
671 1832 725 1884 λγ’
737 1862 747 1880 ,
777 1832 842 1870 ὑπὸ
866 1835 934 1870 τῶν
957 1833 1132 1872 Ἰουδαίων

81 1899 324 1946 κατηγορεῖτο,
337 1895 382 1936 ὡς
398 1892 582 1930 καταλύων
598 1892 712 1929 αὐτῶν
726 1890 788 1937 τὴν
806 1889 905 1934 δόξαν
917 1920 926 1938 ,
938 1890 999 1928 καὶ
1013 1890 1131 1942 ἑτέραν

83 1952 296 2004 ἀντεισάγων
324 1950 462 1998 καινήν.
491 1950 563 1989 Καὶ
590 1948 816 2001 συναχθέντες
835 1948 985 1992 ἅπαντες
1004 1951 1039 1987 ἐν
1060 1948 1129 1988 Ἱε·

84 2011 308 2066 ροσολύμοις,
339 2010 460 2048 στάσιν
489 2009 621 2049 ἐκίνουν
649 2010 727 2047 κατ’
760 2010 884 2055 αὐτοῦ,
906 2009 1132 2060 βλασφημίας

82 2070 312 2123 καταχέοντες
332 2069 379 2112 εἴς
393 2085 430 2106 τε
449 2068 506 2106 τὸν
524 2067 614 2107 Θεὸν
635 2067 694 2105 καὶ
711 2067 768 2105 τὸν
789 2067 969 2118 Καίσαρα.
992 2067 1131 2106 Ἐντεῦ-

84 2133 140 2168 θεν
169 2128 368 2182 παρρησίαν
393 2126 579 2174 λαὸόντες,
610 2125 671 2164 καὶ
702 2126 937 2178 κρατήσαντες
966 2126 1068 2164 αὐτὸν
1098 2128 1132 2164 ἐν

83 2188 202 2235 νυκτὶ,
221 2187 430 2240 παρέδωκαν
460 2185 600 2239 Ποντίῳ
621 2184 767 2237 Πιλάτῳ
793 2187 842 2235 τῷ
865 2185 1021 2235 ἡγεμόνν
1042 2183 1134 2228 ὅστις

85 2247 155 2289 εἴτε
180 2246 236 2285 διὰ
258 2246 386 2285 δειλίαν
401 2249 463 2284 τοῦ
478 2245 650 2292 πλήθους,
669 2244 738 2282 εἴτε
759 2245 803 2282 δι’
817 2243 1027 2295 ἐπαγγελίαν
1044 2259 1132 2297 χρη-

86 2307 228 2358 μάτων,
258 2305 432 2356 μηδεμίαν
464 2303 576 2342 αἰτίαν
610 2304 783 2355 εὑρηκὼς,
816 2302 995 2341 ἐκέλευσεν
1025 2304 1132 2341 αὐτὸν

86 2369 342 2420 σταυρωθῆναι.
401 2363 471 2404 Καὶ
486 2362 740 2416 σταυρωθέντος
761 2364 884 2410 αὐτοῦ,
904 2362 1044 2412 σεισμὸς
1062 2363 1134 2414 ἐγέ-

86 2440 163 2463 νετο
183 2425 291 2475 μέγας
312 2422 372 2461 καὶ
393 2423 513 2465 σκότος
541 2421 598 2459 ἐπὶ
629 2427 747 2459 πᾶσαν
773 2421 835 2467 τὴν
861 2424 939 2471 γῆν.
997 2421 1135 2460 Γευσά-

89 2498 187 2534 μενος
206 2483 242 2520 δὲ
268 2482 440 2531 θανάτου,
462 2480 589 2528 ἀνέστη
621 2480 690 2518 ἀπὸ
709 2483 777 2518 τῶν
808 2481 936 2532 νεκρῶν
966 2482 1009 2531 τῇ
1035 2479 1135 2532 τρίτῃ

90 2542 222 2594 ἡμέρᾳ,
254 2541 314 2579 καὶ
339 2539 515 2592 ἀνελήφθη
543 2541 588 2583 εἷς
607 2538 685 2582 τοὺς
715 2537 892 2590 οὐρανούς.
951 2537 1138 2591 Μάρτυρες

88 2601 251 2653 γεγόνασι
267 2599 390 2637 πολλοὶ
407 2598 614 2648 θεασάμενοι
631 2597 690 2636 καὶ
713 2597 986 2649 συγγράψαντες.

2155 222 2229 256 571

1680 316 1744 352 82.

1489 406 1634 444 CAIUS
1662 408 1927 448 CALIGULA.

1245 491 1334 528 Exc.
1350 492 1407 526 De
1420 491 1506 527 virt.
1521 504 1560 540 p.
1581 492 1654 528 802
1674 506 1682 528 :
1698 488 1783 531 t'Ort
1797 494 1816 530 ὁ
1829 493 1933 537 Γάϊος
1953 494 2170 546 μιαρώτατὸς
2184 512 2236 540 τις

1190 546 1252 585 καὶ
1269 547 1504 592 ἀνοσιώτατος
1524 547 1674 599 ἐγένετο.
1734 550 1806 588 Καὶ
1823 555 1982 592 τοσοῦτον
2001 554 2150 604 ὁρμαθὸν
2173 570 2243 592 κα·-

1190 608 1260 643 κῶν
1290 605 1503 658 συνειληφὼς
1523 607 1720 660 ἐπεκάλυψε
1740 608 1784 645 τὰ
1803 610 1894 660 [τοῦ]
1917 609 2081 662 Τιὸερίου
2105 627 2241 662 μειονε-

1191 663 1370 714 κτήματα.
1396 664 1495 725 ‘'0ch
1514 666 1582 718 γὰρ
1612 668 1662 718 τῷ
1690 665 1883 719 Αὐγούστῳ
1910 669 1944 705 ἐν
1976 670 2095 720 πολλῷ
2126 669 2241 722 χρόνῳ

1190 722 1432 775 περιεποιήθη,
1444 726 1541 767 οὗτος
1552 725 1586 762 ἐν
1602 724 1793 777 μιᾷὴμέρᾳ
1808 725 2045 772 ἀπεκτήσατο.
2062 728 2246 780 Μοιχικώ-

1189 780 1292 825 τατός
1309 797 1345 819 τε
1360 780 1550 833 ἀνθρώπων
1567 782 1751 833 γενόμενος
1766 783 1825 822 καὶ
1841 786 2006 834 γυναῖκας
2021 786 2246 838 ἡρμοσμένας

1191 839 1252 877 καὶ
1278 840 1528 891 γεγαμημένας
1547 840 1741 891 ἐλάμὸανε.
1798 842 1873 889 Τήν
1893 858 1931 881 τε
1954 845 2076 881 ἑαυτοῦ
2097 844 2242 891 τιθήνην

1191 899 1401 949 ἐπιτιμήσας
1413 899 1528 943 ἀνοίας
1538 901 1571 942 ἐς
1579 899 1733 950 ἀνάγκην
1743 901 1900 939 ἑκουσίου
1911 902 2059 940 θανάτου
2071 901 2246 949 κατέστη-

1191 972 1262 996 σεν.
1318 957 1474 1011 Ἐχρῆτο
1486 958 1521 996 δὲ
1532 958 1591 996 καὶ
1602 964 1676 1003 ταῖς
1690 961 1853 1012 ἀδελφαῖς
1862 960 1922 999 καὶ
1932 961 2144 1013 παρανόμων
2157 963 2247 1000 ἐκοι-

1190 1015 1289 1054 νώνει
1310 1016 1453 1067 μίξεων,
1471 1019 1518 1061 ὡς
1536 1017 1596 1055 καὶ
1619 1017 1736 1071 πατὴρ
1755 1018 1894 1063 ἀνοσίας
1913 1023 2131 1067 καταστῆναι
2146 1023 2248 1071 γονῆς

1191 1076 1230 1113 ἐκ
1245 1082 1326 1124 μιᾶς
1342 1078 1434 1128 αὐτῷ
1449 1077 1515 1113 τῶν
1535 1076 1692 1129 ἀδελφῶν
1707 1077 1974 1125 ἀποκυηθείσης.
1994 1077 2112 1122 Ναούς
2128 1094 2165 1116 τε
2185 1078 2246 1116 καὶ

1192 1133 1310 1178 θυσίας
1326 1137 1373 1178 ὡς
1387 1133 1522 1186 ἢμιθέῳ
1539 1134 1692 1185 γίνεσθαι
1712 1135 1966 1185 παρεσκεύαζε.
1990 1136 2148 1188 Τοιούτῳ
2164 1137 2244 1175 τότε

1193 1192 1461 1244 αὐτοκράτοριοὶ
1472 1192 1907 1245 Ῥωμαῖοιπαρεδόθησαν·
1920 1193 2009 1232 ὥστε
2017 1194 2061 1231 τὰ
2071 1199 2130 1233 τοῦ
2138 1195 2242 1234 Τιὸε·

1193 1250 1265 1302 ρίου
1282 1250 1385 1301 ἔργα,
1405 1250 1531 1303 καίπερ
1551 1251 1790 1303 χαλεπώτατα
1808 1251 1956 1297 δόξαντα
1970 1252 2168 1304 γεγονέναι,
2182 1268 2243 1291 το-

1194 1312 1314 1347 σοῦτον
1328 1308 1372 1347 τὰ
1385 1313 1443 1348 τοῦ
1459 1307 1567 1348 Γαΐου
1577 1340 1587 1360 ,
1601 1309 1679 1348 ὅσον
1693 1309 1737 1347 τὰ
1747 1314 1805 1348 τοῦ
1818 1310 2019 1361 Αὐγούστου
2033 1313 2116 1362 παρ’
2129 1312 2243 1349 ἐκεῖνα

1193 1373 1433 1419 παρενεγκεῖν.
1464 1367 1627 1419 Τιὸέριος
1657 1368 1720 1418 μὲν
1750 1367 1818 1420 γὰρ
1848 1368 1950 1412 αὐτός
1974 1384 2012 1407 τε
2039 1365 2147 1422 ἦρχε,
2184 1371 2245 1408 καὶ

1194 1425 1383 1476 ὑπηρέταις
1393 1431 1461 1468 τοῖς
1485 1425 1605 1469 ἄλλοις
1617 1426 1702 1476 πρὸς
1721 1426 1760 1463 τὸ
1774 1429 1897 1464 ἑαυτοῦ
1918 1426 2078 1478 βούλημα
2106 1430 2245 1480 ἐχρῆτο·

1195 1484 1300 1526 Γάϊος
1315 1483 1350 1521 δὲ
1370 1483 1498 1535 ἤρχετο
1513 1482 1575 1533 μὲν
1592 1485 1651 1522 καὶ
1666 1483 1732 1522 ὑπὸ
1748 1487 1815 1522 τῶν
1830 1484 2170 1537 ἁρματηλατούντων
2187 1486 2247 1524 καὶ

1194 1541 1489 1593 ὁπλομαχούντων
1511 1546 1570 1579 καὶ
1597 1545 1770 1588 σκηνικῶν
1788 1542 1849 1580 καὶ
1871 1545 2059 1596 τραγῳδῶν
2078 1545 2248 1589 πολλάκις

1193 1599 1253 1638 καὶ
1277 1601 1379 1643 αὐτὸς
1406 1599 1681 1650 ἐνδεικνύμενος,
1701 1601 1761 1639 καὶ
1789 1601 1851 1648 τὴν
1875 1602 2002 1654 βουλὴν
2030 1603 2116 1655 πρὸς
2136 1603 2248 1654 ἀνάγ-

1193 1674 1257 1702 κας
1272 1658 1590 1709 μετακαλούμενος.
1646 1660 1818 1700 Εἷκοστὸν
1846 1661 1913 1712 γὰρ
1934 1660 1975 1707 δὴ
2003 1662 2062 1699 καὶ
2088 1661 2248 1712 πέμπτον

1196 1718 1289 1768 ἄγων
1309 1717 1381 1761 ἔτος
1400 1717 1463 1764 τὴν
1484 1717 1656 1770 προτέραν
1673 1718 1830 1770 γαμετὴν
1849 1718 2006 1757 ἐκὸαλὼν
2027 1720 2089 1765 τὴν
2110 1723 2248 1772 Κορνη·

1198 1776 1272 1815 λίου
1294 1775 1460 1828 Ὀρέστου
1474 1776 1613 1828 ἥρπασε
1631 1777 1802 1827 θυγατέρα
1820 1780 1855 1816 ἐν
1874 1780 1990 1822 αὐτοῖς
2007 1784 2078 1822 τοῖς
2099 1779 2245 1830 γάμοις,

1196 1835 1454 1887 ἐγγεγυημένην
1474 1835 1721 1888 Καλπουρνίῳ.
1743 1838 1901 1880 Πολλούς
1920 1852 1958 1874 τε
1978 1835 2034 1874 διὰ
2055 1842 2166 1875 ταῦτα
2187 1853 2247 1876 συ-

1193 1897 1372 1947 κοφαντῶν
1394 1894 1523 1946 ἀνῄρει·
1543 1894 1583 1932 τὸ
1603 1894 1638 1932 δὲ
1666 1895 1793 1941 ἀληθὲς
1819 1894 1875 1933 διὰ
1899 1895 1960 1938 τὰς
1977 1895 2106 1939 οὐσίας.
2127 1895 2176 1935 Οἵ
2205 1912 2242 1934 τε

1192 1952 1259 2005 γὰρ
1289 1953 1456 2004 θησαυροὶ
1486 1952 1720 2001 ἐξανάλωντο,
1753 1954 1814 1994 καὶ
1841 1953 1936 1992 οὐδὲν
1969 1955 2064 2006 αὐτῷ
2094 1954 2244 2007 ἐξήρκει.

1200 2006 1305 2054 Α’ὐθις
1320 2011 1355 2049 δὲ
1363 2010 1492 2058 ταύτην
1506 2011 1662 2049 ἐκποδὼν
1675 2012 1923 2063 ποιησάμενος,
1943 2012 2072 2051 Λολίαν
2082 2013 2246 2064 ἠγάγετο,

1195 2069 1296 2107 αὐτὸν
1320 2070 1376 2108 τὸν
1406 2069 1512 2122 ἄνδρα
1530 2071 1635 2117 αὐτῆς
1657 2069 1821 2121 Μέμμιον
1844 2070 2039 2121 Ῥηγοῦλον
2072 2072 2242 2122 ἐγγυῆσαί

1194 2130 1225 2166 οἱ
1245 2127 1309 2174 τὴν
1328 2134 1475 2180 γυναῖκα
1494 2129 1712 2179 ἀναγκάσας,
1733 2127 1790 2166 ἵνα
1808 2128 1856 2179 μὴ
1874 2129 1934 2167 καὶ
1956 2127 2119 2181 ἀνέγγυον
2137 2129 2246 2177 αὐτὴν

1194 2188 1292 2240 παρὰ
1309 2186 1387 2230 τοὺς
1406 2187 1529 2237 νόμους
1548 2187 1657 2239 λάὸῃ.
1680 2188 1748 2227 Ἐκ
1766 2187 1801 2226 δὲ
1821 2191 1889 2226 τῶν
1907 2191 2071 2240 μοιχειῶν
2085 2219 2095 2237 ,
2124 2191 2169 2234 ὥς
2185 2190 2246 2232 καὶ

1195 2246 1256 2292 τὴν
1283 2251 1401 2283 πᾶσαν
1427 2246 1600 2292 Κελτικὴν
1626 2246 1684 2284 καὶ
1714 2245 1948 2299 Βρεττανικὴν
1976 2247 2247 2300 κεχειρωμένος,

1197 2303 1420 2357 αὐτοκράτωρ
1443 2319 1479 2341 τε
1506 2304 1674 2348 πολλάκις
1700 2305 1912 2356 Γερμανικὸς
1931 2305 1991 2343 καὶ
2022 2306 2248 2358 Βρεττανικὸς

1197 2362 1387 2408 ἐπεκλήθη.
1409 2361 1596 2415 Ἐπαρθείς
1613 2378 1651 2400 τε
1678 2362 1734 2400 ἐπὶ
1753 2361 1885 2406 τούτοις
1902 2361 1988 2404 Ζεύς
2016 2379 2053 2400 τε
2085 2362 2222 2414 ἐλέγετο
2235 2393 2247 2414 ,

1198 2421 1256 2459 καὶ
1277 2420 1338 2464 τὰς
1364 2420 1494 2459 ἐκείνου
1516 2420 1646 2468 στήλας
1675 2423 1721 2464 εἷς
1741 2421 1845 2460 αὐτὸν
1873 2421 2135 2473 μετερρύθμιζε.
2159 2424 2249 2466 Ταῖς

1198 2496 1235 2518 τε
1253 2479 1320 2533 γὰρ
1340 2482 1498 2532 βρονταῖς
1517 2482 1556 2519 ἐκ
1573 2483 1734 2532 μηχανῆς
1753 2496 1845 2523 τινος
1856 2479 2087 2532 ἀντεὸρόντα,
2100 2480 2160 2518 καὶ
2173 2485 2249 2525 ταῖς

1199 2540 1396 2590 ἀστραπαῖς
1416 2538 1691 2592 ἀντήστραπτεν·
1710 2538 1796 2577 ὅπου
1818 2537 1941 2591 (ὁπότε
1956 2540 2052 2591 Dio)
2070 2538 2105 2576 δὲ
2122 2554 2248 2592 κεραυ-

1198 2596 1253 2640 νὸς
1273 2597 1443 2635 κατέπεσε
1460 2597 1552 2635 λίθον
1569 2597 1823 2645 ἀντηκόντιζεν.

131 2714 184 2744 Fr.
203 2715 253 2744 80.
269 2713 319 2745 Cf.
335 2712 466 2744 Malalas
479 2720 511 2751 p.
533 2713 592 2742 239
606 2735 615 2750 ,
639 2714 675 2743 18
696 2723 703 2742 ι
719 2710 757 2742 Ὁ
774 2710 805 2741 δὲ
822 2710 916 2746 αὐτὸς
937 2710 1080 2751 βασιλεὺς
1099 2710 1238 2751 Ἡρώδης
1259 2711 1276 2741 ὁ
1289 2710 1449 2742 Φιλίππου
1473 2711 1483 2749 (
1500 2710 1644 2742 Herodes
1661 2710 1791 2750 Antipas
1802 2734 1810 2749 ‚
1831 2710 1967 2750 Philippi
1986 2711 2097 2747 frater,
2114 2709 2249 2742 Herodis

91 2762 136 2793 M.
152 2759 254 2799 filius)
265 2784 274 2798 ‚
287 2759 449 2800 γενόμενος
464 2758 620 2798 ἐμπληθης
635 2757 770 2798 ἐκρίνετο
784 2757 833 2788 ἐπὶ
848 2761 945 2797 μῆνας
960 2756 987 2795 η’
1007 2758 1060 2789 καὶ
1083 2757 1203 2797 ἐσφάγη
1225 2758 1255 2789 ἐν
1271 2760 1317 2796 τῷ
1333 2757 1520 2798 κουὸικλείῳ
1536 2757 1631 2788 αὐτοῦ
1649 2757 1727 2796 μετὰ
1740 2757 1811 2793 τοὺς
1825 2755 1854 2793 η’
1875 2760 1990 2797 μῆνας,
2005 2757 2177 2793 συνειδυίας
2195 2757 2248 2788 καὶ

91 2810 145 2845 τῆς
163 2807 309 2847 γυναικὸς
335 2806 431 2836 αὐτοῦ
444 2830 453 2845 ,
468 2806 571 2841 καθὼς
586 2805 603 2836 ὁ
622 2805 801 2842 σοφώτατος
816 2804 944 2844 Κλήμης
967 2803 1194 2845 συνεγράψατο.
1224 2806 1284 2836 Pro
1302 2804 1437 2845 ἐκρίνετο
1450 2827 1460 2843 ,
1480 2803 1567 2843 quod
1586 2805 1696 2834 nostra
1718 2811 1848 2843 quoque
1869 2805 1947 2834 Exc.
1967 2803 2138 2843 exhibent,
2159 2803 2249 2835 Chil-

93 2853 226 2886 meadus
250 2853 290 2884 ad
317 2853 391 2884 Mal.
420 2852 516 2884 scribi
540 2852 613 2884 vult
638 2852 784 2883 ἐκλίνετο,
811 2871 850 2879 --
874 2851 1053 2892 ἐμπληθής]
1082 2859 1125 2882 ex
1157 2851 1322 2883 obesitate
1351 2850 1567 2882 decumbens.
1591 2849 1734 2881 Eandem
1758 2858 1870 2881 vocem
1893 2849 1984 2890 ἐμπλ.
2010 2850 2127 2881 iterum
2150 2849 2247 2882 habet

93 2903 233 2937 ‚loannes
248 2909 300 2940 ap.
319 2899 448 2931 suidam
465 2908 494 2930 v.
511 2899 629 2940 Νέρων.
647 2915 686 2924 »-
701 2898 879 2939 [Ιρὸδρομον
901 2897 963 2929 dici
977 2900 1101 2930 constat
1115 2901 1272 2930 Joannem
1292 2898 1479 2938 Baptistam.
1500 2897 1658 2929 Herodem
1676 2897 1825 2937 Antipam
1849 2897 1882 2928 in
1898 2898 1995 2929 exilio
2019 2898 2137 2930 obiisse
2154 2897 2250 2931 tradit

95 2948 271 2988 Josephus3
291 2948 331 2978 de
355 2947 466 2979 mortis
484 2955 597 2986 genere
619 2947 716 2978 tacet.
741 2947 888 2977 Fortasse
905 2954 945 2976 ex
960 2946 1071 2977 eodem
1089 2947 1214 2978 Joanne
1238 2954 1295 2977 sua
1315 2945 1412 2976 habet
1430 2944 1543 2977 suidas
1559 2952 1590 2975 v.
1617 2944 1768 2985 Ἡρώδης.
1794 2945 1946 2976 Celerum
1972 2946 2108 2976 mortem
2123 2943 2248 2984 Antipae

95 2996 236 3026 Joannes
249 2993 452 3033 anticipando
469 2992 751 3030 commemoravit,
767 2993 804 3023 ut
817 3001 859 3023 ex
871 2991 951 3023 serie
965 2992 1216 3032 fragmentorum
1234 2992 1405 3032 colligitur.

139 3043 190 3072 Fr.
213 3043 262 3072 82.
288 3040 404 3072 Eadem
419 3048 520 3079 usque
533 3039 573 3069 ad
588 3039 685 3071 verba
697 3039 769 3080 παρ’
785 3039 887 3070 ἐκεῖνα
902 3039 1052 3079 leguntur
1065 3040 1150 3080 apud
1175 3039 1305 3072 Suidam
1320 3048 1352 3070 v.
1376 3038 1467 3074 Γάϊος
1486 3047 1518 3078 p.
1547 3039 1645 3076 1060,
1672 3039 1706 3069 18
1732 3036 1783 3069 ed.
1808 3037 1943 3076 Bernlr,
1966 3036 2038 3068 coll.
2053 3046 2084 3069 v.
2103 3036 2246 3079 ὁρμαθός.

97 3089 258 3127 Excerpta
274 3089 348 3118 sunt
365 3096 403 3118 ex
424 3087 516 3118 Dion.
535 3088 624 3118 Cass.
643 3088 710 3118 LlX
724 3110 732 3125 ,
755 3091 772 3118 5
789 3095 858 3126 sqq.
879 3086 933 3118 Cf.
955 3088 1087 3126 Eutrop.
1106 3089 1185 3125 Vll,
1206 3090 1222 3119 7
1243 3087 1435 3119 :Successit
1458 3087 1488 3117 ei
1510 3086 1616 3117 Caius
1638 3086 1770 3122 Caesar,
1784 3086 2006 3124 coqnomento
2027 3084 2248 3124 Caliyula‚...

97 3134 382 3166 sceleratissimus
399 3143 441 3165 ac
448 3134 734 3174 funestissimus,
749 3136 782 3165 et
798 3135 858 3174 qui
881 3135 990 3165 eciam
1012 3133 1135 3165 Tiberii
1159 3133 1325 3165 dedecora
1341 3133 1583 3171 purqaveric...
1608 3133 1734 3172 stupra
1749 3131 1924 3163 sororibus
1941 3130 2064 3162 intulit
2081 3141 2092 3162 :
2110 3138 2152 3161 ex
2174 3138 2248 3161 una

99 3182 206 3215 etiam
221 3183 344 3213 natam
351 3181 470 3222 filiam
482 3183 633 3220 aqnovit.
653 3182 802 3213 Ceterum
816 3189 857 3212 ex
870 3182 995 3212 Joanne
1012 3180 1108 3211 etiam
1130 3179 1260 3211 fluxerit
1272 3179 1352 3210 alter
1374 3178 1413 3210 de
1436 3178 1514 3210 Caio
1530 3177 1701 3216 articulus,
1722 3177 1777 3216 qui
1794 3177 1880 3217 apud
1898 3176 2029 3209 Suidam
2048 3178 2156 3208 nostro
2173 3176 2246 3207 loeo

104 3227 324 3267 praerniltitur.
339 3227 435 3258 -τὰ
457 3231 524 3258 τοῦ
548 3228 618 3258 Τιὸ
639 3226 720 3268 ]τοῦ
736 3226 809 3258 add.
826 3235 844 3258 e
860 3226 970 3258 Suida.
987 3246 1027 3252 —
1042 3225 1206 3266 ἐχρῆτο]
1220 3226 1339 3265 ε’χρῶτο
1353 3225 1425 3256 Val.
1442 3242 1481 3247 —
1498 3223 1815 3265 ἀποκυηθείσης]
1833 3223 2089 3261 ἀπογεννηθείσης
2105 3222 2192 3254 Suid.
2207 3239 2249 3244 —-

99 3273 188 3305 τότε
203 3272 383 3315 αὐτοκρ.]
399 3274 469 3305 τότε
482 3283 546 3306 om.
563 3274 675 3305 suidas
686 3297 695 3312 ‚
711 3273 806 3304 habet
823 3273 882 3305 Dio
898 3275 986 3305 Cass.
1002 3274 1091 3310 LlX,
1106 3275 1123 3302 5
1135 3271 1203 3302 init.
1220 3289 1260 3293 --
1274 3271 1357 3311 παρ’
1376 3269 1531 3310 ἐκεῖνα]
1547 3269 1592 3301 sic
1608 3270 1665 3301 Dio
1682 3274 1719 3301 59
1730 3294 1739 3309 ,
1756 3274 1791 3308 53
1805 3269 1878 3310 παρ’
1895 3269 2012 3301 ἐκείνου
2024 3268 2157 3306 codex.;
2173 3267 2247 3299 sort,

101 3323 170 3356 erat
188 3322 272 3362 παρὰ
284 3322 323 3353 τὰ
337 3321 472 3361 ἐκείνου;
495 3320 567 3362 παρ’
584 3322 692 3362 ἐκείνῳ
708 3321 798 3353 Suid.
817 3320 909 3352 codd.
929 3324 952 3352 Α
966 3322 988 3352 B
1004 3323 1039 3351 E.
1065 3336 1101 3341 ·-
1123 3317 1402 3360 παρενεγκεῖν]
1427 3318 1623 3359 παρήνεγκαν
1649 3316 1737 3348 Suid.
1760 3334 1801 3339 —
1819 3317 1912 3358 πρὸς
1933 3313 2125 3355 ἀνάγκας]
2150 3314 2246 3345 velim

105 3368 218 3399 sallem
232 3370 274 3404 ὡς
286 3380 338 3408 πρ.
353 3369 400 3399 ἀν.
417 3368 569 3400 Diserlius
581 3368 708 3400 Cassius
721 3369 742 3399 l.
756 3368 777 3399 l.
798 3376 806 3398 :
823 3369 864 3403 ὡς
887 3367 939 3398 καὶ
963 3366 1010 3398 ἐπ’
1034 3366 1204 3402 ἀναγκαῖόν
1226 3377 1254 3396 τι
1277 3366 1433 3406 βούλευμα
1455 3364 1746 3405 μεταπεμψάμενος.
1761 3382 1801 3390 -
1814 3365 1880 3401 τήν
1904 3361 2120 3404 Κορνηλίου
2142 3359 2246 3401 κτλ.]

106 3416 147 3452 V.
162 3415 255 3447 Dion.
274 3418 338 3447 mx
352 3440 360 3455 ‚
377 3419 409 3454 8,
425 3416 502 3455 ibiq.
518 3416 648 3456 interpr.
671 3432 710 3438 —-
724 3415 759 3447 ἐκ
774 3419 913 3456 μηχανῆς
927 3425 1006 3450 τινος
1020 3415 1088 3445 κτλ.
1101 3412 1113 3454 ]
1128 3416 1165 3446 V.
1183 3414 1241 3446 Dio
1256 3417 1294 3446 59
1305 3437 1314 3452 ,
1332 3415 1370 3444 28
1389 3421 1420 3452 p.
1439 3414 1499 3445 934
1512 3435 1521 3451 ,
1536 3415 1587 3444 30.
