2372 3704
119 223 195 256 556

119 303 238 351 ἐπειδὴ
256 302 444 354 Μαμήλιος
464 301 550 355 ἀνὴρ
566 303 713 346 Λατῖνος
731 301 793 353 μὲν
811 302 849 341 τὸ
863 302 976 355 γένος,
990 303 1058 341 καῖ’
1069 301 1159 355 μέγα

118 362 216 415 παρὰ
234 365 302 406 τοῖς
317 361 501 413 ὁμοφύλοις
517 361 721 412 δυνάμενος,
741 363 906 399 συνοικῶν
927 362 962 399 δὲ
979 364 1047 400 τῶν
1063 364 1162 414 Ταρ-

120 420 237 459 κυνίου
257 422 435 472 θυγατρῶν
455 423 498 472 τῇ
518 419 692 472 νεωτάτῃ,
710 420 910 466 ἀναστήσας
929 419 1104 470 πανδημεὶ
1123 419 1162 457 τὸ

119 478 279 518 Λατίνων
298 477 410 529 γένος,
430 477 533 530 χεῖρά
552 493 589 515 τε
619 477 824 530 μισθοφόρον
850 477 982 523 πολλὴν
1006 477 1163 530 ἀγείρας,

118 539 282 590 τιμωρεῖν
315 541 385 580 τοῖς
415 537 619 585 κηδεσταῖς,
653 536 785 586 ἀτίμως
813 534 1071 588 παρεωσμένοις
1103 538 1163 582 τῆς

121 594 334 642 δυναστείας,
351 594 459 642 ἠξίου,
474 598 495 641 ἡ
513 595 620 646 βουλὴ
637 593 712 646 (δὲ)
729 594 967 632 καταδείσασα
981 594 1020 631 τὸ
1033 595 1163 640 πλῆθος

120 656 180 691 τοῦ
201 652 369 702 πολεμίου
389 652 528 706 νέφους,
547 651 664 691 καινὸν
687 652 873 702 ἡγεμονίας
895 651 1088 703 ἀνευρίσκει
1104 652 1165 702 γε’-

120 725 195 759 νος,
229 710 528 764 προχειρισαμένη
573 710 650 748 τότε
686 713 821 763 πρῶτον
857 710 1061 762 δικτάτορα,
1102 709 1165 761 [ὃς

120 772 197 808 καθ’
219 768 373 808 Ἑλλάδα
394 771 551 820 γλῶτταν
576 767 718 816 κληθείη
743 768 785 807 ἂν
806 767 993 820 εἰσηγητὴς
1011 770 1079 806 τῶν
1098 771 1164 806 λυ-

122 829 278 866 σιτελῶν·
295 827 473 880 υπερέχων
494 827 556 899 μὲν
573 843 635 874 της
653 828 720 864 τῶν
740 827 882 865 ὑπάτων
900 830 1030 880 ἀρχῆς,
1047 832 1115 870 τοῖς
1129 826 1165 864 δὲ

123 887 305 946 βασιλεῦσι
333 885 651 939 προσφερέστατος·
680 887 788 923 ἀνυπε
774 885 910 924 εύθυνόν
939 901 975 923 τε
1000 884 1068 937 γὰρ
1097 887 1164 923 τῶν

121 943 211 982 ὅλων
232 947 261 982 εἰ
263 960 304 996 χε
323 944 362 981 τὸ
381 943 525 995 κράτος,
544 943 604 981 καὶ
624 942 844 995 ἰσοτύραννον
862 944 896 980 ἐν
919 945 969 995 τῷ
994 946 1164 990 καθεστη-
1164 972 1170 978 .

121 1001 197 1040 κότι
225 1002 340 1055 χρόνῳ
371 1002 433 1048 τὴν
467 1001 635 1046 ἐξουσίαν.
667 1003 860 1053 Τοιγαροῦν
892 1002 996 1045 Γάϊος
1023 1001 1165 1053 Καῖσαρ

121 1059 304 1112 πρότερον,
323 1059 382 1098 καὶ
405 1059 494 1110 μετὰ
513 1063 633 1097 τοῦτον
657 1058 855 1111 Αὔγουστος
875 1054 1164 1108 Ὀκταούιος,”ὧν

121 1117 262 1171 υστερον
295 1118 385 1157 κατὰ
415 1134 492 1162 τους
523 1118 666 1163 οἰκείους
695 1118 838 1171 χρόνους
863 1118 1163 1170 μνημονεύσομεν,

122 1177 189 1215 ὑπὸ
221 1179 309 1230 τῷδε
346 1176 491 1228 ὀνόματι
526 1180 588 1224 τῆς
620 1177 810 1230 μοναρχίας
848 1177 1167 1228 ἀντιλαμὸάνεσθαι

122 1235 340 1287 διέγνωσαν].

613 1296 676 1339 46.

174 1371 273 1409 lbid.
293 1384 333 1419 p.
355 1383 379 1420 9
397 1382 406 1409 τ
425 1368 511 1409 Ὀτι
527 1368 589 1407 καὶ
605 1367 697 1408 κατὰ
714 1368 775 1415 τὴν
796 1368 895 1407 πόλιν
913 1368 1077 1421 ἐμφύλιος
1094 1369 1169 1407 ἀνε-

123 1426 267 1479 φλέγετο
290 1427 451 1480 ταραχὴ,
477 1431 538 1465 τοῦ
566 1427 677 1478 δήμου
707 1426 792 1481 πρὸς
815 1428 854 1465 τὸ
874 1428 1049 1479 συνέδριον
1080 1429 1169 1465 ἀπε-

123 1488 215 1538 χθῶς
233 1486 324 1538 ἔχειν
345 1486 584 1538 ἠρεθισμένου,
608 1487 820 1530 ἀποστάντος
840 1486 875 1523 δὲ
896 1484 956 1523 σὺν
977 1485 1094 1528 ὅπλοις
1110 1488 1170 1531 τῆς

123 1543 276 1590 πόλεως,
293 1543 352 1581 καὶ
370 1543 446 1582 οὔτε
469 1547 636 1582 συνοικεῖν
654 1544 704 1582 ἔτι
717 1544 794 1582 οὔτε
808 1544 980 1582 κοινωνεῖν
994 1546 1062 1581 τῶν
1077 1543 1170 1593 ἀγώ-

124 1617 191 1639 νων
215 1601 425 1653 βουλομένου
450 1603 519 1645 τοῖς
539 1602 782 1655 εὐπατρίδαις,
802 1603 832 1640 εἷ
853 1602 901 1653 μὴ
917 1604 985 1640 τῶν
1005 1602 1038 1639 τ’
1059 1602 1169 1654 ὄφλη-

125 1659 246 1710 μάτων
266 1660 453 1705 ἀπολυθείη
467 1690 476 1707 ,
496 1660 556 1698 καὶ
578 1661 757 1702 δικασταῖς
776 1663 928 1712 χρῆσθαι
951 1660 989 1697 τὸ
1017 1661 1169 1698 ἐντεῦθεν

124 1718 261 1762 οἰκείοις
281 1718 489 1771 ἐπιτραπείη
504 1748 514 1766 ,
543 1721 590 1762 ὡς
613 1719 814 1790 ἐπικουρίαν
834 1722 895 1757 τοῦ
919 1720 1111 1792 δημοτικρῧ
1133 1734 1170 1756 τε

125 1777 186 1815 καὶ
206 1778 361 1821 εὐτελοῦς
379 1778 507 1829 ὄχλου,
529 1777 560 1816 οἳ
575 1778 644 1822 τοῖς
662 1777 760 1831 παρὰ
776 1777 814 1815 τὸ
829 1793 1002 1830 προσηκον
1021 1777 1086 1814 ὕπὸ
1103 1779 1170 1814 τῶν

127 1837 280 1873 δυνατῶν
294 1835 571 1888 κατειργομένοις
588 1835 756 1889 ἀρήξοιεν,
770 1851 831 1874 και
846 1852 913 1874 των
925 1837 1062 1874 πολλῶν
1074 1834 1169 1873 ἐλεύ-

126 1897 208 1946 θερα
228 1893 470 1945 διαφυλάξαιεν
491 1894 536 1932 τὰ
565 1894 727 1945 σώματα.
747 1893 982 1938 Δείσαντεςδὲ
1005 1888 1062 1932 ουν
1084 1894 1150 1932 οἷ’
1135 1908 1169 1931 εν

125 1951 230 2000 τέλει,
248 1951 325 2002 μὴ
310 1968 344 1989 εν
361 1951 472 2006 τούτῳ
488 1969 521 1991 τι
537 1968 620 2005 προς
636 1969 704 1991 των
718 1953 903 2006 περιοίκων
918 1951 1170 2004 νεωτερισθείη,

911 216 934 255 J
937 214 1126 256 OANNIS
1153 214 1467 256 ANTIOCHENI

1221 319 1282 342 του
1302 303 1413 354 δήμου
1428 303 1595 355 πολεμίου
1612 311 1655 342 τε
1662 301 1756 348 ὄντος
1769 319 1827 342 και
1847 319 1931 356 προς
1950 304 2011 348 τὰς
2024 304 2088 349 ἔξω
2103 307 2265 359 στρατιὰς

1223 363 1261 400 ου
1264 377 1289 414 s
1298 361 1544 412 ὑπακούοντος,
1556 361 1600 399 τὰ
1614 361 1914 412 ἐξαιτησόμενα**

1932 362 1990 401 καὶ
2002 363 2191 416 διαλλαγὰς
2209 367 2265 405 ἐπὶ

1223 419 1355 463 τούτοις
1371 420 1599 472 εὑρίσκονται.

1713 496 1776 538 47·

1276 572 1374 610 lbid.
1396 585 1436 620 p.
1457 584 1481 619 9
1498 583 1507 610 :
1527 569 1612 610 ‘'O-tt
1632 570 1790 609 Ποπλίου
1816 563 1910 614 αῧθις
1927 570 1987 609 καὶ
2012 571 2182 623 Βαλερίου
2205 571 2266 619 τὴν

1225 629 1337 680 ἀρχὴν
1349 627 1613 678 διαδεξαμένων,
1625 627 1648 675 ἥ
1653 629 1713 679 (τε)
1729 628 1819 666 κατὰ
1833 628 1933 667 πόλιν
1945 628 2106 681 ἐμφύλιος
2117 630 2267 670 ἀνάπτε-

1225 703 1284 725 ται
1304 686 1412 734 ζάλη,
1433 690 1491 725 τοῦ
1514 686 1627 736 δήμου
1644 686 1727 739 πρὸς
1749 686 1825 730 τοὺς
1844 687 2045 739 πατρικίους
2061 689 2268 734 στασιάζον-

1225 760 1294 788 τος.
1319 745 1391 784 Καὶ
1410 761 1436 782 π
1460 747 1547 783 ῶτον
1571 743 1634 795 μὲν
1654 744 1820 797 Καίσαρα
1838 745 1897 784 τὸν
1917 746 1986 784 ἀπὸ
2006 746 2044 766 *⁴¹
2059 747 2269 797 περιπλεξά-

1227 819 1326 854 μενος
1353 805 1399 847 εἰς
1424 818 1442 841 ο
1457 818 1539 841 κτον
1557 803 1635 847 τοὺς
1655 806 1806 856 ὁρῶντας
1825 803 2019 851 συνήλασεν
2032 820 2040 829 ·
2062 804 2182 843 ἔπειτα
2209 806 2270 846 καὶ

1228 862 1373 901 Σαὸῒνοι
1391 860 1583 914 Σερδώνιον
1597 861 1681 914 πρὸς
1695 861 1878 915 τυραννίδα
1894 861 2068 911 ἐκίνησαν,
2082 862 2117 907 ὃς
2129 864 2271 916 ταχείας

1227 919 1329 972 ἔτυχε
1348 919 1579 973 καθαιρέσεως
1592 949 1602 967 ,
1625 919 1890 974 θεραπευθέντος
1908 924 1969 960 τοῦ
1994 921 2104 970 δήμου
2127 923 2186 960 καὶ
2201 924 2271 968 τοῖς

1227 978 1370 1022 ὑπάτοις
1391 977 1667 1031 συμπράξαντος.

1720 1062 1784 1106 48.

1282 1135 1372 1171 Exe.
1394 1135 1450 1170 De
1474 1135 1560 1169 virt.
1590 1146 1629 1182 p.
1662 1134 1736 1182 789
1758 1147 1766 1170 ε
1790 1131 1876 1172 (Ότι
1904 1135 2050 1180 Κύντιος
2070 1137 2273 1182 Κικιννάτος

1229 1194 1247 1230 ὁ
1266 1191 1438 1243 δικτάτωρ
1457 1192 1604 1234 πολλαῖς
1626 1190 1688 1241 μὲν
1705 1191 1765 1228 καὶ
1785 1192 1951 1245 πρότερον
1973 1194 2140 1241 ἐνήθλησε
2160 1211 2272 1248 στρα-

1229 1255 1335 1296 τιαῖς,
1356 1251 1481 1301 ἀρχαῖς
1499 1265 1536 1287 τε
1559 1248 1619 1287 καὶ
1642 1254 1759 1298 τιμαῖς
1779 1249 1996 1301 Ῥωμαϊκαῖς
2022 1254 2190 1298 πολλάκις
2217 1270 2274 1294 κε-

1230 1307 1461 1358 κοσμημένος.
1484 1307 1589 1347 Οὕτω
1609 1306 1644 1345 δὲ
1670 1302 1710 1354 ἧν
1735 1307 1872 1360 μέτριος
1891 1309 1950 1348 καὶ
1969 1310 2127 1364 σώφρων,
2147 1315 2193 1357 ὡς
2215 1314 2272 1352 ἐπὶ

1229 1366 1367 1417 καλύὸῃ
1388 1367 1505 1419 λυπρᾷ
1523 1365 1582 1404 καὶ
1604 1365 1709 1419 ὀλίγῳ
1733 1370 1795 1417 γῆς
1821 1368 1936 1421 μέτρῳ
1957 1371 2032 1417 ζῆν,
2051 1369 2108 1408 τὸν
2129 1373 2272 1424 αὖτοῧρ-

1230 1424 1289 1476 γόν
1316 1440 1353 1463 τε
1382 1426 1525 1476 ἀγαπᾶν
1562 1424 1649 1477 βίον.
1686 1425 1753 1469 aOc
1787 1427 1959 1479 δικτάτωρ
1993 1427 2272 1480 προὸαλλόμενος

1232 1483 1332 1535 ἔτυχε
1345 1483 1429 1535 πρὸς
1441 1484 1576 1536 ἀρότρῳ
1589 1483 1808 1533 πονούμενος,
1823 1483 1877 1522 ὅτε
1894 1485 2056 1537 ἀφίκοντο
2071 1487 2156 1538 πρὸς
2170 1489 2272 1526 αὐτὸν

1232 1542 1262 1579 οἱ
1292 1540 1336 1579 τὰ
1357 1540 1553 1592 παράσημα
1572 1544 1633 1588 τῆς
1654 1544 1762 1594 ἀρχῆς
1781 1543 1996 1592 κομίζοντες·
2018 1545 2274 1598 ἀπονιψάμενός

1231 1616 1267 1638 τε
1285 1598 1361 1654 [καὶ
1376 1601 1410 1638 δε
1396 1599 1571 1651 εξάμενος]
1587 1600 1631 1638 τὰ
1649 1600 1839 1651 σύμὸολῶι
1854 1601 1922 1654 πρὸ
1936 1603 2120 1647 ἑστιάσεως
2134 1603 2208 1654 ἅμα
2225 1609 2270 1657 τῇ

1231 1658 1339 1710 οἰκεία
1346 1658 1512 1731 δυνάμει
1515 1659 1584 1702 τοῖς
1603 1658 1780 1709 πολεμίοις
1796 1659 1982 1710 ἐπιγίνεται
2001 1661 2100 1714 φόνον
2114 1677 2149 1700 τε
2165 1663 2274 1701 πολυν

1231 1719 1299 1755 τῶν
1319 1714 1480 1755 ἐναντίων
1498 1716 1732 1769 ἐργασάμενος
1749 1718 1921 1756 ἐπάνεισιν
1935 1719 2165 1772 ἑκκαιδεκάτῃ
2185 1720 2274 1771 μετὰ

1231 1775 1292 1821 τὴν
1307 1774 1419 1819 ἔξοδον
1431 1774 1559 1829 ἡμέρα,
1575 1792 1649 1819 τους
1664 1776 1706 1825 μὲ
1709 1793 1726 1814 ν
1740 1776 1882 1821 οἰκείους
1895 1781 1954 1815 τοῦ
1968 1779 2190 1830 περιστάντος
2203 1795 2274 1818 κιν-

1232 1833 1330 1872 δύνου
1350 1834 1558 1885 λυσάμενος,
1577 1834 1634 1872 τὸν
1656 1834 1691 1873 δὲ
1713 1838 1781 1873 τῶν
1799 1836 1973 1886 πολεμίων
1994 1838 2189 1889 διαρπάσας
2206 1838 2273 1890 χά-

1233 1908 1341 1945 ρακα·
1358 1893 1416 1930 καὶ
1432 1892 1490 1930 τὸν
1510 1893 1702 1945 στρατηγὸν
1720 1896 1787 1931 τῶν
1805 1893 1965 1933 Ἐκανῶν
1983 1895 2121 1945 δέσμιον
2138 1896 2195 1934 ἐπὶ
2211 1895 2273 1942 τὴν

1232 1950 1378 2001 πομπὴν
1396 1950 1541 2000 κατάγει
1559 1950 1622 1998 τὴν
1642 1950 1821 1992 ἐπινίκιον.

129 2066 237 2097 locum
270 2065 416 2096 nostrum
446 2065 588 2097 exhibet.
613 2067 775 2097 octavius
804 2066 982 2097 Mamilius
999 2074 1050 2106 ap.
1079 2064 1150 2097 Liv.
1180 2065 1228 2102 11,
1260 2067 1307 2095 18.
1337 2082 1376 2090 -
1398 2063 1602 2105 μισθοφόρον]
1619 2064 1665 2095 sic
1686 2063 1781 2096 etiam
1798 2064 1906 2096 suidoe
1931 2065 2023 2097 codd.
2047 2067 2071 2098 B
2094 2067 2137 2106 Eg
2162 2066 2273 2107 reliqui

126 2111 235 2144 Suidae
249 2111 373 2142 codices
391 2123 399 2142 :
415 2112 622 2152 μισθοφόρων.
638 2130 678 2134 -
691 2115 757 2150 τῆς
776 2111 1082 2150 δυναστείας-ἠξί
1093 2110 1157 2152 ου]
1173 2111 1259 2149 ἠξίου
1274 2114 1327 2149 τῆς
1345 2112 1410 2143 δυν.
1435 2110 1559 2143 suidas.
1576 2128 1618 2134 -
1634 2113 1654 2150 ἡ
1673 2112 1791 2152 βουλὴ
1808 2110 1868 2152 δὲ]
1886 2112 1918 2143 δὲ
1941 2121 2006 2143 non
2024 2112 2120 2144 habet
2139 2113 2273 2153 Suidas3

128 2158 296 2198 aptiusque
309 2158 432 2189 abesset
450 2158 623 2198 particula;
641 2167 703 2189 non
721 2160 768 2190 est
784 2160 893 2190 tamen
905 2183 914 2198 ‚
929 2167 986 2190 cur
999 2159 1142 2191 tollatur.
1160 2176 1201 2181 —
1214 2156 1461 2198 ἀνευρίσκει]
1475 2158 1639 2197 Ci·amer.;
1657 2157 1677 2189 ἀ
1698 2158 1830 2198 εὑρίσκει
1854 2159 1954 2190 codex
1970 2169 1979 2198 ;
1996 2159 2130 2199 εὑρίσκει
2147 2160 2271 2192 suidas.

129 2223 170 2231 .-
183 2204 221 2240 ὃς
237 2203 319 2234 καθ’
333 2203 491 2235 Ἑλλάδα
508 2202 586 2244 κτλ]
602 2205 679 2235 Haec
692 2203 798 2235 addidi
812 2213 830 2236 e
846 2204 954 2236 Suida.
972 2221 1013 2227 —
1027 2206 1179 2237 Ceterum
1193 2214 1268 2237 cum
1281 2206 1390 2236 nostro
1403 2205 1516 2245 fragm.
1533 2205 1667 2236 conferri
1679 2207 1819 2237 meretur
1838 2206 2010 2246 Eutropius
2029 2208 2060 2244 1,
2086 2210 2122 2238 12
2142 2218 2151 2239 :
2166 2209 2274 2240 Nono.

129 2259 222 2282 anno
235 2252 309 2290 post
326 2258 418 2289 reyes
437 2252 595 2290 exactos,
613 2259 720 2291 quum
735 2260 837 2290 yener
859 2252 1056 2292 Tarquinii,
1077 2251 1126 2284 ad
1140 2254 1315 2293 injuriam
1328 2254 1435 2283 soceri
1451 2251 1720 2291 vindicandam,
1743 2255 1914 2292 inqentem
1935 2253 2126 2293 colthisset
2139 2258 2274 2286 exerci-

131 2300 224 2336 tum,
241 2305 328 2328 nova
345 2299 456 2328 Romae
474 2297 625 2336 dzqnuas
642 2300 692 2330 est
707 2301 847 2334 creata,
871 2306 946 2339 quae
969 2298 1148 2331 dictatura
1168 2299 1384 2340 appellatur,
1404 2299 1517 2338 major
1531 2307 1637 2340 quam
1662 2299 1871 2331 consularis.
1891 2297 2022 2331 Eodem
2044 2307 2139 2331 anno
2165 2302 2274 2332 etiam

130 2345 295 2383 maqz'ster
312 2346 466 2383 equitum
476 2344 600 2383 sactus
617 2346 685 2380 est,
703 2347 764 2386 qui
782 2345 944 2377 dictatori
959 2345 1210 2386 obsequeretur.
1229 2348 1348 2387 Neque
1365 2345 1559 2387 quidquam
1574 2346 1724 2378 similius
1738 2347 1850 2386 potest
1865 2346 1932 2378 dici
1943 2369 1952 2383 ,
1967 2354 2073 2386 quam
2094 2345 2275 2379 dictatura

134 2392 286 2431 antiqua
297 2414 305 2426 .
323 2390 400 2422 huic
418 2392 553 2430 imper-u·
564 2393 750 2430 potestati,
767 2400 874 2432 quam
891 2399 982 2423 nunc
1001 2393 1242 2433 tranquillitas
1261 2395 1376 2426 vestra
1390 2393 1494 2425 habet
1508 2406 1517 2424 .-
1536 2395 1691 2425 mammo
1708 2401 1815 2434 quum
1833 2394 2004 2432 Auqustus
2021 2401 2154 2433 quoque
2171 2396 2273 2426 Octa-

132 2439 275 2475 vianus,
294 2435 334 2467 de
354 2444 419 2476 quo
432 2438 546 2476 postea
561 2436 730 2477 dicemus,
744 2440 777 2470 et
795 2439 877 2469 ante
893 2445 972 2469 eum
993 2439 1093 2469 Caius
1114 2441 1239 2479 Caesar,
1253 2441 1315 2472 sub
1333 2440 1518 2472 dictaturae
1535 2442 1669 2472 nomine
1685 2442 1790 2481 atque
1807 2440 1932 2472 honore
1949 2441 2188 2480 reynaverint.

177 2487 231 2516 Fr.
248 2487 302 2516 46.
320 2486 366 2515 De
384 2494 417 2515 re
434 2485 506 2525 [an.
525 2485 606 2526 490]
621 2495 654 2517 v.
673 2486 739 2517 Liv.
755 2486 803 2524 11,
819 2489 879 2524 303
897 2485 1027 2525 Dionys.
1046 2487 1086 2517 H.
1101 2488 1164 2526 Vl,
1179 2491 1218 2520 39
1229 2497 1298 2528 sq.;
1314 2488 1447 2526 Eutrop.
1464 2489 1490 2526 l,
1509 2490 1566 2526 13;
1584 2487 1678 2518 Dion.
1694 2488 1782 2518 Cass.
1796 2489 1873 2518 Exc.
1887 2486 1994 2518 vatic.
2010 2495 2041 2526 p.
2059 2487 2117 2518 144
2127 2495 2197 2527 sqq.
2213 2487 2276 2520 Mai

132 2533 230 2571 (tom.
244 2533 270 2569 1,
282 2539 312 2571 p.
325 2535 364 2564 72
375 2541 445 2571 sqq.
459 2531 490 2562 in
502 2533 596 2564 Dion.
609 2532 658 2563 ed.
669 2532 774 2570 Gros.)
786 2542 794 2570 ;
807 2533 946 2563 Zonaras
956 2533 1028 2570 VII,
1044 2533 1092 2566 14.
1102 2550 1144 2556 -
1154 2536 1195 2571 ὡς
1208 2535 1343 2575 ἐπικουρ.
1358 2534 1369 2575 ]
1380 2534 1490 2565 malim
1502 2535 1543 2570 εἰς
1554 2545 1562 2573 ;
1574 2535 1608 2566 at
1620 2535 1661 2566 cs.
1672 2535 1713 2570 ὡς
1724 2533 1816 2575 πέρας
1828 2534 1864 2566 fr.
1878 2535 1929 2564 64.
1942 2534 2150 2565 —Postrema
2163 2534 2275 2575 fragm.

132 2587 206 2618 pars
223 2577 345 2608 mutila.
370 2578 429 2609 Dio
441 2576 466 2609 Ἰ.
494 2578 516 2609 1.
535 2579 579 2610 ita
596 2578 692 2610 habet
717 2590 723 2610 :
748 2579 788 2609 Οἱ
808 2579 840 2609 δὲ
867 2579 1030 2619 βουλευταὶ
1045 2580 1224 2620 φοὸηθέντες
1242 2582 1283 2621 μὴ
1301 2582 1350 2612 ἐπὶ
1366 2582 1470 2612 πλεῖον
1495 2580 1582 2612 οὗτοί
1603 2591 1637 2612 τε
1659 2581 1893 2620 ἐκπολεμηθῶσι
1907 2603 1915 2619 ,
1938 2581 1990 2611 καὶ
2009 2580 2078 2616 τοὺς
2103 2580 2278 2621 περιοίκους

132 2626 207 2666 πρὸς
222 2625 261 2655 τὰ
278 2624 415 2665 παρόντα
431 2625 653 2657 συνεπιθῶνταί
669 2636 774 2664 σφισι,
800 2625 1074 2665 διεκηρυκεύσαντο
1092 2627 1195 2663 αὐτοῖς
1210 2627 1298 2659 πάντ’
1314 2629 1375 2659 ὅσα
1393 2628 1462 2660 καθ’
1476 2629 1587 2666 ἡδονὴν
1608 2629 1733 2666 ἤλπιζον
1750 2627 1874 2659 ἔσεσθαι
1899 2626 2115 2668 προτείνοντες.
2135 2627 2275 2667 Deinde,

134 2673 312 2703 memorato
326 2672 473 2712 Agrippae
492 2673 626 2713 apologo
653 2685 661 2704 :
679 2673 740 2704 Καὶ
761 2671 812 2703 διὰ
826 2672 909 2703 τοῦτ’
929 2672 1095 2714 ἠπιώτεροι
1111 2674 1250 2715 ἐγένοντο
1271 2675 1324 2706 καὶ
1346 2674 1584 2715 κατηλλάγησαν
1597 2698 1607 2715 ,
1625 2674 1732 2715 ἄφεσιν
1758 2677 1821 2706 τῶν
1844 2685 1878 2705 τε
1904 2672 2118 2714 δανεισμάτων
2136 2674 2189 2705 καὶ
2213 2677 2276 2706 τῶν

132 2720 343 2758 ὑπερημεριῶν
358 2718 526 2759 εὑρόμενοι.

178 2768 229 2797 Fr.
245 2768 296 2796 47.
321 2765 537 2798 Ποπλίου...
559 2765 873 2807 διαδεξαμένων]
894 2765 1038 2797 Debebat
1054 2778 1061 2797 :
1077 2767 1218 2798 Ποπλίου
1233 2768 1403 2810 Οὐαλερίου
1418 2767 1602 2801 Ποπλικόλα
1617 2766 1703 2804 αὖθις
1719 2767 1772 2798 καὶ
1790 2766 1884 2799 Γαΐου
1899 2765 2054 2797 Κλαυδίου
2068 2765 2201 2797 Σαὸίνου
2222 2767 2277 2805 τὴν

134 2814 232 2855 ἀρχὴν
249 2813 470 2852 διαδεξαμένων
485 2814 558 2853 (an.
572 2817 632 2846 460
649 2823 678 2845 a.
696 2815 740 2854 03
758 2816 817 2846 294
831 2813 872 2845 ab
887 2822 921 2844 u.
939 2821 969 2844 c.
982 2813 1006 2851 ).
1025 2814 1074 2844 Εο
1089 2821 1182 2845 anno
1197 2814 1313 2845 exules
1327 2816 1507 2855 servique..
1522 2813 1606 2845 duce
1620 2812 1796 2844 Herdonio
1811 2811 1998 2852 (Σερδωνίου
2012 2813 2105 2843 Joan.
2119 2811 2129 2848 )
2151 2810 2278 2843 Sabino

135 2862 233 2892 nocte
257 2861 464 2899 Capitolium
483 2863 587 2901 atque
604 2870 718 2893 arcem
737 2867 957 2900 occupavere,
973 2858 1042 2891 Liv.
1063 2861 1123 2898 ΙΙΙ,
1144 2864 1191 2891 15.
1208 2861 1247 2891 V.
1263 2861 1393 2900 Dionys.
1414 2861 1484 2892 Hal.
1498 2862 1544 2899 X,
1562 2862 1599 2891 14
1614 2868 1684 2899 sqq.
1699 2875 1741 2882 —
1754 2858 1941 2889 Καίσωνα
1957 2856 2046 2898 κτλ.]
2067 2856 2151 2894 Quid
2175 2857 2207 2887 in
2230 2857 2279 2890 his

135 2905 235 2937 lateat
244 2914 309 2936 non
322 2913 484 2945 assequor.
501 2908 591 2938 Caeso
608 2908 792 2946 Quinctius,
810 2907 895 2938 ferox
911 2905 1054 2946 juvenis,
1071 2905 1237 2938 nobilitate
1248 2907 1350 2946 gentis
1362 2907 1509 2947 insignis,
1527 2907 1634 2946 lingua
1646 2913 1806 2945 manuque
1818 2905 2004 2945 promptus,
2024 2903 2161 2943 impetus
2175 2902 2278 2934 tribu·

135 2953 237 2985 nicios
253 2952 484 2992 popularesque
494 2954 648 2992 procellas
662 2955 790 2985 strenue
804 2953 1000 2990 sustinebat,
1013 2951 1115 2984 donec
1126 2959 1146 2983 a
1161 2952 1302 2993 virginio
1318 2953 1447 2985 tribuno
1460 2955 1629 2985 accusatus
1644 2952 1741 2984 exilio
1754 2960 1788 2982 se
1801 2949 2057 2982 condemnationi
2072 2948 2276 2982 subduceret.

135 3000 349 3038 v.1.iv.111‚
372 3003 404 3030 11
433 3007 503 3040 sqq
523 3001 650 3042 Dionys.
675 3003 722 3042 X,
746 3006 775 3034 2.
803 3003 955 3034 ceterum
971 3001 1042 3032 haeo
1057 3001 1128 3032 acta
1141 3001 1216 3031 sunt
1231 3008 1314 3032 anno
1332 3000 1548 3041 praecedente,
1565 3002 1638 3031 461.
1656 2997 1829 3032 sardonius
1844 2998 1876 3029 in
1896 2996 2051 3037 capitolio
2066 2995 2190 3027 occisus
2211 2997 2277 3035 est,

137 3055 201 3078 sec
221 3045 438 3084 Liv.111,18.

180 3095 235 3125 Fr.
262 3094 314 3124 48.
333 3091 453 3123 Eadem
468 3093 581 3124 suidas
605 3101 636 3124 v.
653 3094 781 3131 Κύντιος
797 3095 996 3135 Κικιννάτος,
1023 3095 1056 3127 et
1075 3093 1205 3126 brevius
1228 3102 1254 3126 s.
1277 3101 1310 3124 v.
1334 3092 1444 3133 λυπρᾷ.
1460 3111 1498 3120 -
1515 3091 1581 3123 καὶ
1600 3089 1831 3132 δεξάμενος]
1847 3089 1953 3130 suppi.
1970 3087 2127 3121 valesius.
2149 3107 2190 3113 —
2206 3087 2276 3128 πρὸ

139 3137 375 3178 ἑστιάσεως]
394 3139 499 3170 Locus
516 3139 668 3170 mutilus·
660 3149 692 3171 m
709 3140 779 3171 cod.
794 3142 914 3173 nostro.
931 3141 1098 3181 conspirat
1118 3139 1231 3172 suidas
1252 3147 1283 3171 v.
1302 3141 1402 3170 Κικιν.
1419 3138 1507 3170 idem
1525 3146 1558 3170 v.
1572 3138 1672 3179 λυπρᾷ
1688 3138 1758 3177 post
1773 3144 1886 3167 vocem
1899 3135 2084 3175 πονούμενος
2101 3134 2144 3168 ita
2158 3133 2277 3166 habet:
2291 3179 2295 3184 .

139 3185 173 3221 ὃς
196 3183 424 3225 ἀπονιψάμενος
446 3184 603 3224 ἐπάνεισι,
617 3186 670 3217 καὶ
687 3187 854 3224 συμὸαλὼν
866 3199 929 3224 τοις
943 3189 1003 3219 πο)
1005 3189 1101 3228 εμίοις
1113 3189 1184 3227 νικᾷ
1197 3186 1389 3226 κατακράτος
1400 3209 1408 3224 ,
1422 3187 1474 3217 καὶ
1490 3186 1542 3217 τὸν
1558 3185 1728 3226 στρατηγὸν
1741 3187 1802 3215 τῶν
1815 3182 1971 3224 πολεμίων
1984 3183 2052 3222 ἄγει
2066 3182 2277 3222 αἰχμάλωτον.
2299 3180 2303 3184 ’

140 3234 227 3265 Num
244 3230 338 3262 scrib.
353 3231 393 3262 τὰ
410 3231 554 3271 σύμὸολα
567 3235 620 3269 τῆς
638 3232 860 3273 προστάσεως“’
871 3231 1094 3275 Bernhardyus
1110 3238 1229 3268 vertit·
1241 3241 1348 3274 quum
1361 3233 1511 3272 inst-qnia
1524 3233 1752 3272 mayz'stratus
1765 3229 1958 3269 induisset,
1971 3230 2131 3269 protinus
2146 3229 2185 3260 ut
2200 3229 2280 3259 erat

141 3282 343 3319 impransus
369 3280 506 3310 Romam
520 3280 632 3318 venit,
654 3279 822 3321 ductoque
835 3282 873 3312 in
887 3281 1018 3313 hostem
1030 3289 1111 3313 exer
1112 3282 1183 3313 citu
1196 3281 1449 3321 etc.comp1ura
1461 3279 1616 3312 excidisse
1629 3278 1715 3310 haud
1738 3277 1852 3316 credo,
1871 3285 1972 3317 quum
1994 3275 2106 3308 eadem
2124 3274 2280 3306 brevitate

141 3325 332 3365 Eutropius,
349 3325 405 3356 lib.
425 3327 456 3363 1,
475 3329 532 3357 16:
552 3328 585 3356 Is
599 3334 706 3365 quum
720 3329 755 3358 in
770 3335 868 3366 opere
881 3330 913 3359 et
926 3337 1036 3360 arans
1053 3330 1139 3360 esset
1152 3329 1331 3363 inventus,
1347 3327 1471 3359 sudore
1485 3324 1632 3362 deterso,
1650 3327 1762 3364 toqam
1774 3325 1979 3364 praetextam
1997 3323 2125 3362 accepit
2138 3323 2171 3353 et
2185 3323 2278 3353 coesis

143 3372 296 3404 hostibus
323 3371 483 3404 liberavit
500 3373 698 3404 exercitum.
716 3374 829 3405 Fusius
843 3374 950 3405 Livius
967 3377 1028 3412 111,
1047 3379 1098 3406 26.
1122 3394 1162 3401 -
1177 3371 1460 3414 ἑκκαιδεκάτῃ]
1477 3371 1622 3411 ἑνδεκάτῃ
1639 3370 1763 3402 suidas.
1784 3387 1825 3393 —
1846 3370 1897 3400 τὸν
1922 3369 1954 3400 δὲ
1970 3372 2032 3400 τῶν
2050 3366 2146 3408 πολ]
2167 3371 2228 3400 τῶν
2246 3368 2279 3399 δὲ

143 3420 299 3460 πολεμίων
314 3419 485 3461 διαρπάσας
498 3420 549 3451 τὸν
563 3419 686 3460 χάρακα
700 3420 822 3452 Suidas.
839 3440 879 3447 -—
891 3433 907 3451 τ
916 3425 963 3453 ῶν
979 3421 1012 3454 Ἐ
1022 3434 1040 3453 κ
1049 3433 1068 3453 οι
1078 3434 1092 3452 ν
1101 3425 1126 3452 ῶ
1135 3421 1172 3463 ν]
1187 3422 1207 3454 i.
1223 3429 1251 3453 e.
1268 3422 1478 3463 AE'quorunu
1493 3427 1534 3450 an
1544 3418 1738 3450 Ἑκουλανῶν
1750 3419 1763 3447 Ρ
1776 3420 1838 3448 τῶν
1852 3415 1996 3448 ἐναντίων
2010 3414 2132 3448 Suidas.
