2372 3704
97 241 172 272 630

95 322 142 356 ab
162 323 307 365 Aciisio
334 322 511 370 condita,
533 334 672 358 nomen
696 322 812 358 habet
838 335 859 359 a
889 324 1032 372 Pelasgi
1045 322 1135 360 fllia

95 381 156 418 Fr.
175 393 196 415 2
216 379 463 431 et9((1)op‹»v.
481 378 542 429 α’).
557 381 717 417 Cadmus
723 382 982 434 ,Agenorisf.;
996 376 1135 430 Sparti.

96 440 221 474 —Fr.
245 438 283 474 8.
308 439 523 475 Thebarum
539 437 698 491 κτίσις(“
704 439 766 476 Ελ.
787 439 822 476 ἐν
838 439 1138 490 Bouneima).—

95 512 110 528 α
130 497 272 532 Eodem
291 498 462 533 retuleris
482 498 599 535 schol.
623 499 790 534 Vatican.
812 499 902 545 Eur.
925 499 1039 534 Rhes.
1060 498 1108 534 28
1126 512 1135 534 :

95 553 140 591 ‘O
156 552 192 591 δὲ
204 545 364 597 Ἡσίοδος
382 553 555 604 Εὐρώπης
571 553 633 603 μέν
649 570 752 607 φησιν
765 554 867 592 αὐτὸν
883 555 952 605 (sc.
970 554 1026 592 τὸν
1044 557 1137 606 Σαρ-

93 611 227 658 πήδονα
239 613 266 661 ),
281 614 326 655 ὡς
339 611 553 655 Ἑλλάνικος.
565 614 805 662 Quamquam
822 615 951 650 malim
971 615 1138 662 cogitare

95 671 144 706 de
175 672 371 707 Hellanico
403 672 629 708 choi-izonte.
650 688 663 702 υ
690 673 846 708 Preller.
865 667 919 700 .'...
944 675 1066 708 Luma
1084 674 1133 708 ΙΙ.

95 730 176 765 Beli
209 731 332 778 stirps.
357 731 528 774 Herculis
555 731 711 780 historia
735 742 744 767 :
776 717 839 767 Fr.
863 735 883 773 4
918 730 972 779 (ἐν
990 727 1137 782 δευτέρῳ

98 786 256 840 [δεκάτῳ
271 787 403 839 0σάἀῇ
420 788 536 839 Φορ.)
557 790 737 838 Hercules
749 790 1050 838 Stephanephori
1068 802 1138 838 pa—

96 854 154 886 ter
172 859 216 882 ex
243 859 318 883 una
334 847 601 895 Thespiadum.
618 867 670 874 —-
694 849 757 885 Fr.
779 847 816 883 3.
841 846 894 899 (β’
920 848 1042 899 Φορ.)
1065 851 1138 884 Ar-

95 906 219 941 chiam
239 906 364 944 talitro
389 913 512 942 necat.
529 926 582 933 —
597 907 810 941 Nemeaeum
836 907 983 942 leonem
1007 907 1136 942 dehel-

95 964 156 999 lat.
178 965 262 1010 Quo
294 964 458 1012 pertinet
480 965 585 999 locus
613 964 792 1012 Stephani
814 965 856 1002 Β.
882 962 939 1015 (v.
962 965 1135 1013 Prolegg.

93 1034 136 1069 p.
151 1033 281 1057 xxx111
301 1021 402 1067 not.)
425 1034 433 1056 :
456 1019 633 1069 Βεμὲῗνα,
651 1019 753 1070 κώμη
785 1022 846 1065 τῆς
868 1020 1018 1070 Νεμέας.
1048 1020 1136 1060 Ἓλ-

93 1078 232 1120 λάνικος
264 1076 299 1124 δὲ
338 1076 507 1126 Βέμὸινον
542 1076 601 1114 καὶ
630 1077 729 1122 πόλιν
766 1078 916 1130 φησίν...
956 1078 1137 1122 Πανύασις

97 1136 161 1184 (fr.
184 1149 198 1180 1
217 1137 276 1174 ed.
295 1138 485 1183 Diibner.)
505 1136 537 1172 ἐν
550 1134 762 1188 Ἡρακλείας
775 1135 896 1188 πρώτῃ
909 1152 917 1159 ·
935 1154 950 1169 «
967 1136 1087 1188 Δέρμα
1101 1135 1136 1174 δὲ

94 1193 226 1245 θήρειον
239 1191 464 1244 Βεμὲινήταο
477 1192 610 1236 λέοντος
622 1195 700 1242 κτλ.
720 1211 734 1226 υ
751 1195 806 1249 Cf.
822 1197 967 1232 Muller.
981 1198 1070 1237 Dor.
1085 1199 1136 1246 ΙΙ,

94 1266 130 1301 p.
160 1259 248 1297 472.
283 1275 335 1280 -
361 1254 424 1289 Fr.
458 1257 520 1296 4ο.
553 1253 684 1301 Hydra
716 1255 885 1292 Lernaea.
918 1255 1056 1292 Iolaus.
1084 1276 1138 1283 —

93 1312 155 1350 Fr.
174 1311 238 1348 61.
268 1311 542 1358 Stymphalides
570 1324 668 1349 aves,
684 1332 736 1339 —
760 1313 823 1348 Fr.
847 1310 911 1360 98.
941 1313 1137 1348 Diomedis

94 1381 212 1416 equae.
229 1365 480 1404 Abderus.—
494 1370 556 1406 Fr.
587 1369 648 1407 33.
670 1373 892 1409 Amazones.
905 1391 959 1398 --
977 1383 1042 1419 97.
1067 1373 1138 1407 Bo-

93 1439 155 1462 ves
169 1427 367 1474 Geryonis.
392 1449 439 1454 —
461 1429 525 1464 Fr.
546 1428 607 1476 39.
632 1429 760 1476 Hylas.
777 1450 830 1476 —÷
844 1430 907 1470 Fr.
933 1442 1020 1466 102.
1040 1431 1136 1465 Her-

95 1486 187 1520 culis
203 1498 222 1520 e
241 1482 381 1521 Malide
404 1486 506 1534 apud
526 1487 737 1535 Omphalen
752 1499 859 1523 serva
876 1487 974 1523 filius
994 1489 1136 1534 Aceles‚

95 1545 160 1590 qui
179 1545 216 1579 in
234 1545 351 1590 Lycia
369 1545 504 1589 urbem
523 1545 667 1583 condit.
689 1567 741 1572 —
760 1547 822 1582 Fr..
843 1558 893 1593 90
907 1573 917 1590 ,
942 1547 988 1582 de
1011 1547 1136 1594 primo

96 1602 431 1637 Hellanodicarum
464 1615 647 1647 numero,
677 1605 757 1651 peti
783 1606 912 1652 potuit
932 1617 978 1640 ex
1005 1617 1138 1647 narra-

94 1661 198 1695 tione
216 1660 260 1696 de
293 1661 391 1696 ludis
423 1661 576 1708 Olymp.
611 1662 657 1696 ab
680 1662 843 1698 Hercule
867 1663 1056 1701 institutis.
1086 1684 1137 1690 -—

94 1719 279 1754 Praeterea
308 1719 519 1754 Phoronidi
546 1719 684 1755 diserte
703 1720 931 1764 adscribitur
955 1721 1002 1756 fr.
1039 1720 1061 1756 5
1090 1721 1137 1756 de

96 1777 262 1812 Hesiodo
275 1777 417 1825 Orphei
432 1785 607 1827 poster03
625 1779 684 1814 cui
697 1778 794 1814 adde
808 1779 852 1814 fr.
866 1779 888 1814 6
904 1779 950 1814 de
969 1781 1136 1815 Homero

95 1836 185 1870 item
199 1834 246 1871 ab
271 1837 424 1884 Orpheo
445 1849 561 1884 genus
578 1836 751 1872 ducente.
775 1838 913 1873 Mirum
930 1845 983 1873 est
998 1839 1071 1874 hoc
1092 1851 1138 1874 ex

95 1893 313 1929 Phoronide
334 1894 481 1939 afferri,
505 1907 623 1942 quum
643 1894 690 1930 de
717 1896 933 1931 Homeridis
949 1897 988 1931 in
1004 1897 1138 1932 Atlan-

98 1952 198 1987 tiade
214 1964 336 1987 sermo
353 1952 461 1988 fuisse
481 1952 642 1988 dicatur.
661 1954 707 1990 V.
726 1953 836 1997 infra.

148 2011 198 2048 ll.
228 2010 579 2048 ΔΙΞΥΚΑΛΙΩΝῙΑ
601 2009 696 2060 βιόλ.
718 2009 761 2061 β’.
786 2014 909 2054 Limen,
934 2013 951 2047 Ι
968 2014 1053 2059 :Fra
1076 2011 1135 2048 15.

97 2068 218 2116 (Δευκ.
236 2067 290 2117 α’)
305 2069 560 2105 Prometheus.
572 2070 791 2105 Deucalion.
807 2070 862 2108 Cf.
873 2071 1137 2118 Apollodor.l,

97 2141 133 2174 7,
157 2140 194 2162 2.
208 2148 261 2154 —-
276 2128 336 2164 Fr.
353 2127 412 2163 16.
426 2129 634 2164 Diluvium.
649 2130 852 2177 Navigium
872 2130 920 2165 ad
937 2130 1085 2178 Othryn
1100 2132 1139 2166 in

94 2187 282 2222 Thessalia
298 2187 466 2234 appellit.
490 2188 701 2223 Deucalion
729 2195 766 2223 et
796 2189 940 2236 Pyrrha
963 2190 1000 2234 in
1029 2190 1138 2237 Cyno

95 2245 234 2281 deinde
264 2245 457 2290 habitant,
491 2246 559 2280 ubi
590 2253 678 2282 nata
708 2247 951 2296 Protogenia.
992 2247 1138 2297 (Vulgo

95 2302 367 2339 Deucalionem
396 2305 584 2351 appulisse
619 2312 776 2341 narrant
808 2305 857 2342 ad
890 2307 1112 2343 Parnassum
1126 2336 1136 2353 ‚

98 2373 210 2408 quem
231 2361 446 2396 Hellanicus
465 2361 508 2398 fr.
534 2367 583 2411 94
602 2363 649 2398 ab
669 2363 785 2400 heroe
809 2365 986 2414 indigena
1001 2379 1141 2421 nomen

94 2500 252 2539 Pelasgos,
266 2500 300 2532 h.
314 2509 342 2531 e.
357 2509 455 2540 genus
466 2501 621 2533 Phoronei
635 2514 644 2542 ;
659 2511 736 2534 113111
755 2504 926 2535 Deucalion
945 2513 1018 2536 cum
1037 2506 1139 2537 Helle-

95 2542 190 2577 nibus
203 2547 268 2578 suis
285 2548 430 2588 Pelasgos
444 2557 485 2579 ex
501 2549 662 2580 Thessalia
672 2550 785 2589 ejecit,
798 2551 884 2593 quod
896 2550 1043 2587 narratur
1053 2552 1139 2592 apud

99 2594 227 2632 Dionys.
241 2596 278 2624 A.
301 2595 339 2625 R.
358 2597 384 2634 1,
405 2597 454 2633 17,
472 2604 546 2634 quae
559 2595 732 2627 maximam
745 2599 867 2636 partem
881 2606 921 2628 ex
933 2598 1046 2629 eodem
1061 2599 1135 2629 Hel-

96 2639 203 2670 lanico
224 2639 353 2671 fluxisse
371 2618 542 2673 videiitur:
559 2644 686 2683 Πρῶτον
701 2644 755 2684 μὲν
772 2644 830 2683 γὰρ
844 2644 912 2684 περὶ
933 2645 967 2675 τὸ
983 2645 1138 2690 ξαλούμε-

96 2697 148 2717 νον
162 2690 214 2717 νῦν
234 2688 378 2727 Ἀχαῐκὸν
392 2688 497 2728 Ἄργος
511 2690 639 2730 ᾤκησαν
655 2690 666 2729 (
678 2690 816 2730 Pelasgi)
831 2682 1012 2744 αὐτόχθονες
1031 2691 1136 2731 ὄντες,

98 2744 152 2770 την
165 2734 197 2764 δὲ
211 2734 388 2790 ἐπωνυμίαν
402 2736 540 2767 ἔλαὸον’
527 2737 588 2767 απὸ
605 2739 658 2768 τοῦ
670 2738 833 2777 Πελασγοῦ
851 2738 1004 2778 βασιλέως
1032 2738 1092 2770 Ἦν
1107 2739 1139 2770 δε

97 2781 297 2835 οΠελασγὸς
312 2782 347 2812 ἐκ
361 2783 432 2818 Διὸς
455 2784 507 2813 καὶ
521 2787 574 2820 τῆς
590 2783 701 2820 Νιόὸης
716 2788 769 2822 τῆς
783 2785 966 2824 Φορωνέως,
992 2785 1012 2825 ᾔ
1029 2786 1135 2826 πρώτῃ

95 2828 217 2863 γυναικὶ
234 2829 325 2868 θνητῇ
338 2829 478 2868 μίσγεται
490 2831 506 2860 ὁ
520 2830 592 2866 Ζεὺς
605 2831 672 2861 κτλ.
693 2830 811 2862 Deinde
820 2833 967 2862 nariatur
977 2831 1017 2862 de
1035 2832 1137 2863 Pelas-

95 2882 207 2913 gorum
225 2875 353 2906 sedibus
370 2875 401 2906 in
418 2876 577 2907 Thessalia
590 2901 598 2915 ,
616 2877 719 2917 deque
731 2877 924 2917 dispersione
939 2887 1064 2916 eorum,
1075 2888 1138 2918 qua

96 2920 149 2951 alii
164 2921 195 2951 in
210 2923 339 2952 Cretam
350 2922 446 2953 delati
459 2923 542 2962 sint,
557 2923 608 2954 alii
626 2923 658 2954 in
677 2924 833 2964 Cycladas
846 2925 986 2964 insulas,
1005 2925 1060 2956 alii
1074 2926 1137 2956 He-

95 2967 234 2998 stiaeotin
248 2970 376 3007 propter
390 2969 564 3009 Olympum
579 2972 609 3001 et.
621 2972 733 3001 Ossam
746 2971 920 3009 tenuerint,
933 2971 985 3002 alii
999 2972 1031 3002 in
1046 2973 1135 3003 Boeo-

95 3013 187 3052 tiam,
205 3014 388 3053 Phocidem,
401 3015 555 3047 Euboeam
573 3016 879 3056 transmigraverint,
892 3017 943 3048 alii
955 3017 1093 3057 denique
1106 3019 1138 3049 iu

96 3059 178 3090 Asiae
189 3069 291 3099 oram,
306 3070 378 3100 quae
393 3062 596 3102 Hellesponto
610 3064 788 3103 propinqua
807 3067 874 3102 est,
888 3064 1071 3104 vicinasque
1088 3065 1137 3096 in·

97 3107 184 3137 sulas
208 3110 240 3138 et
260 3108 395 3138 Lesbum
426 3108 560 3147 primam
593 3118 667 3140 eum
698 3110 843 3141 AEolibus
864 3110 957 3142 mixti
979 3111 1137 3143 coloniam

98 3153 261 3184 duxerint.
275 3154 401 3189 Quibus
416 3156 552 3186 narratis
567 3156 611 3186 sic
624 3157 764 3196 pergitur
781 3166 788 3184 z
811 3158 854 3188 Τὸ
872 3158 903 3188 δὲ
918 3159 1022 3188 πλεῖον
1034 3159 1136 3194 αὐτοῖς

98 3200 186 3240 μέρος
199 3200 249 3231 διὰ
265 3204 317 3237 τῆς
332 3201 495 3240 μεσογείου
506 3203 688 3242 τραπόμενοι
703 3204 775 3243 πρὸς
789 3205 858 3240 τοὺς
885 3204 916 3235 ἐν
930 3205 1067 3244 Δωδώνῃ
1079 3217 1136 3237 κα-

96 3250 273 3283 τοικοῦντας
285 3252 369 3287 σφῶν
380 3251 534 3287 συγγενεῖς
545 3250 609 3279 κτλ..
618 3272 626 3286 ,
641 3250 834 3289 quibuscum
847 3251 1023 3282 arctissime
1032 3253 1138 3283 cohm-

97 3295 168 3324 rent
181 3302 254 3333 quae
268 3293 364 3324 modo
379 3293 506 3324 laudata
519 3296 593 3325 sunt
610 3295 649 3326 «le
663 3296 857 3335 profectione
877 3297 908 3328 in
928 3298 1064 3328 Italiam.
1078 3299 1138 3330 Sed

98 3339 141 3370 ita
159 3339 191 3370 in
210 3340 395 3370 universum
414 3339 613 3371 adumbratis
628 3342 802 3380 originibus
830 3352 938 3374 earum
956 3345 1137 3383 regionum,

97 3394 171 3424 quae
184 3394 203 3416 a
229 3385 362 3425 Pelasgis
375 3386 550 3425 antiquitus
576 3387 807 3427 incolebantur,
822 3389 1018 3428 singularum
1045 3391 1138 3421 sabu-

98 3432 161 3463 lain
176 3434 316 3463 secutam
330 3440 397 3463 esse
409 3432 561 3472 suspicor.
584 3447 597 3460 »

487 3489 521 3498 «Α.

808 235 1054 275 ΑΒΠΕΝΒΑ
1082 236 1146 274 ΕΤ
1174 236 1506 276 CORRIGENDA

1198 324 1338 360 habere
1355 325 1482 361 refert.
1497 322 1573 375 )—
1585 325 1650 371 Fr.
1665 324 1725 363 88.
1743 328 1800 362 De
1817 327 2029 375 priscorum
2041 328 2238 385 hominum

1198 383 1446 431 longaevitate.
1466 404 1520 412 —
1542 385 1604 435 Fr.
1639 397 1698 430 17.
1723 383 1845 433 (Δευκ.
1874 384 1928 435 α’)
1964 386 2236 434 Erysichthon,

1198 442 1450 488 Myrmidonis
1484 443 1509 478 f.
1543 443 1609 489 (ex
1628 443 1786 479 Pisidice
1801 445 1900 479 AEoli
1933 444 1960 480 f.
1968 446 2241 498 ,Deucalionis

1199 500 1392 548 neptide).
1410 522 1463 528 —
1483 502 1603 550 Porro
1620 513 1663 536 ex
1676 503 1932 538 Deucalionea
1949 504 2129 551 prosapia
2147 505 2239 539 civi-

1200 564 1318 592 tatum
1336 559 1587 606 plurimarum
1601 559 1870 606 repetebantur
1890 561 2062 609 origines.
2093 562 2237 608 Memo-

1199 623 1330 650 rantur
1348 617 1544 653 Thessaliae
1567 616 1706 652 urbes.
1728 618 1952 666 Tleegoninm
1978 619 2026 656 fr.
2049 632 2094 654 21
2111 618 2122 668 (
2137 621 2239 657 Δευκ.

1201 671 1542 722 ot');M1‘sgomenoe
1575 675 1622 710 fr.
1655 680 1703 719 24
1737 675 1798 724 (Δ.
1826 690 1847 711 α
1849 674 1899 724 ');
1925 677 2094 712 Phemiae
2114 678 2162 715 fr.
2189 678 2239 728 2ἧ

1204 731 1328 787 (Δευκ.
1345 730 1414 781 α’),
1434 730 1503 768 ἀπὸ
1534 731 1678 780 Φημίου
1701 735 1760 769 τοῦ
1786 724 1983 783 Ἄμπυκος
1987 733 2153 786 (Ampyx
2180 738 2240 779 vel

1200 792 1388 840 Ampyces
1408 791 1434 829 f.
1454 792 1585 836 Peliae,
1598 792 1806 837 Salmonei,
1825 793 1921 828 AEoli
1933 793 2238 848 ‚Deucalionis).

1200 850 1349 897 Ampyx
1366 858 1474 898 pater
1493 857 1548 885 est
1570 850 1694 897 Mopsi
1725 851 1904 899 (Pausan.
1930 853 1961 887 V
1974 864 2075 899 ,17,
2098 852 2182 903 1o).
2209 856 2240 890 A

1199 909 1335 955 Mopso
1348 936 1358 953 ,
1399 909 1551 956 opinor,
1582 919 1700 956 genus
1742 909 1892 945 duxerit
1925 906 2143 964 AspenduS,
2175 912 2242 959 qui

1201 965 1246 1003 fr.
1268 977 1316 1001 2ο
1339 967 1463 1012 (Δευκ.
1486 980 1507 1001 α
1511 964 1543 1016 ’)
1565 966 1814 1016 Aspendum
1805 980 1843 1002 in
1868 969 2090 1016 Pamphylia
2104 969 2240 1005 eondi—

1201 1019 1296 1058 dis⁵e
1313 1023 1466 1061 dicitur.
1482 1044 1535 1051 -
1549 1025 1611 1061 Fr.
1633 1024 1680 1060 23
1703 1024 1766 1072 (A.
1780 1039 1801 1060 α
1805 1023 2026 1074 ')Laceria,
2045 1027 2244 1077 Magnesiae

1199 1082 1302 1117 urbs.
1319 1102 1373 1109 -
1390 1084 1454 1119 Fr.
1476 1095 1524 1118 22
1553 1073 1618 1131 (A.
1642 1080 1695 1132 α’)
1719 1083 1923 1129 Calliarus,
1947 1082 2017 1120 ἀπὸ
2037 1083 2239 1136 Καλλιοίρου

1201 1140 1403 1176 OEdodoci
1421 1148 1457 1176 et
1474 1141 1686 1177 Laonomes
1703 1141 1747 1186 f.;
1770 1141 1816 1180 sr.
1842 1154 1887 1189 19
1909 1141 1971 1192 (A.
1991 1156 2012 1178 α
2015 1140 2044 1191 ’)
2062 1145 2238 1191 Αῐροηως

1201 1197 1246 1234 fr.
1265 1197 1336 1233 106
1354 1198 1546 1242 OEtmtlze,
1567 1211 1650 1246 quae
1664 1206 1737 1241 tres
1755 1207 1841 1235 sunt
1860 1201 2030 1246 Locridis
2042 1202 2167 1238 urbes.
2188 1223 2242 1230 —

1199 1257 1263 1301 Fr.
1298 1257 1343 1293 18
1375 1256 1437 1308 (A.
1460 1271 1482 1292 α
1485 1256 1514 1306 ’)
1536 1257 1704 1306 Agathia
1733 1259 1771 1293 in
1798 1258 1975 1301 Phocide.
1996 1279 2050 1286 —
2073 1261 2102 1295 E
2128 1273 2244 1314 mariq

1200 1327 1371 1352 sacuuno
1396 1329 1403 1351 :
1432 1316 1497 1367 Fr.
1534 1319 1580 1362 27
1610 1323 1647 1351 et
1684 1316 1728 1352 13
1764 1316 1829 1361 (Δ.
1860 1315 1930 1367 β’),
1965 1318 2117 1354 Boeotiae
2151 1319 2244 1370 urbs

1199 1374 1348 1410 Salmos
1362 1375 1422 1418 vel
1438 1375 1616 1419 Salmon‚
1636 1375 1719 1420 aliis
1747 1377 1883 1427 Almgm¹
1902 1377 1961 1428 yel
1990 1363 2123 1412 Olmon
2153 1375 2244 1426 (ἀπὸ

1201 1431 1335 1481 Ολμου
1355 1447 1413 1469 του
1429 1431 1583 1483 Σισύφου
1606 1433 1656 1476 St.
1671 1435 1711 1471 Β.
1730 1447 1756 1469 5.
1770 1447 1807 1470 v.
1818 1431 1841 1483 ).
1855 1435 1988 1470 —-.·Fr.
2014 1426 2062 1471 26
2084 1434 2189 1486 (Δ.β

1200 1470 1398 1528 Midaeum
1388 1505 1428 1526 m
1436 1492 1510 1526 Phr
1513 1493 1607 1540 ygia.
1621 1512 1674 1519 --
1684 1491 1743 1527 Ad
1754 1475 2041 1544 Deucalioniam
2038 1435 2244 1559 pertinssent

1200 1550 1313 1584 etiam
1333 1563 1415 1598 quae
1436 1550 1482 1586 de
1506 1551 1707 1589 tetrarchia
1724 1550 1971 1585 Thessalica'
1956 1564 1995 1586 εκ
2014 1565 2081 1586 των
2101 1551 2243 1589 Θεττα-

1201 1607 1306 1644 λικῶν
1338 1606 1381 1645 ‘E
1383 1608 1414 1644 λ.
1441 1610 1604 1644 citantur
1616 1608 1753 1653 s1.28;
1785 1616 1821 1644 et
1851 1609 2102 1657 probabiliter
2120 1611 2239 1648 schol.

1200 1667 1238 1701 in
1248 1665 1402 1714 Aristid.
1416 1667 1568 1702 Panath.
1580 1679 1619 1715 p.
1638 1666 1685 1701 83
1699 1666 1756 1701 ed.
1769 1659 1972 1717 Fromn'iel.
1986 1678 1995 1703 :
2011 1665 2082 1714 Καὶ
2092 1666 2158 1719 γὰρ
2169 1664 2243 1705 Δωὲ

1202 1728 1281 1774 ριεῖς
1301 1722 1392 1766 ὄντες
1415 1724 1464 1773 (οἳ
1484 1721 1788 1772 Λακεδαιμόνιοι),
1806 1719 2080 1769 Πελοποννήσιοι
2100 1724 2243 1776 ὕστερον

1200 1780 1379 1831 γεγόνασι,
1408 1783 1453 1824 ὡς
1468 1780 1671 1823 Ἑλλάνικος
1694 1779 1865 1831 λέγεικαὶ
1892 1780 1990 1818 ἄλλοι
2016 1783 2139 1820 πολλοὶ
2171 1786 2242 1830 τῶν

1201 1841 1399 1892 ἱστορικῶν.
1411 1844 1445 1877 Α
1455 1841 1698 1884 Deucalionis
1712 1842 1894 1889 progenie
1902 1842 2015 1876 etiam
2029 1843 2173 1878 AEtoliae
2189 1844 2242 1889 ci—

1201 1900 1334 1944 vitates
1350 1900 1574 1948 insigniores
1592 1899 1752 1935 conditae
1769 1911 1845 1935 esse
1862 1899 2042 1935 dicuntur
2058 1901 2110 1949 (v,
2125 1902 2244 1950 Apol-

1202 1958 1281 1995 lod.
1317 1959 1352 2001 1,
1371 1968 1378 1975 ·
1399 1971 1443 2006 7,
1470 1955 1529 2008 6).
1563 1958 1687 2005 Quare
1718 1958 2004 1994 Deucalioniam
2039 1961 2247 2008 respexerit

1202 2017 1338 2052 Strabo
1369 2015 1434 2065 (fr.
1458 2029 1472 2051 1
1484 2029 1498 2051 1
1511 2029 1524 2051 1
1541 2013 1568 2066 )‚
1591 2028 1749 2064 carpens
1773 2016 2011 2061 Hellanicum
2028 2017 2132 2064 quod
2151 2019 2242 2054 Ma-

1203 2079 1351 2122 cym'am
1368 2082 1405 2110 et
1419 2076 1520 2122 Mol)
1521 2078 1640 2113 eriam
1662 2074 1810 2109 AEtoliae
1825 2074 1951 2119 urbes,
1969 2082 2058 2123 post
2075 2076 2258 2112 Heracli-·

1204 2133 1339 2169 darum
1373 2134 1535 2169 reditum
1559 2122 1712 2168 demum
1732 2132 1919 2178 conditas,
1940 2147 1975 2168 εν
1997 2137 2073 2175 ταῖς
2083 2133 2246 2184 ἀρχαίαις

1203 2198 1412 2236 iecenseat3
1437 2198 1570 2226 contra
1587 2203 1678 2226 vero
1706 2191 1864 2226 Olenum
1878 2198 1915 2235 et
1933 2192 2099 2242 Pylenen
2118 2188 2245 2246 urbes,

1205 2240 1351 2286 dudum
1371 2250 1418 2286 ab
1432 2248 1562 2286 AEtolis
1577 2249 1741 2297 dirutas,
1763 2249 1815 2285 ita
1836 2258 2035 2294 memoret,
2053 2250 2158 2298 quasi
2170 2256 2246 2286 ste-

1203 2310 1316 2345 terint
1331 2309 1466 2344 adhuc.
1479 2329 1533 2336 —-
1545 2309 1603 2344 Ab
1618 2308 1771 2351 urbium
1788 2308 1999 2356 originibus
2011 2315 2244 2344 revertamur

1203 2356 1253 2404 ad
1276 2368 1420 2411 fabulas
1437 2368 1657 2409 nobiliores.
1677 2369 1733 2402 De
1752 2368 1872 2411 Pelioe
1895 2374 1932 2401 et
1957 2368 2070 2403 Nelei
2087 2356 2242 2412 historia

1203 2417 1416 2471 Hellanicus
1432 2427 1569 2461 citatur
1585 2416 1624 2460 in
1651 2426 1818 2473 Epimer.
1842 2427 1956 2461 Hom.
1988 2437 2050 2473 ap.
2073 2426 2240 2461 Cramer.

1202 2479 1272 2520 An.
1292 2477 1324 2530 Ι,
1343 2497 1383 2533 p.
1405 2483 1479 2526 344
1505 2495 1519 2520 :·
1538 2481 1743 2524 Ἑλλάνικος
1765 2481 1820 2519 δέ·
1835 2499 1850 2515 «
1872 2481 1942 2520 Καὶ
1968 2481 2025 2519 τὸν
2042 2481 2117 2532 (τὸν
2137 2477 2243 2531 μὲνῑξ)

1205 2541 1336 2580 Πελίαν
1354 2541 1555 2591 ’ὠνομάζετο
1576 2540 1796 2590 (ὠνόμαζενΡ
1810 2539 1988 2590 ὠνόμαζον
2001 2542 2050 2590 i’),
2071 2539 2145 2578 ἐπεὶ
2159 2542 2242 2589 ἐπε-

1203 2599 1310 2646 λιώθη
1331 2601 1425 2651 αὐτῷ
1449 2598 1559 2652 ἠὸψις
1579 2591 1796 2637 λαλκτισθέντι
1814 2597 1880 2636 ὑπὸ
1900 2603 1959 2636 τοῦ
1979 2598 2088 2636 ἵππου
2111 2599 2174 2650 (⁴¹).
2192 2620 2248 2648 —.

1243 2691 1288 2731 (*)
1308 2691 1438 2722 Prcller:
1458 2690 1477 2722 l.
1493 2690 1514 2721 l.
1533 2699 1564 2729 p.
1580 2693 1599 2723 9
1613 2690 1747 2723 scribit:
1762 2691 1815 2722 καὶ
1837 2691 1950 2723 Πελίαν
1967 2691 2106 2732 ὠνόμαζε
2107 2703 2123 2722 ν
2137 2691 2241 2729 αὐτόν.

1205 2737 1440 2769 Schneidewin
1456 2734 1601 2776 Coniect.
1613 2737 1684 2769 crit.
1700 2747 1730 2778 p.
1746 2737 1786 2769 99
1803 2738 1844 2777 (a
1858 2738 1995 2769 Prellero
2010 2746 2042 2778 p.
2059 2740 2095 2777 14
2111 2734 2244 2783 citatus)¹

1199 2786 1252 2816 καὶ
1276 2786 1328 2816 τὸν
1356 2787 1395 2816 ll.
1420 2785 1592 2825 ὠνόμαζον,
1621 2784 1702 2815 adeo
1724 2786 1760 2816 ut
1787 2785 1839 2816 τὸν
1861 2785 1902 2815 sil:
1923 2784 2026 2819 ionice
2048 2779 2171 2819 dictum
2187 2792 2245 2824 pro

1200 2836 1320 2863 τοῦτον.
1335 2833 1447 2864 Nescio
1467 2841 1507 2863 an
1522 2832 1576 2871 μὲν
1594 2834 1664 2872 post
1675 2843 1727 2863 τον
1744 2823 1958 2872 supplendum
1982 2831 2043 2871 sit,
2054 2831 2134 2862 adeo
2153 2832 2188 2861 ut
2212 2830 2246 2874 iq

1200 2879 1303 2910 media
1328 2878 1546 2910 enuntiatione
1562 2879 1730 2918 excerptor
1755 2878 1951 2914 substiterit,
1978 2877 2243 2917 pergendumque

1200 2926 1309 2956 fuisset
1326 2938 1333 2956 :
1353 2926 1404 2956 τὸν
1419 2926 1451 2956 δὲ
1465 2925 1568 2962 Νηλέα
1580 2925 1723 2956 ἐκάλεσεν
1743 2927 1805 2956 etc.
1825 2925 1875 2955 Cf.
1890 2924 2076 2964 Apollodor.
2098 2925 2130 2962 1,
2153 2926 2185 2961 9,
2200 2927 2242 2955 8·
2235 2948 2242 2954 .

1198 2973 1236 3004 Ὁ
1250 2973 1282 3003 δὲ
1297 2973 1469 3012 ὑποφορὸὸς
1488 2971 1674 3012 ἀμφοτέρους
1699 2972 1768 3007 τοὺς
1782 2972 1896 3006 παῖδας
1917 2970 2097 3011 ἀνελόμενος
2119 2970 2242 3012 ἔθρεψε,

1198 3019 1250 3049 καὶ
1264 3019 1327 3049 τὸν
1342 3018 1408 3057 μὲν
1420 3018 1606 3048 πελιωθέντα
1621 3017 1734 3047 Πελίαν
1749 3017 1891 3055 ἐκάλεσε,
1903 3017 1957 3047 τὸν
1968 3017 2000 3047 δὲ
2014 3016 2115 3057 ἕτερον
2128 3017 2242 3054 Νηλέα.

1202 3064 1307 3096 Schol.
1323 3065 1360 3095 ll.
1374 3075 1406 3102 κ,
1424 3066 1484 3095 334
1514 3078 1520 3094 ·.
1538 3064 1629 3104 Τυρὼι
1653 3063 1711 3103 γὰρ
1737 3065 1756 3100 ἡ
1779 3064 1968 3103 Σαλμωνέως
1986 3064 2164 3100 γεννήσασα
2189 3063 2244 3102 δύο,

1201 3112 1313 3147 παῖδας
1327 3111 1362 3141 ἐκ
1382 3111 1577 3150 Ποσειδῶνος
1590 3134 1598 3147 ,
1612 3111 1695 3150 παρὰ
1708 3113 1771 3144 τοῖς
1785 3109 1932 3150 Ἐνιπέως
1951 3113 2007 3140 τοῦ
2025 3112 2170 3149 ποταμοῦ
2185 3110 2242 3150 ῥεί-

1199 3158 1278 3198 θροις
1290 3157 1447 3188 κατέλιπε.
1460 3157 1521 3187 Τὸν
1545 3156 1599 3195 μὲν
1610 3154 1663 3186 οὖν
1684 3156 1786 3195 ἕτερον
1799 3156 1895 3195 κύων,
1911 3155 2133 3196 ἀφαιρεθέντων
2147 3156 2241 3196 αὐτῆς

1198 3207 1260 3236 τῶν
1275 3204 1378 3235 πόνων
1390 3204 1431 3242 (Ι.
1446 3203 1558 3243 γόνων;
1573 3203 1687 3234 τέκνων
1704 3202 1777 3234 Did.
1787 3203 1811 3241 ),
1829 3203 2014 3243 παρέχουσα
2024 3203 2116 3238 θηλὴν
2127 3202 2242 3242 ἔθρεψε·

1199 3253 1251 3283 τὸν
1275 3252 1308 3282 δὲ
1320 3251 1420 3291 ἕτερον
1436 3251 1530 3286 ἰ’ππος
1545 3249 1626 3280 κατὰ
1638 3249 1674 3280 τὸ
1689 3250 1831 3289 μέτωπον
1860 3249 2025 3285 ἐπάτησεν.
2046 3248 2240 3284 Ἐπελθόντες

1199 3297 1252 3330 οὖν
1269 3299 1297 3328 οἱ
1321 3297 1506 3337 ἱπποφορδοί
1521 3295 1698 3335 ἀνελόμενοί
1717 3306 1752 3326 τε
1766 3295 1807 3326 τὰ
1822 3295 1933 3326 παιδία
1952 3295 2086 3335 ἔτρεφον,
2099 3294 2152 3325 καὶ
2163 3293 2241 3324 ὠνό-

1201 3356 1303 3385 μασαν
1318 3345 1383 3375 τὸν
1407 3344 1488 3385 μὲν,
1508 3343 1573 3374 ἐπεὶ
1595 3343 1629 3374 ἐκ
1650 3342 1822 3383 συνδρομῆς
1847 3343 1976 3382 αἵματος
1996 3341 2164 3378 ἐπελιώθη,
2187 3326 2242 3372 Πε-

1201 3391 1280 3428 λίαν,
1297 3391 1348 3421 τὸν
1371 3390 1397 3420 δ
1420 3391 1562 3430 &tt-:poma
1548 3400 1614 3420 πει
1628 3401 1712 3421 κυων
1732 3389 1934 3427 κατηλέησεν,
1946 3388 2058 3425 Νηλέα.
2074 3389 2155 3424 Quae
2168 3395 2244 3437 pm:

1202 3437 1347 3468 habiliter
1364 3445 1405 3468 ex
1422 3436 1586 3468 Hellanico
1600 3435 1758 3485 derivata.
