2326 3724
110 188 155 219 74

108 263 363 317 Πραιπόσιτος;
393 278 506 314 quem
537 266 664 302 locum
693 277 713 301 e
744 265 870 302 Prisco
894 264 1046 300 fortasse
1077 263 1147 299 de-
1173 277 1181 282 ·

107 332 298 374 sumptum
313 337 390 361 esse
407 325 618 373 suspicatur
635 324 878 360 Niebuhrius.
899 348 902 349 ν

160 513 252 548 Exc.
269 514 326 548 De
341 512 415 560 leg.
431 513 547 549 Rom.
563 525 602 560 p.
624 510 699 554 48·
716 508 801 549 “Ori
814 506 1030 550 Θεοδόσιος
1012 521 1147 556 επεμπε

110 569 314 623 Σηνάτορα,
335 568 480 621 ἄνδραε
468 567 648 615 υπατικὸν,
675 567 770 620 παρὰ
790 583 847 605 τον
867 566 1036 613 Ἀττήλαν
1059 581 1147 617 πρε-

109 626 355 677 σὸευσόμενον.
379 626 446 669 ‘Oq
462 626 540 664 οὐδὲ
559 625 598 663 τὸ
618 629 676 663 τοῦ
694 623 944 677 πρεσὸευτοῦ”
926 639 1017 676 εχων
1035 622 1145 672 ὄνομα

110 686 282 739 ἐθάρρησε
303 685 403 730 πεζὸς
434 684 530 737 παρὰ
556 700 634 728 τους
661 684 811 727 Οὔννους
833 683 1036 736 ἀφικέσθαι,
1069 681 1148 719 ἀλλ’

109 744 166 782 ἐπὶ
183 745 239 782 τὸν
260 743 391 783 Πόντον
412 743 471 781 καὶ
498 741 560 789 τὴν
579 743 806 789 Ὀδησσηνῶν
824 741 970 779 ἔπλευσε
990 740 1089 778 πόλιν
1111 742 1144 777 ἐν

107 799 132 854 ᾗ
147 802 206 841 καὶ
225 802 415 845 Θεόδουλος
432 801 622 853 στρατηγὸς
639 800 846 851 ἐκπεμφθεὶς
867 799 1046 852 διέτριὸεν.

161 863 319 898 Senator
335 863 467 897 consul
486 861 609 896 fuerat
624 874 685 896 an.
708 861 798 903 436.
822 861 975 908 Legatio
1002 861 1080 894 haec
1102 859 1150 894 ad

110 933 312 969 quemnam
327 933 463 956 annum
480 921 680 967 pertineat,
700 920 905 955 accuratius
920 919 995 954 dici
1007 918 1149 965 nequit.

110 983 205 1016 Ante
221 979 506 1016 Chersonesium
516 979 706 1026 proelium,
725 978 830 1025 quod
847 978 885 1012 in
901 977 947 1012 sr.
969 976 989 1012 5
1005 989 1151 1012 memo-

109 1047 228 1085 ratur,
248 1038 512 1074 collocandam
528 1050 618 1082 esse,
636 1037 887 1085 probabiliter
904 1043 1028 1072 censet
1044 1036 1150 1073 Vale-

109 1111 195 1136 slus.

347 1166 384 1202 5.
405 1165 514 1214 (447.
535 1165 721 1202 Theodos.
741 1177 803 1200 an.
823 1163 912 1217 4ο.)

161 1256 252 1291 Exc.
274 1255 330 1290 De
346 1255 419 1302 leg.
437 1259 537 1302 gent.
554 1266 593 1301 p.
612 1253 676 1295 34.
699 1252 776 1290 35:

161 1309 246 1349 “Oti
278 1310 366 1359 μετὰ
397 1310 459 1356 τὴν
490 1312 525 1347 ἐν
553 1310 764 1363 Χερρονήσῳ
799 1309 918 1360 μάχην
956 1307 1150 1359 ξΡωμαίων

109 1368 193 1420 πρὸς
213 1367 363 1410 Οὔννους
383 1368 534 1420 ἐγίνοντο
560 1369 620 1406 καὶ
651 1371 686 1407 αἱ
710 1368 922 1419 συμὸάσεις,
954 1367 1151 1407 Ἀνατολίου

108 1427 432 1480 πρεσέευσαμένου.

110 1487 273 1524 ἐκδοθεῗεν
292 1486 354 1536 μὲν
375 1485 416 1523 ἂν
433 1486 500 1528 τοῖς
518 1485 661 1529 Ούννοις
676 1488 706 1523 οἱ
724 1485 888 1537 φυγάδες,
905 1485 965 1522 καὶ
983 1484 1017 1530 ἒς
1031 1484 1150 1536 χιλιά-

472 1427 544 1466 Kal
576 1427 631 1465 ἐπὶ
665 1429 777 1465 τοῖσδε
808 1426 1028 1474 ἐσπένδοντο,
1060 1425 1153 1470 ὅπως

111 1546 164 1589 δες
180 1545 322 1596 χρυσίου
343 1546 498 1596 λιτρῶν“
485 1543 570 1596 υπὲρ
592 1547 660 1582 τῶν
678 1545 791 1582 πάλαι
811 1542 1003 1587 συντάξεων
1025 1544 1151 1581 δοθεῖεν

111 1605 245 1646 αυτοῖς·
263 1602 364 1655 φόρον
382 1602 417 1640 δὲ
448 1602 543 1645 ἔτους
576 1602 722 1640 ἑκάστου
752 1602 924 1654 οισχιλίας
951 1601 1010 1640 καὶ
1031 1600 1152 1639 ἑκατὸν

110 1661 228 1714 λίτρας
243 1677 372 1713 χρυσου
390 1676 504 1714 σφισιν
521 1660 728 1711 τεταγμένον
745 1664 842 1698 εἶναι·
862 1660 947 1712 ὑπερ
969 1660 1003 1698 δὲ
1020 1661 1154 1712 αἰχμα-

111 1720 224 1758 λώτου
251 1719 431 1769 “Ρωμαίου
461 1718 641 1772 φεύγοντος
663 1718 723 1756 καὶ
743 1720 776 1762 ἐς
804 1717 866 1765 τὴν
899 1718 1068 1780 σφετέραν
1089 1733 1154 1768 γην

111 1779 193 1817 ἄνευ
213 1779 345 1831 λύτρων
372 1778 606 1822 διαὸαίνοντος
631 1778 764 1816 δώδεκα
789 1782 936 1850 χρυσούς
962 1781 1049 1815 εἶναι
1067 1779 1154 1815 ἀπο-

111 1837 268 1887 τίμησιν,
305 1836 353 1887 μὴ
388 1836 675 1879 καταὸάλλοντας
707 1835 742 1874 δὲ
774 1852 851 1880 τους
883 1834 1155 1887 ὑποδεχομένους

113 1895 284 1934 ἐκδιδόναι
316 1895 373 1933 τὸν
409 1895 598 1948 φεύγοντα·
632 1894 765 1945 μηδένα
794 1894 830 1932 δὲ
861 1893 1036 1946 βάρὸαρον
1065 1893 1155 1932 Ῥω-

113 1954 235 2005 μαίους
261 1953 352 1992 κατὰ
382 1954 497 2004 (παρὰ
529 1955 629 2002 conj.
657 1954 721 2003 B.)
750 1959 838 2005 σφᾶς
868 1952 1035 2004 φεύγοντα
1056 1952 1155 2003 δέχε-

612 2069 648 2101 4.

154 2136 354 2169 Theodosius
368 2135 452 2167 misit
467 2136 672 2175 senatorem,
690 2135 794 2166 virum
810 2134 1027 2174 consularem,
1045 2134 1084 2166 ad
1101 2135 1154 2167 At·

112 2189 202 2222 tilam
216 2189 404 2229 legationem
421 2188 597 2220 obiturum.
642 2189 683 2220 Et
694 2188 746 2219 ille
757 2188 886 2228 quidem
899 2188 1046 2229 quamvis
1061 2188 1153 2229 legati

113 2250 230 2273 nomen
254 2241 388 2280 adeptus
414 2241 506 2279 esset,
530 2240 662 2272 minime
683 2242 791 2275 tamen
815 2242 863 2271 est
892 2249 988 2272 ausus
1015 2241 1156 2273 terrestri

114 2294 226 2325 itinere
241 2295 373 2325 Hunnos
388 2292 491 2331 adire;
507 2291 561 2324 sed
579 2292 637 2323 iter
659 2301 714 2332 per
737 2294 871 2333 pontum
890 2294 1051 2325 Euxinum
1065 2294 1156 2326 insti·

112 2346 193 2384 tuit,
208 2347 240 2378 et
255 2346 287 2376 in
302 2345 536 2376 odessenorum
550 2344 711 2377 civitatem
724 2345 904 2387 navigavit,
920 2346 954 2378 in
966 2355 1031 2387 qua
1049 2347 1156 2380 Theo-

113 2398 209 2430 dulus
221 2397 289 2429 dux
302 2396 571 2428 commorabatur.

615 2453 649 2485 5.

158 2515 232 2546 Post
254 2522 392 2555 pugnam
419 2514 451 2545 in
470 2513 667 2546 Chersoneso
693 2514 897 2548 commissam
926 2519 1059 2550 Romani
1083 2528 1158 2551 cum

117 2570 242 2602 Hunnis
267 2579 378 2610 pacem
404 2578 458 2610 per
475 2570 656 2601 Anatolium
672 2571 811 2611 legatum
830 2570 990 2611 fecerunt,
1005 2573 1037 2603 et
1049 2572 1082 2604 in
1103 2573 1159 2604 has

116 2621 313 2653 conditiones
326 2622 546 2653 convenerunt
560 2631 568 2653 :
582 2622 731 2661 profugos
745 2623 869 2653 Hunnis
879 2622 979 2663 reddi,
994 2632 1049 2655 sex
1060 2624 1159 2656 millia

116 2674 186 2706 auri
210 2674 365 2705 librarum
384 2682 440 2714 pro
458 2675 624 2714 praeteritis
640 2675 802 2716 stipendiis
823 2676 920 2715 solvi;
934 2675 999 2707 duo
1015 2677 1115 2708 millia
1127 2679 1160 2710 et

116 2728 244 2758 centum
259 2726 290 2757 in
307 2728 468 2766 posterum
491 2727 620 2766 singulis
640 2727 731 2759 annis
755 2728 867 2759 tributi
892 2729 1020 2761 nomine
1044 2731 1157 2771 pendi;

115 2786 174 2818 pro
189 2786 384 2818 unoquoque
393 2779 521 2819 captivo
532 2781 676 2810 Romano
686 2803 694 2818 ,
709 2780 763 2820 qui
781 2780 813 2811 in
827 2782 1045 2812 Romanorum
1061 2782 1158 2822 lines,

115 2838 180 2861 non
205 2829 309 2861 soluto
332 2830 557 2870 redemptionis
580 2832 700 2871 pretio,
718 2833 886 2872 evasisset,
914 2833 1082 2866 duodecim
1106 2843 1160 2866 au-

117 2890 243 2913 reorum
258 2883 412 2914 mulctam
429 2883 548 2916 inferri.
565 2886 644 2921 Quae
659 2886 685 2916 si
707 2894 771 2916 non
790 2887 978 2926 solveretur,
993 2887 1047 2928 qui
1062 2889 1160 2928 capti·

116 2942 195 2965 vum
223 2935 403 2974 recepisset,
429 2935 594 2967 restituere
615 2937 733 2977 teneri;
757 2939 916 2969 Romanos
941 2939 1101 2971 neminem
1121 2949 1158 2971 ex

116 2986 260 3018 barbaris
275 2986 315 3018 ad
335 2995 368 3018 sc
385 2989 619 3028 eonsuoientem
633 2989 811 3022 admittere.
829 2992 863 3022 ln
881 2991 938 3022 has
953 2992 1082 3032 quidem
1099 2993 1159 3024 soe-

117 3037 230 3069 derum
244 3038 327 3078 leges
336 3040 471 3071 Romani
485 3043 598 3080 sponte
611 3042 804 3073 consensisse
814 3042 913 3074 videri
925 3044 1093 3076 volebant·
1105 3045 1160 3078 sed

117 3090 304 3122 necessitate
313 3091 414 3122 coacti
425 3094 614 3133 ‚superante
627 3096 715 3125 metu
725 3095 1031 3134 ,quissomanorum
1041 3096 1165 3130 ducum

118 3143 241 3174 mentes
264 3149 485 3184 occupav‚erat
506 3146 713 3185 quantumvis
740 3147 836 3179 duras
860 3150 891 3180 et
908 3148 1031 3189 iniquas
1048 3151 1159 3183 condi-

118 3194 223 3226 tiones
251 3194 310 3226 sibi
335 3195 495 3236 impositas
517 3205 643 3228 summo
671 3198 757 3238 pacis
784 3201 1016 3240 consequenda}
1055 3202 1160 3234 studio

120 3245 208 3277 ducti
231 3245 414 3278 lubentibus
429 3247 543 3279 animis
563 3250 789 3290 susceperunt,
811 3252 843 3282 et
859 3251 1078 3290 gravissimum
1102 3255 1160 3286 tri·

120 3297 234 3329 butum
252 3298 389 3338 pendere
402 3308 465 3331 non
479 3301 687 3341 recusabant,
705 3310 888 3343 quanquam
902 3312 977 3344 opes
989 3305 1110 3345 imperii
1129 3308 1162 3339 et

122 3349 196 3390 regii
213 3349 353 3382 thesauri
368 3359 430 3383 non
445 3351 485 3383 ad
504 3353 696 3384 necessarios
714 3362 809 3394 usus,
823 3354 876 3386 sed
890 3354 922 3386 in
941 3356 1077 3388 absurda
1089 3367 1160 3399 spe-

983 172 1144 213 PRlSCl
1173 173 1272 212 PAN
1281 174 1376 212 {TAE

1208 263 1300 301 σθαι.
1338 260 1479 304 Ταύτας
1507 262 1775 312 προσεποιοῦντο
1802 260 1865 310 μὲν
1885 260 2058 299 ἐθελονταὶ
2077 261 2249 312 Ῥωμαῖοι

1208 319 1268 362 τὰς
1289 318 1461 365 συνθήκας
1483 318 1655 356 τίθεσθαι·
1673 317 1807 368 ἀνάγκῃ
1828 318 1863 356 δὲ
1887 319 1961 370 [καὶ
1982 320 2047 371 Ν.]
2069 321 2249 373 ὑπερὸάλ-

1207 378 1302 416 λοντι
1332 375 1421 425 δέει,
1443 374 1528 428 ὅπερ
1561 380 1704 426 κατεῖχε
1731 375 1810 419 τοὺς
1838 379 1932 429 σφῶν
1965 376 2153 429 ἄρχοντας,
2179 384 2249 416 πᾶν

1210 435 1388 485 ἐπίταγμα
1401 434 1527 486 καίπερ
1540 433 1577 472 ὂν
1590 433 1758 485 χαλεπον,
1772 441 1890 486 τυχεῖν
1901 451 1962 482 της
1975 436 2110 488 εἰρήνης
2124 438 2250 476 ἐσπου-

1209 493 1349 537 δακότες
1361 523 1370 538 ,
1383 492 1579 541 ἠσμένιζον,
1593 491 1654 530 καὶ
1670 492 1734 538 τὴν
1747 495 1815 530 τῶν
1833 492 1947 565 φόρων
1965 494 2123 538 σύνταξιν
2143 498 2249 546 βαρυ-

1208 552 1315 598 τάτην
1335 555 1442 589 οὖσαν
1463 550 1662 603 προσίεντο,
1681 567 1749 589 των
1768 551 1960 603 χρημάτων
1976 553 2092 596 αὐτοῖς
2108 553 2167 590 καὶ
2183 554 2250 591 τῶν

1211 612 1398 661 βασιλικῶν
1427 612 1609 662 θησαυρῶν
1636 611 1699 648 οὐκ
1719 611 1766 653 εἷς
1797 609 1871 647 δέον
1898 610 2248 660 εκδεδαπανημένων,

1210 668 1301 706 ἀλλὰ
1330 667 1409 719 περὶ
1436 667 1512 711 θέας
1533 667 1680 711 ἀτόπους
1707 668 1766 706 καὶ
1795 669 1991 721 φιλοτιμίας
2016 670 2079 707 οὐκ
2095 669 2253 720 εὐλόγους

1209 726 1270 764 καὶ
1294 726 1418 772 ἡδονὰς
1438 726 1498 764 καὶ
1519 726 1676 770 δαπάνας
1703 726 1885 776 ἀνειμένας
1898 757 1908 774 ,
1938 727 1978 771 ἃς
1997 727 2107 771 οὐδεὶς
2125 730 2193 766 τῶν
2214 722 2252 766 εὗ

1209 785 1423 838 φρονούντων
1444 783 1521 823 οὐδὲ
1540 786 1574 822 ἐν
1593 784 1797 837 εὐπραγίαις
1815 786 2006 833 ὑποσταίη,
2030 786 2079 835 μή
2101 786 2135 824 τί
2153 801 2192 838 γε
2209 786 2251 833 δὴ

1210 845 1240 881 οἱ
1258 846 1325 881 τῶν
1343 843 1458 881 ὅπλων
1475 843 1767 895 ὀλιγωρήσαντες,
1785 843 1875 882 ὥστε
1890 844 1939 895 μὴ
1962 845 2064 895 μόνον
2085 844 2251 896 Σκύθαις,

1211 902 1302 940 ἀλλὰ
1319 901 1385 954 γὰρ
1402 902 1461 940 καὶ
1479 907 1550 945 τοῖς
1567 903 1699 946 λοιποῖς
1727 903 1916 956 βαρὸοίροις
1943 904 2011 947 τοῖς
2029 908 2252 957 παροικοῦσιν

1213 960 1275 1006 τὴν
1295 960 1487 1011 Ῥωμαίων
1504 961 1688 998 ὑπακούειν
1704 963 1749 1005 εἷς
1766 962 1870 1014 φόρου
1885 962 2090 1014 ἀπαγωγήν.
2111 962 2254 1003 Τούτων

1210 1021 1279 1057 τῶν
1298 1019 1491 1063 συντάξεων
1509 1018 1569 1057 καὶ
1585 1021 1652 1056 τῶν
1669 1019 1863 1070 χρημάτων
1877 1019 1978 1072 πέρι,
1995 1020 2085 1073 ἅπερ
2102 1021 2170 1059 ἔδει
2183 1023 2254 1064 τοῖς

1214 1076 1360 1121 Οὔννοις
1375 1076 1638 1128 ἐκπέμπεσθαι,
1654 1077 1886 1132 συνεισφέρειν
1906 1079 2037 1122 πάντας
2055 1079 2232 1131 ἠνάγκασε
2243 1109 2254 1126 ,

1212 1136 1344 1186 δασμὸν
1360 1134 1671 1188 εἰσπραττομένους
1685 1136 1744 1174 καὶ
1761 1137 1839 1180 τοὺς
1854 1135 1946 1175 κατὰ
1960 1137 2084 1189 χρόνον
2100 1137 2178 1176 τινὰ
2191 1139 2253 1185 τὴν

1214 1194 1414 1246 βαρυτάτην
1428 1193 1672 1246 κουφισθέντας
1689 1198 1749 1241 τ’ῆς
1765 1198 1828 1245 γῆς
1841 1195 2052 1246 ἀποτίμησιν
2067 1195 2136 1234 εἴτε
2152 1197 2255 1235 δικα-

1213 1255 1302 1290 στῶν
1321 1253 1449 1305 κρίσει,
1470 1252 1536 1290 εἴτε
1555 1252 1727 1305 βασιλέων
1748 1253 1973 1306 φιλοτιμίαις.
2003 1254 2252 1308 Συνεισέφερον

1215 1311 1249 1348 δὲ
1270 1312 1370 1364 ῥητὸν
1390 1311 1534 1363 χρυσίον
1552 1311 1612 1350 και
1629 1313 1660 1349 οι
1681 1313 1715 1349 ἐν
1735 1316 1778 1364 τῇ
1796 1312 1958 1372 γερουσία
1982 1313 2255 1366 αναγεγραμμέ-

1211 1384 1262 1406 νοι
1279 1369 1363 1420 ὑπὲρ
1381 1371 1475 1421 σφῶν
1495 1371 1607 1407 αὐτων
1629 1369 1737 1414 ἀξίας.
1762 1370 1832 1409 Καὶ
1852 1374 1894 1417 ἠν
1909 1372 2085 1414 πολλοῖς
2067 1386 2089 1417 η
2109 1371 2256 1424 λαμπρὰ

1213 1426 1301 1478 τύχη
1321 1427 1398 1479 βίου
1415 1427 1614 1477 μεταδολή·
1630 1428 1881 1479 ἐσεπράττοντο
1897 1428 1963 1481 γὰρ
1979 1430 2067 1479 μετὰ
2083 1431 2256 1481 αἰκισμῶν

1215 1484 1303 1536 ἅπερ
1332 1484 1477 1523 ἕκαστον
1505 1486 1754 1539 ἀπεγράψαντο
1783 1489 1814 1524 οἱ
1837 1487 1934 1539 παρὰ
1960 1488 2130 1539 βασιλέως
2157 1492 2258 1527 τοῦτο

1213 1549 1324 1581 ποιεῖν
1336 1542 1610 1595 ἐπιτεταγμένοι,
1622 1543 1711 1582 ὥστε
1722 1544 1780 1582 τὸν
1790 1544 1922 1595 κόσμον
1931 1549 1999 1584 τῶν
2012 1550 2183 1597 γυναικῶν
2196 1547 2258 1586 καὶ

1213 1600 1257 1638 τὰ
1273 1601 1405 1639 ἔπιπλα
1425 1601 1502 1645 τοὺς
1518 1603 1629 1640 πάλαι
1646 1603 1852 1653 εὐδαίμονας
1865 1604 2064 1656 προτιθέναι
2078 1607 2113 1644 ἐν
2128 1608 2253 1659 ἀγορᾷ.

1213 1662 1328 1699 Τοῦτο
1351 1660 1414 1710 μὲν
1435 1661 1525 1710 μετὰ
1539 1660 1596 1698 τὸν
1611 1661 1764 1711 πόλεμον
1781 1664 1819 1700 τὸ
1837 1663 1944 1700 κακὸν
1963 1663 2163 1715 Ῥωμαίους
2181 1665 2257 1703 ἐδέ-

1216 1718 1315 1765 ξατο,
1344 1720 1434 1756 ὥστε
1462 1718 1610 1762 πολλοὺς
1641 1718 1662 1766 ἢ
1693 1720 2047 1774 ἀποκαρτερήσαντας
2074 1721 2096 1770 ἢ
2131 1721 2257 1776 βρόχον

1217 1777 1414 1829 ἁψαμένους
1433 1777 1490 1815 τὸν
1513 1777 1585 1830 βίον
1606 1779 1805 1819 ἀπολιπεῖν.
1834 1781 1923 1818 Τότε
1944 1780 1986 1827 δὴ
2006 1782 2046 1819 ἔκ
2063 1785 2121 1820 τοῦ
2141 1797 2257 1834 παρα·

1213 1851 1336 1886 χρημα
1350 1851 1415 1873 των
1431 1838 1612 1889 θησαυρῶν
1628 1836 1828 1884 ἐξαντληθέν
1832 1853 1912 1886 των,
1927 1839 1967 1876 τό
1979 1854 2015 1876 τε
2043 1840 2185 1891 χρυσίον
2199 1856 2259 1879 και
2307 1866 2312 1870 -

1215 1909 1246 1930 οι
1264 1893 1411 1946 φυγάδες
1431 1893 1645 1944 ἐπέμποντο,
1667 1894 1840 1934 Σκόττα’
1825 1911 1884 1934 επι
1902 1897 2035 1943 ταύτην
2051 1897 2114 1944 τὴν
2134 1898 2258 1950 πρᾶξιν

1217 1951 1426 2004 ἀφιγμένου·
1446 1955 1493 1990 ὧν
1521 1952 1702 1997 πλείστους
1733 1953 1908 2004 Ῥωμαῖοι
1937 1955 2142 1995 ἀπέκτειναν
2158 1959 2258 1996 ἀπει-
2292 1975 2301 1980 ·

1214 2064 1339 2095 ctacula
1351 2087 1360 2103 ,
1376 2064 1410 2095 in
1426 2073 1528 2096 vanos
1546 2065 1705 2097 honorum
1723 2066 1886 2107 ambitus,
1905 2067 1939 2099 in
1954 2067 2142 2102 immodicas
2169 2070 2258 2102 volu-

1213 2117 1314 2156 ptates
1329 2118 1362 2148 et
1373 2117 1554 2157 largitiones
1571 2120 1769 2158 consumptae
1780 2119 1923 2156 fuerant,
1945 2121 2056 2162 qualae
2067 2131 2160 2155 nemo
2174 2132 2261 2156 sanae

1212 2167 1328 2200 mentis
1348 2168 1399 2200 vel
1415 2169 1448 2200 in
1463 2169 1604 2201 maxime
1620 2170 1825 2203 affluentibus
1849 2171 2032 2204 divitiarum
2050 2174 2150 2215 copiis
2163 2175 2260 2207 susti-

1212 2222 1320 2258 neret,
1337 2220 1455 2252 nedum
1472 2221 1607 2253 Romani
1630 2222 1694 2262 isti,
1708 2222 1764 2263 qui
1781 2223 1826 2255 rei
1852 2223 1998 2257 militaris
2015 2225 2156 2258 studium
2180 2227 2260 2260 adeo

1213 2271 1437 2312 neglexerant,
1450 2274 1486 2304 ut
1499 2282 1564 2304 non
1575 2273 1680 2305 solum
1696 2274 1822 2314 Scythis
1832 2298 1840 2314 ‚
1856 2275 1912 2306 sed
1925 2277 1957 2308 et
1967 2277 2096 2317 reliquis
2105 2277 2259 2319 barbaris,

1214 2323 1268 2363 qui
1283 2324 1444 2364 proximas
1460 2323 1586 2365 imperii
1603 2326 1737 2357 Romani
1749 2325 1890 2366 regiones
1905 2327 2104 2369 incolebant,
2119 2330 2260 2369 vectiga-

1214 2375 1260 2407 les
1277 2375 1350 2407 sacti
1364 2377 1479 2407 essent.
1525 2378 1638 2417 ltaque
1654 2377 1775 2409 tributa
1788 2378 1820 2410 et
1836 2379 1984 2419 pecunias
1994 2403 2004 2420 ,
2021 2389 2100 2420 quas
2113 2381 2154 2413 ad
2167 2383 2259 2414 Hun—

1214 2436 1273 2458 nos
1288 2427 1402 2458 deferri
1419 2427 1609 2467 oportebat,
1633 2428 1806 2469 imperator
1829 2438 1941 2462 omnes
1957 2431 2102 2464 conterre
2125 2434 2227 2473 coegit
2251 2446 2259 2466 ε

1214 2478 1302 2509 nulla
1318 2478 1414 2510 eliam
1434 2487 1546 2510 eorum
1564 2479 1775 2511 immunitatis
1790 2480 1898 2513 habita
1922 2482 2063 2523 ratione,
2087 2484 2144 2524 qui
2166 2486 2260 2518 terrae

1215 2538 1329 2568 onere,
1348 2531 1500 2569 tanquam
1516 2531 1610 2562 nimis
1622 2531 1710 2570 gravi
1729 2531 1769 2562 ad
1782 2533 1926 2573 tempus,
1943 2534 2010 2566 sive
2031 2533 2260 2576 imperatorum

1217 2581 1426 2621 benignitate,
1450 2591 1504 2614 seu
1519 2582 1665 2622 judicum
1682 2585 1857 2623 sententia,
1874 2584 1970 2617 levati
1987 2588 2088 2630 erant.
2106 2587 2260 2620 confere-

1216 2636 1294 2668 bant
1313 2637 1408 2668 etiam
1422 2646 1537 2669 aurum
1560 2637 1715 2669 indictum
1739 2638 1792 2678 qui
1812 2639 1844 2670 in
1860 2640 2004 2671 senatum
2014 2638 2144 2680 ascripti
2156 2641 2260 2680 erant,

1216 2688 1249 2719 in
1266 2690 1432 2728 praemium
1446 2697 1512 2720 suae
1529 2688 1690 2728 dignitatis
1700 2712 1709 2728 ‚
1728 2691 1761 2721 et
1774 2690 1884 2722 multis
1899 2690 2065 2730 splendida
2077 2693 2110 2723 et
2130 2691 2261 2724 illustris

1217 2739 1342 2770 fortuna
1366 2740 1442 2771 vitae
1458 2740 1741 2772 commutationem
1759 2742 1879 2773 attulit.
1899 2742 2160 2774 conficiebantur
2174 2742 2260 2775 enim

1216 2791 1360 2830 pecuniae
1373 2815 1382 2830 ,
1399 2800 1472 2831 quae
1485 2791 1658 2831 unicuique
1677 2791 1839 2832 imperatae
1860 2795 1968 2831 erant,
1986 2802 2060 2824 cum
2087 2793 2260 2827 acerbitate

1217 2843 1250 2873 et
1275 2843 1469 2874 contumelia
1483 2843 1525 2874 ab
1546 2843 1583 2874 iis
1604 2842 1721 2883 quibus
1738 2843 1834 2883 hujus
1849 2844 1895 2875 rei
1910 2853 1988 2875 cura
2002 2845 2043 2876 ab
2068 2845 2260 2886 imperatore

1217 2895 1285 2925 erat
1297 2893 1487 2926 demandata
1502 2906 1510 2926 ι
1525 2894 1604 2926 adeo
1618 2897 1666 2934 ut,
1682 2896 1737 2936 qni
1753 2904 1772 2926 a
1785 2895 1959 2935 maioribus
1975 2898 2121 2936 acceptas
2133 2897 2260 2931 divitias

1217 2946 1436 2987 possidebant,
1450 2949 1635 2980 ornamenta
1651 2957 1790 2980 uxorum
1810 2950 1841 2980 et
1856 2949 2026 2988 pretiosam
2041 2958 2133 2981 suam
2153 2952 2258 2992 supel-

1218 2997 1358 3029 lectilem
1373 2999 1405 3030 in
1420 2999 1490 3030 soro
1506 3007 1624 3030 venum
1637 3001 1843 3039 exponerent.
1857 2999 1904 3031 Ab
1916 3000 1976 3031 hoc
1988 3000 2071 3032 bello
2086 3001 2153 3032 tam
2167 3005 2259 3036 atrox

1218 3050 1250 3081 et
1265 3049 1379 3081 acerba
1395 3050 1558 3082 calamitas
1571 3052 1731 3082 Romanos
1750 3051 1893 3091 excepit,
1913 3053 1950 3083 ut
1965 3051 2059 3083 multi
2080 3054 2138 3084 aut
2158 3053 2259 3087 absti-

1218 3102 1325 3134 nentia
1346 3102 1407 3134 cibi
1420 3126 1429 3142 ,
1445 3106 1502 3134 aut
1520 3104 1628 3143 aptato
1648 3104 1730 3135 collo
1746 3103 1861 3144 laqueo
1885 3103 1982 3135 vitam
2010 3104 2146 3137 finirent.
2168 3108 2260 3139 Tunc

1217 3153 1326 3193 igitur,
1336 3162 1434 3193 parvo
1449 3155 1598 3194 temporis
1610 3156 1773 3186 momento
1789 3154 1952 3186 exhaustis
1963 3155 2117 3188 thesauris
2125 3181 2134 3196 ,
2143 3166 2259 3189 aurum

1218 3206 1250 3236 et
1275 3205 1386 3236 exules
1402 3207 1412 3244 (
1427 3214 1501 3236 nam
1527 3207 1636 3238 scotta
1649 3230 1658 3245 ‚
1686 3206 1742 3244 qui
1769 3206 1962 3246 susciperet,
1993 3207 2189 3250 advenerat)
2217 3208 2259 3241 ad

1217 3256 1351 3296 Scythas
1367 3257 1454 3288 missi
1466 3259 1551 3289 sunt.
1587 3257 1720 3289 Romani
1738 3266 1814 3289 vero
1835 3258 1955 3290 multos
1969 3267 2010 3290 ex
2025 3259 2182 3300 profugis,
2203 3261 2258 3301 qui

1218 3307 1291 3339 dedi
1306 3308 1556 3348 reluctabantur,
1573 3308 1793 3349 trucidarunt,
1807 3309 1890 3341 inter
1911 3317 1991 3350 quos
2014 3310 2112 3351 aliqui
2131 3311 2259 3344 ruerunt

1218 3359 1337 3403 eregiis
1347 3359 1483 3400 Scythis,
1494 3360 1550 3401 qui
1563 3360 1699 3392 militare
1708 3360 1767 3393 sub
1779 3360 1875 3393 Attila
1887 3363 2056 3394 renuerant
2067 3363 2098 3394 et
2109 3364 2260 3396 Romanis
