2372 3704
83 265 153 298 34⁴

81 341 124 380 τὰ
145 339 272 394 λουτρὰ
293 339 337 378 τὰ
361 338 595 392 (Ηρακλέους,
625 338 646 376 ἃ
669 340 917 389 μυθολογοῦσιν
945 338 1125 389 Ἡρακλέα

82 400 263 447 πλήξαντα
282 401 325 449 τῇ
346 398 475 452 κορύνῃ
491 397 553 442 τὰς
574 397 710 441 πλάκας
726 401 785 435 τοῦ
809 397 907 449 ὄρους
923 397 1126 436 ἀναὸαλεῖν.

83 459 128 498 Ὁ
149 458 184 496 δὲ
203 455 410 510 Κραγαλεὺς
429 451 526 500 οἶτος
545 455 695 507 ἐγεγόνει
716 454 852 508 γεραιὸς
868 455 955 505 ἤδη,
973 455 1032 493 καὶ
1058 461 1128 499 τοῖς

84 516 262 570 ἐγχωρίοις
275 514 447 567 ἐνομίζετο
461 514 591 558 δίκαιος
604 509 692 552 εἶναι
703 514 762 552 καὶ
772 513 944 567 φρόνιμος·
961 513 1020 552 καὶ
1032 515 1127 566 αὐτῷ

83 575 224 626 νέμοντι
246 578 323 626 βοῦς
350 573 582 627 προσάγουσιν
607 571 784 611 Ἀπόλλων
813 572 872 610 καὶ
893 570 1054 624 Ἄρτεμις
1071 572 1130 610 καὶ

84 634 127 672 Ἡ
135 635 264 686 ρακλῆς
281 633 524 684 κριθησόμενοι
544 631 624 684 περὶ
641 630 855 683 Ἀμὸρακίας
875 633 935 676 τ’ῆς
949 631 983 667 ἐν
999 629 1128 669 Ἠπεί-

87 707 148 744 ρῳ.
181 691 250 732 Καὶ
271 694 288 728 ὁ
318 690 380 739 μὲν
405 690 582 729 Ἀπόλλων
606 691 720 742 ἑαυτῷ
740 687 927 741 προσήκειν
955 687 1051 739 ἔλεγε
1071 686 1132 733 τὴν

84 751 200 796 πόλιν,
230 747 281 787 ὅτι
307 748 486 791 Μελανεὺς
517 748 587 790 υἱὸς
616 743 656 794 ἦν
681 748 804 794 αὐτοῦ,
828 746 1036 799 βασιλεύσας
1066 745 1128 795 μὲν

86 808 255 860 Δρυόπων
272 807 332 846 καὶ
346 807 490 859 πολέμῳ
504 806 622 845 λαὸὼν
642 805 703 853 τὴν
721 811 839 844 πᾶσαν
855 804 1041 857 Ἤπειρον,
1059 820 1130 856 γεν-

85 866 193 912 νήσας
214 864 250 904 δὲ
266 866 393 909 παῖδας
410 864 564 917 Εὔρυτον
584 863 644 902 καὶ
663 862 891 915 Ἀμὸρακίαν,
907 865 967 915 ἀφ’
982 857 1022 909 ἧς
1039 866 1059 909 ἡ
1076 862 1136 901 πό-

86 926 137 968 λις
152 924 350 977 Ἀμὸρακία
365 925 537 965 καλεῖται.
556 922 625 962 Καὶ
640 922 739 965 αὐτὸς
754 921 902 972 μέγιστα
920 920 1134 974 χαρίσασθαι

85 982 195 1034 ταύτῃ
215 986 257 1034 τῇ
277 982 393 1020 πόλει·
414 981 605 1031 Σισυερίδας
623 980 686 1031 μὲν
703 980 770 1032 γὰρ
792 983 898 1018 αὐτοῦ
922 979 1137 1031 προστάξαν-

86 1056 141 1085 τος
153 1040 379 1094 ἀφικομένους
393 1043 611 1093 κατορθῶσαι
626 1039 683 1078 τὸν
694 1039 847 1090 πόλεμον
858 1038 1137 1091 Ἀμὸρακιώταις

85 1099 143 1137 τὸν
160 1101 340 1151 γενόμενον
361 1101 477 1142 αὐτοῖς
496 1098 580 1151 πρὸς
601 1097 838 1149 Ἠπειρώτας·
857 1097 989 1149 Τόργον
1020 1097 1136 1150 (Γόρ-

86 1160 193 1208 γονῖ)
212 1158 247 1196 δὲ
264 1158 321 1196 τὸν
339 1158 486 1211 ἀδελφὸν
507 1157 672 1211 Κυψέλου
702 1158 792 1195 κατὰ
814 1156 891 1200 τοὺς
920 1158 1024 1195 αὐτοῦ
1043 1172 1137 1208 χρη-

86 1215 194 1266 σμοὺς
209 1215 291 1254 λαὸν
307 1216 442 1255 ἔποικον
459 1218 601 1269 ἀγαγεῖν
618 1218 663 1260 εἷς
674 1215 890 1268 Ἀμὸρακίαν
905 1217 943 1254 ἐκ
957 1215 1138 1268 Κορίνθου·

85 1274 262 1327 Φαλαίκῳ
284 1274 319 1313 δὲ
341 1279 564 1328 τυραννοῦντι
582 1277 644 1320 τῆς
663 1274 796 1318 πόλεως
817 1275 922 1312 αὐτοῦ
946 1274 1038 1312 κατὰ
1056 1290 1139 1324 μαν-

83 1332 181 1371 τείαν
215 1333 483 1386 Ἀμὸρακιώτας
524 1335 789 1380 ἐπαναστῆσαι,
818 1333 877 1371 καὶ
909 1331 1006 1385 παρὰ
1037 1337 1138 1371 τοῦτο

90 1391 275 1443 (πολλοὺς)
292 1391 482 1430 ἀπολέσθαι
494 1392 551 1430 τὸν
563 1392 747 1431 Φάλαικον
758 1408 765 1415 ·
779 1391 818 1429 τὸ
833 1391 867 1430 δὲ
879 1392 972 1439 ὅλον,
989 1391 1090 1435 αὐτὸς
1104 1394 1138 1430 ἐν

86 1453 129 1502 τῇ
148 1449 247 1488 πόλει
264 1454 400 1488 παῦσαι
421 1451 620 1494 πλειστάκις
640 1451 806 1501 ἐμφύλιον
825 1450 977 1501 πόλεμον
997 1450 1055 1488 καὶ
1070 1450 1137 1503 ἔρι·

88 1510 148 1552 δας
163 1509 222 1547 καὶ
237 1509 393 1556 στάσεις,
414 1509 488 1547 ἀντὶ
503 1509 632 1547 τούτων
648 1509 676 1547 δ’
694 1511 885 1560 ἐμποιῆσαι
905 1509 1065 1558 εὐνομίας
1079 1509 1139 1548 καὶ

88 1566 184 1613 θέμιν
202 1567 262 1605 καὶ
283 1567 381 1614 δίκην
395 1584 402 1590 ·
423 1566 498 1605 ὅθεν
519 1568 623 1606 αὐτὸν
644 1567 695 1605 ἔτι
714 1572 772 1605 νῦν
787 1567 884 1618 παρὰ
899 1573 968 1610 τοῖς
985 1567 1138 1620 Ἀμῧρα-

88 1624 228 1669 κιώταις
247 1629 389 1678 σωτῆρα
414 1628 545 1665 Πύθιον
564 1628 597 1664 ἐν
615 1629 747 1679 ἑορταῖς
767 1627 826 1664 καὶ
848 1625 1042 1669 εἰλαπίναις
1059 1626 1140 1679 ᾄδε-

89 1687 180 1724 σθαι.
198 1682 360 1737 Ἄρτεμις
383 1678 426 1723 δὲ’
440 1686 478 1723 τὸ
508 1685 570 1736 μὲν
591 1688 700 1729 νεῖκος
719 1685 895 1724 κατέπαυε
921 1684 960 1722 τὸ
977 1684 1061 1737 πρὸς
1081 1686 1138 1723 τὸν

88 1743 301 1791 Ἀπόλλωνα,
317 1747 400 1795 παρ’
416 1744 553 1788 ἑκόντος
568 1745 597 1782 δ’
610 1744 707 1791 ἠξίου
724 1744 786 1791 τὴν
802 1744 834 1783 ’A
842 1743 1019 1796 μὸρακίαν
1034 1743 1138 1795 ἔχειν·

91 1801 247 1852 ἐφίεσθαι
258 1802 324 1854 γὰρ
338 1806 399 1849 τῆς
414 1803 546 1846 πόλεως
560 1803 650 1840 κατὰ
667 1803 840 1855 πρόφασιν
857 1802 1033 1850 τοιαύτην.
1048 1802 1138 1841 “Ore

88 1860 270 1904 Φάλαικος
285 1860 328 1913 (³⁵)
351 1860 552 1912 ἐτυράννευε
571 1863 631 1906 τῆς
645 1861 778 1904 πόλεως
789 1890 798 1907 ,
817 1859 949 1904 οὐδενὸς
964 1859 1066 1898 αὐτὸν
1081 1861 1119 1898 δυ
1131 1883 1140 1888 -

87 1919 238 1969 ναμένου
253 1920 344 1958 κατὰ
365 1919 437 1963 δέος
456 1921 600 1967 ἀνελεῖν,
622 1919 710 1965 αὐτὴ
725 1922 968 1970 κυνηγετοῦντι
986 1921 1035 1971 τῷ
1053 1921 1139 1958 Φα-

86 1978 200 2031 λαίκῳ
220 1981 393 2031 προφῆναι
421 1978 575 2029 σκύμνον
596 1979 748 2022 λέοντος·
770 1977 1002 2021 ἀναλαὸόντος
1030 1978 1064 2015 δὲ
1094 1980 1141 2021 εἰς

87 2037 148 2081 τὰς
171 2043 310 2090 χεῖρας,
345 2037 532 2087 ἐκδραμεῖν
563 2038 602 2075 ἐκ
630 2040 691 2084 τῆς
710 2037 794 2083 ὕλης
823 2036 886 2083 τὴν
917 2036 1051 2089 μητέρα
1082 2037 1142 2075 καὶ

87 2099 357 2147 προσπεσοῦσαν
393 2095 584 2148 ἀναρρῆξαι
618 2095 661 2133 τὰ
693 2095 815 2147 στέρνα
847 2098 906 2134 τοῦ
930 2096 1117 2135 Φαλαίκου
1133 2111 1140 2119 ·

131 2224 173 2262 (Ἴ
188 2223 364 2265 Φάλαικος]
381 2223 504 2259 Φαΰλος
518 2232 559 2254 ex
573 2223 688 2257 AElian.
714 2225 754 2255 H.
779 2226 839 2255 An.
860 2228 914 2263 12,
936 2226 976 2255 40
1000 2224 1031 2254 ct
1047 2223 1141 2255 Ovid.

88 2269 169 2302 lhid.
187 2273 245 2301 504
261 2271 464 2302 Burmannus
480 2271 512 2301 et
529 2269 655 2302 Jacobs.
678 2271 714 2301 In
728 2278 816 2310 seqq.
838 2278 895 2310 pro
915 2270 1048 2305 Κελτοὺς
1066 2271 1142 2301 Ber-

90 2316 398 2396 Ιὲἓὲίἐιθεῃῐῐζελαίθους,
415 2315 671 2348 Hemsterhusius
692 2316 819 2352 Σελλοὺς
841 2315 1059 2356 reponendum
1076 2323 1144 2347 esse

93 2463 188 2493 hoves
201 2464 382 2502 pascentem
399 2462 557 2494 accedunt
572 2463 700 2502 Apollo,
723 2462 824 2493 Diana
840 2464 872 2494 et
889 2463 1058 2502 Hercules,
1073 2462 1139 2493 dis·

90 2514 247 2554 captaturi
272 2523 402 2546 causam
431 2514 470 2546 de
500 2514 668 2546 Ambracia
694 2515 866 2554 Epirotica.
895 2516 999 2554 Atque
1027 2515 1142 2555 Apollo

90 2566 220 2606 quidem
235 2566 293 2598 sibi
307 2566 420 2598 urbem
435 2574 505 2597 eam
521 2565 725 2606 vindicabat,
742 2566 829 2606 quod
846 2567 934 2606 pater
948 2567 1030 2598 esset
1043 2566 1142 2598 Mela-

91 2617 142 2650 nei
155 2642 163 2658 ,
180 2618 236 2658 qui
254 2619 415 2658 Dryopum
430 2626 485 2648 rex
497 2617 605 2649 fuisset
618 2617 767 2657 belloque
780 2618 882 2648 totam
898 2617 1030 2657 Epirum
1045 2617 1142 2657 cepis-

92 2672 159 2710 set,
173 2679 211 2702 ac
228 2671 343 2702 liberos
368 2671 564 2711 procreasset
582 2671 739 2710 Eurytum
754 2671 786 2701 et
809 2670 1028 2710 Ambraciam,
1047 2679 1063 2701 a
1079 2679 1144 2710 qua

91 2724 162 2755 urbi
173 2724 348 2755 Ambraciae
357 2733 473 2755 nomen
482 2724 563 2755 esset
575 2723 725 2755 inditum.
737 2724 894 2755 Praeterea
903 2723 1006 2763 ipsum
1015 2732 1144 2763 quoque

91 2776 240 2806 maximis
256 2776 338 2807 hanc
357 2775 470 2807 urbem
487 2774 650 2807 beneficiis
671 2775 813 2806 affecisse
833 2788 838 2805 :
863 2783 921 2806 suo
949 2774 1034 2806 enim
1052 2774 1141 2814 jussu

92 2827 275 2867 Sisyphidas
308 2827 474 2859 advenisse
503 2826 690 2866 bellumque
701 2850 710 2864 ‚
743 2825 827 2866 quod
855 2827 967 2857 contra
998 2826 1144 2866 Epirotas

92 2880 304 2912 Ambraciotis
322 2880 447 2919 suisset,
465 2879 504 2911 ad
535 2880 656 2911 felicem
682 2878 868 2920 perduxisse
892 2878 1026 2910 exitum.
1047 2881 1144 2910 Porro

93 2933 233 2971 'sorgum
247 2932 256 2970 (
269 2933 415 2971 Gorgyum
425 2933 458 2971 Ρ)
473 2931 602 2963 fratrem
615 2931 782 2971 (flliumP)
794 2931 931 2971 Cypseli,
943 2930 1007 2962 suis
1019 2931 1144 2962 motum

93 2984 240 3023 oraculis,
252 2983 342 3015 novis
354 2984 475 3016 colonis
491 2993 508 3016 e
522 2984 677 3016 Corintho
694 2983 899 3016 Ambraciam
914 2983 1142 3023 frequentasse.

94 3039 178 3068 Tum
195 3036 415 3068 Ambraciotas
433 3037 531 3076 ipsius
545 3037 658 3069 ductos
676 3038 814 3069 oraculis
836 3038 947 3069 contra
963 3037 1144 3068 l’halaecum

94 3088 262 3128 tyrannide
271 3088 358 3119 urbis
366 3088 501 3128 potitum
511 3089 730 3129 insurrexisse,
741 3098 777 3121 ac
787 3090 952 3129 propterea
961 3088 1144 3121 Phalaecum

96 3148 230 3180 reguum
243 3140 408 3179 vitamque
417 3140 557 3172 amisisse
570 3151 578 3179 ;
595 3141 625 3171 in
636 3149 761 3172 summa
776 3140 914 3180 denique
929 3140 1101 3181 saepissime
1113 3149 1147 3171 se

94 3192 127 3223 in
142 3192 220 3223 urbe
234 3192 294 3223 ista
306 3191 430 3223 sedasse
445 3192 564 3223 bellum
576 3192 667 3223 civile
677 3217 685 3231 ,
702 3193 785 3224 rixas
798 3195 830 3224 et
845 3193 1028 3232 seditiones,
1043 3194 1075 3223 et
1087 3192 1144 3223 ho-

96 3253 167 3275 rum
183 3245 252 3276 loco
267 3244 412 3275 ordinem
426 3245 584 3284 optimum
595 3270 603 3284 ,
617 3245 771 3284 justitiam
785 3248 815 3276 et
830 3246 912 3286 leges
924 3254 1034 3285 aequas
1047 3245 1146 3287 intro-

96 3296 242 3334 ‹luxisse;
259 3295 345 3327 unde
359 3295 534 3327 etiamnum
548 3304 581 3327 se
596 3296 637 3326 ab
653 3297 864 3328 Ambraciotis
878 3297 1006 3328 infestis
1021 3298 1053 3328 et
1073 3305 1148 3328 con-

96 3348 189 3380 viviis
204 3349 398 3380 servatorem
412 3349 443 3380 et
457 3349 605 3388 Pythium
619 3349 749 3381 cantari.
768 3350 865 3381 Diana
878 3350 992 3381 deinde
1004 3374 1012 3389 ,
1027 3349 1148 3390 litigare

97 3409 171 3431 cum
195 3400 340 3440 Apolline
358 3399 504 3432 desinens
515 3424 523 3438 ‚
542 3401 670 3440 petebat
690 3401 724 3431 ut
748 3401 832 3432 ultro
857 3401 914 3432 sibi
942 3401 1144 3433 Ambraciam

98 3451 283 3484 concederet
294 3462 305 3491 3
315 3451 461 3484 desiderii
475 3452 542 3491 ejus
553 3461 680 3485 causam
692 3461 758 3485 esse
774 3453 890 3485 hancce
915 3454 1073 3486 Nimirum
1082 3463 1146 3493 quo

1167 1462 1171 1619 l

984 253 1309 302 ATHANADAE,

1189 339 1266 383 τοὺς
1281 339 1317 378 δὲ
1331 339 1597 390 Ἀμὸρακιώτας
1607 339 1816 392 ἐκφυγόντας
1828 339 1889 386 τὴν
1904 339 2060 378 δουλείαν
2071 339 2234 393 Ἄρτεμιν

1190 398 1365 450 ἡγεμόνην
1406 398 1613 448 ἱλάσασθαι,
1652 397 1712 436 καὶ
1743 397 1996 446 ποιησαμένους
2033 397 2235 451 Ἀγροτέρας
2270 433 2274 437 .

1192 456 1346 507 εἴκασμα
1366 456 1661 508 παραστήσασθαι
1679 455 1826 508 χάλκεον
1854 457 1946 508 αὐτῷ
1967 458 2070 507 θ’ἧρα.
2130 455 2174 495 Ὁ
2200 455 2235 494 δὲ

1191 515 1369 568 Ἡρακλῆς
1383 515 1601 553 ἀπεδείκνυεν
1615 514 1830 566 Ἀμὸρακίαν
1844 529 1880 552 τε
1897 513 1956 552 καὶ
1970 514 2032 560 τὴν
2046 513 2236 564 σύμπασαν

1191 573 1360 626 Ἤπειρον
1380 568 1485 612 οῧσαν
1504 576 1626 612 ἑαυτοῦ
1639 590 1647 597 ·
1664 572 1934 623 πολεμήσαντας
1951 571 2016 623 γὰρ
2035 574 2128 624 αὐτῷ
2143 574 2239 612 Κελ-

1192 629 1270 674 τοὺς
1302 631 1362 669 καὶ
1394 632 1532 675 Χάονας
1563 631 1623 669 καὶ
1654 630 1907 684 Θεσπρώτους,
1939 630 1999 668 καὶ
2033 629 2239 690 σύμπαντας

1194 690 1417 742 Ἠπειρώτας
1437 692 1496 728 ὑπ’
1518 692 1623 728 αὐτοῦ
1643 693 1881 742 κρατηθῆναι,
1901 688 1958 727 ὅτε
1978 688 2039 733 τὰς
2063 689 2240 742 Γηρυόνου

1198 751 1276 799 βοῦς
1294 747 1510 791 συνελθόντες
1531 748 1682 800 [ἤθελον]
1698 748 1899 799 ἀφελέσθαι.
1917 747 2042 800 Χρόνῳ
2056 748 2086 786 δ’
2099 746 2239 800 ὕστερον

1195 806 1280 845 λαὸν
1295 805 1433 844 ἔποικον
1448 807 1556 844 ἐλθεῖν
1571 809 1609 845 ἐκ
1625 806 1806 859 Κορίνθου,
1825 806 1884 844 καὶ
1899 805 1976 850 τοὺς
1993 806 2139 858 πρόσθεν
2151 810 2241 845 ἀνα-

1197 864 1394 911 στήσαντας
1413 864 1629 916 Ἀμὸρακίαν
1647 865 1856 904 συνοικίσαι·
1875 864 2053 917 Κορίνθιοι
2066 864 2102 903 δὲ
2117 865 2243 909 πάντες

1197 923 1282 962 εἰσὶν
1305 925 1361 976 ἀφ’
1386 923 1613 976 Ἡρακλέους.
1630 923 1671 963 Ἃ
1689 923 1873 968 διακούσας
1890 926 1908 962 ὃ
1927 923 2133 976 Κραγαλεὺς
2153 924 2243 975 ἔγνω

1197 981 1259 1028 τὴν
1288 982 1389 1020 πόλιν
1418 981 1632 1035 ίἩρακλέους
1654 975 1754 1022 εἶναι.
1784 982 1959 1021 Ἀπόλλων
1985 982 2020 1020 δὲ
2037 985 2117 1021 κατ’
2137 982 2244 1035 ὀργὴν

1200 1040 1375 1093 ἁψάμενος
1389 1042 1493 1078 αὐτοῦ
1505 1043 1548 1091 τῇ
1557 1039 1661 1092 χειρὶ,
1675 1039 1799 1092 πέτρον
1809 1039 1982 1087 ἐποίησεν,
1991 1037 2117 1092 ἵναπερ
2125 1039 2242 1087 εἱστή-

1199 1114 1265 1138 κει.
1277 1097 1310 1137 'A
1318 1098 1540 1150 μὸρακιῶται
1557 1097 1592 1136 δὲ
1611 1098 1800 1136 Ἀπόλλωνι
1818 1097 1879 1147 μὲν
1890 1097 2163 1150 σωτῆριθύουσι,
2179 1098 2242 1145 τὴν

1201 1156 1235 1195 δὲ
1249 1156 1349 1210 πόλιν
1360 1155 1574 1209 Ἡρακλέους
1584 1156 1643 1194 καὶ
1653 1158 1720 1194 τῶν
1741 1156 1870 1194 ἐκείνου
1882 1155 2015 1194 παίδων
2027 1155 2241 1206 νενομίκασι.

1203 1216 1386 1267 Κραγαλεῖ
1405 1215 1440 1253 δὲ
1463 1214 1551 1264 μετὰ
1571 1214 1633 1261 τὴν
1660 1214 1780 1267 ἑορτὴν
1803 1213 1864 1260 τὴν
1885 1214 2099 1267 Ἡρακλέους
2117 1213 2244 1266 ἔντομα

1201 1273 1336 1312 θύουσιν
1362 1274 1444 1325 ἄχρι
1464 1276 1536 1312 νῦν,

1255 1335 1416 1370 Aliunde
1437 1334 1482 1370 de
1500 1334 1698 1369 Athanada
1714 1346 1791 1369 non
1807 1341 1967 1371 constat.
1987 1335 2082 1370 Eum
2098 1346 2175 1370 non
2189 1334 2246 1370 di-

1199 1406 1349 1429 versum
1381 1405 1458 1428 esse
1485 1392 1532 1427 ab
1561 1393 1731 1437 Athana,
1752 1393 1895 1428 Rerum
1916 1393 2127 1428 Sicularum
2152 1394 2246 1428 scri-

1199 1459 1308 1499 ptore
1319 1479 1328 1496 ,
1346 1450 1501 1496 conjicit
1514 1451 1834 1494 Westmmannus,
1851 1463 1973 1498 neque
1994 1450 2034 1486 id
2049 1451 2244 1499 improba-

1199 1511 1340 1546 biliter.
1365 1511 1472 1547 Certe
1489 1511 1651 1546 solennis
1668 1517 1723 1545 est
1738 1511 1994 1558 patronymici
2015 1517 2052 1546 et
2069 1510 2247 1558 simplicis

1199 1571 1361 1605 nominis
1376 1569 1562 1605 confusio.
1583 1571 1627 1604 In
1651 1569 1778 1604 Sicilia
1795 1575 1831 1603 et
1848 1569 2050 1604 Ambracia
2066 1581 2124 1604 res
2141 1575 2248 1604 erant

1200 1629 1496 1664 Corinthiorum.
1518 1648 1570 1654 —
1591 1627 1736 1662 Bastius
1754 1627 1959 1663 Athanadae
1982 1639 2121 1663 nomen
2138 1628 2247 1663 resti-

1178 1710 1182 1712 -
1201 1688 1254 1722 tui
1274 1688 1395 1723 voluit
1411 1686 1514 1735 apud
1533 1686 1709 1721 Parthen.
1731 1687 1836 1721 Erot.
1859 1699 1892 1721 c.
1918 1686 1977 1730 13,
2000 1686 2067 1721 ubi
2087 1686 2134 1721 de
2151 1687 2248 1721 Har-

1200 1747 1354 1794 palyces
1374 1746 1530 1780 historia
1561 1744 1737 1780 laudatur
1756 1742 1946 1786 Δεκτάδας.
1975 1746 2120 1780 Locum
2139 1744 2242 1780 hunc

1202 1805 1373 1840 dedimus
1392 1805 1430 1839 in
1446 1803 1664 1844 Dieuchidae
1681 1803 1813 1851 fragm.
1837 1816 1850 1837 1
1861 1816 1895 1838 2.

1256 1982 1531 2041 ATHENAEUS
1547 2016 1608 2052 ap.
1622 2003 1780 2039 niodor.
1799 2004 1857 2045 11,
1877 2014 1947 2046 20,
1967 2002 2014 2038 de
2030 2001 2248 2038 Semirami-

1203 2062 1260 2097 dis
1279 2062 1436 2098 historia
1463 2061 1651 2099 laudatur.
1675 2064 1718 2099 V.
1747 2062 1908 2098 Dinonis
1927 2060 1973 2096 fr.
1999 2073 2012 2095 1
2031 2087 2040 2104 ‚
2071 2067 2162 2097 tom.
2186 2059 2224 2095 lI
2237 2092 2249 2111 ‚

1202 2133 1241 2169 p.
1262 2121 1327 2169 89.

1205 2463 1348 2503 tempore
1360 2462 1524 2494 Phalaecus
1535 2461 1724 2502 (Phaylus)
1736 2460 1904 2501 tyrannide
1917 2460 2028 2492 urbem
2039 2460 2206 2501 pressisset
2214 2468 2252 2492 ac

1203 2516 1332 2555 propter
1340 2516 1463 2547 metum
1474 2523 1568 2546 nemo
1578 2514 1689 2546 tollere
1697 2523 1771 2546 eum
1780 2514 1888 2545 suisset
1902 2522 2010 2552 ausus,
2019 2522 2052 2545 se
2064 2513 2192 2545 venanti
2202 2514 2252 2553 ty-

1204 2576 1303 2599 ranno
1319 2568 1460 2600 catulum
1474 2567 1573 2600 leonis
1589 2566 1788 2606 exhibuisse,
1809 2575 1904 2606 quem
1927 2575 2028 2606 quum
2044 2566 2119 2598 isin
2138 2573 2254 2597 manus

1203 2620 1397 2660 sumpsisset,
1406 2621 1542 2652 leaenam
1552 2620 1686 2651 matrem
1694 2627 1712 2651 e
1719 2619 1795 2651 silva
1805 2621 2026 2658 erumpentem
2037 2619 2120 2650 sacto
2131 2617 2252 2658 impetu

1204 2674 1331 2712 pectora
1361 2671 1495 2703 Phalaeci
1520 2671 1696 2702 dilaniasse.
1727 2673 1811 2702 Tum
1839 2670 2061 2702 Ambraciotas
2087 2668 2252 2702 servitutis

1203 2732 1337 2755 excusso
1359 2724 1434 2763 jugo
1462 2723 1596 2754 Dianam
1626 2722 1801 2762 principem
1827 2723 1982 2761 placasse,
2010 2722 2043 2755 et
2078 2720 2254 2753 venatricis

1204 2778 1314 2808 Dianae
1332 2776 1539 2807 simulacrum
1557 2775 1683 2814 secisse,
1701 2775 1751 2806 cui
1770 2775 1869 2806 seram
1883 2783 2005 2807 aeneam
2019 2774 2251 2815 apposuissent.

1205 2829 1355 2861 Hercules
1367 2828 1504 2868 denique
1518 2837 1618 2867 quum
1632 2827 1834 2859 Ambraciam
1846 2831 1915 2860 tum
1925 2827 2106 2858 universam
2117 2826 2251 2866 Epirum

1205 2881 1244 2912 ad
1252 2889 1284 2912 se
1293 2881 1448 2920 pertinere
1455 2879 1642 2911 ostendebat
1652 2892 1658 2910 ι
1668 2888 1742 2911 nam
1751 2880 1858 2912 Celtas
1867 2881 1905 2920 (ἓ)
1917 2881 1949 2911 et
1961 2879 2106 2912 Chaones
2115 2879 2147 2910 et
2155 2878 2253 2910 Thes-

1203 2934 1313 2972 protos
1330 2932 1362 2963 et
1385 2932 1549 2963 universos
1574 2931 1720 2970 Epirotas
1736 2931 1819 2962 bello
1831 2954 1839 2969 ,
1866 2930 1952 2970 quod
1973 2930 2166 2969 intulissent,
2184 2938 2203 2960 a
2219 2938 2253 2961 se

1204 2984 1352 3016 subactos
1364 3007 1372 3022 ,
1399 2991 1463 3023 quo
1487 2983 1630 3022 tempore
1653 2981 1829 3021 conjunctis
1850 2980 1971 3012 viribus
1995 2980 2057 3012 sibi
2072 2980 2172 3012 boves
2187 2982 2251 3013 Ge-

1206 3036 1311 3076 ryonis
1322 3035 1461 3067 adimere
1482 3035 1585 3067 essent
1599 3034 1744 3074 aggressi.
1767 3034 1939 3074 Aliquanto
1953 3034 2023 3073 post
2039 3032 2170 3064 colonos
2185 3034 2250 3064 Co-

1205 3088 1311 3120 rintho
1324 3087 1463 3125 venisse,
1478 3086 1532 3126 qui
1542 3109 1551 3124 ,
1567 3085 1723 3126 prioribus
1738 3085 1914 3116 Ambraciae
1930 3084 2040 3116 incolis
2057 3083 2177 3124 ejectis,
2193 3084 2250 3123 ipsi

1206 3139 1318 3171 urbem
1332 3139 1541 3178 occupassent
1553 3147 1560 3167 2
1574 3137 1662 3177 atqui
1672 3145 1783 3168 omnes
1795 3135 1976 3169 Corinthios
1986 3143 2052 3167 esse
2063 3135 2104 3166 ab
2117 3135 2252 3167 Hercule

1206 3194 1302 3224 ortos.
1323 3192 1379 3223 llis
1401 3190 1537 3229 auditis,
1563 3190 1737 3228 Cragaleus
1759 3190 1872 3221 urbem
1890 3188 2017 3221 Herculi
2045 3187 2249 3228 adjudicavit.

1207 3248 1406 3285 Quapropter
1420 3244 1518 3275 iratus
1531 3243 1643 3283 Apollo
1656 3252 1752 3274 manu
1771 3244 1902 3282 tangens
1914 3250 1989 3273 eum
2005 3241 2037 3272 in
2049 3250 2163 3272 saxum
2179 3250 2252 3272 mu-

1206 3297 1334 3328 taviteo
1347 3305 1411 3336 quo
1426 3296 1557 3326 steterat
1569 3294 1650 3326 loco.
1668 3295 1880 3326 Ambraciotae
1900 3302 1976 3324 vero
1986 3292 2164 3324 sacrificant
2179 3293 2252 3332 qui-

1207 3349 1280 3380 dem
1298 3347 1433 3388 Apollini
1449 3346 1620 3386 servatori,
1636 3347 1749 3378 urbem
1762 3347 1871 3377 tamen
1886 3344 2030 3376 Herculis
2042 3353 2110 3376 esse
2120 3343 2252 3384 ejusque

1208 3401 1381 3433 liberorum
1391 3401 1585 3439 statuerunt,
1597 3402 1629 3431 et
1643 3400 1712 3439 post
1726 3399 1841 3432 festum
1853 3397 1998 3431 Herculis
2007 3398 2038 3429 in
2053 3397 2138 3429 hunc
2152 3405 2252 3438 usque

1176 3488 1181 3492 Α
1209 3453 1292 3485 diem
1308 3452 1460 3493 Cragalco
1473 3452 1546 3484 exta
1561 3451 1708 3484 offerunt.
