2372 3704
729 229 946 270 MYRSILI
976 206 1308 269 METHYMNAEl‘
1339 214 1672 268 FRAGMENTA.

119 304 290 358 τρέφοντι.
309 301 414 343 Ἀλλὰ
431 301 490 341 καὶ
509 301 565 339 ὑπ’
586 301 810 354 Ἀντιπάτρου
826 300 981 352 πεμφθὲν
998 299 1046 350 μὴ
1063 315 1171 352 προσ-

121 364 239 414 έσθαι,
271 361 317 415 ὥς
336 377 422 416 φησι
444 359 670 414 Μυρωνιανὸς
696 361 731 398 ἐν
752 359 922 411 Ὁμοίοις.
951 359 1022 398 Καὶ
1046 361 1171 411 χρυσῷ

121 421 280 475 στεφάνῳ
295 421 485 472 τιμηθέντα
509 419 567 458 ἐπ’
593 418 688 470 ἄθλῳ
711 417 927 462 πολυποσίας
957 423 1025 461 τοῖς
1056 419 1172 457 Χοῧσι

120 480 218 533 παρὰ
236 478 422 534 Διονυσίῳ,
440 478 573 524 ἐξιόντα
591 482 699 517 θεῖναι
715 476 800 531 πρὸς
817 477 875 516 τὸν
887 476 1069 529 ἱδρυμένον
1085 476 1174 529 ‘Ep-

121 542 208 592 μῆν,
230 538 378 593 ἔνθαπερ
397 538 528 577 τιθέναι
545 537 605 576 καὶ
624 535 703 580 τοὺς
720 535 875 580 ἀνθινοὺς
893 535 1017 575 εἰώθει.

629 637 651 676 4
665 662 667 664 ,

443 729 473 764 Ε
501 727 654 764 LIBRO
681 725 852 763 PRIMO.

177 822 287 860 Idem
302 824 367 868 IV,
394 825 454 867 14,
470 821 516 858 de
528 820 665 857 eodem
689 833 696 855 :
720 818 893 864 Ἀθηναῖοι
909 816 937 855 δ’
958 815 1053 867 ὅμως
1071 816 1175 854 αὐτὸν

125 879 209 918 ὄντα
222 883 376 918 τοιοῦτον
392 877 606 930 ἐπίπρασκόν
624 892 724 928 ποτε,
739 876 778 915 τὸ
794 875 967 927 μετοίκιον
985 877 1176 914 ἀτονοῦντα

125 940 246 978 θεῖναι.
272 938 343 978 Καὶ
364 937 467 976 αὐτὸν
480 939 620 976 ὠνεῖται
639 935 841 990 Δημήτριος
861 938 878 974 ὁ
894 934 1101 988 Φαληρεὺς,
1118 933 1177 972 καὶ

124 997 287 1051 ἑκάτερον
316 998 599 1044 ἀποκατέστησε·
631 995 844 1048 Ξενοκράτει
865 993 927 1045 μὲν
947 994 1010 1040 τὴν
1037 995 1176 1032 ἐλευθε-

126 1057 216 1109 ρίαν,
234 1057 426 1104 Ἀθηναίοις
447 1056 482 1095 δὲ
503 1057 542 1095 τὸ
560 1055 742 1107 μετοίκιον.
762 1056 876 1094 Τοῦτό
893 1068 978 1108 φησι
994 1055 1176 1105 Μυρωνια-

125 1116 180 1160 νὸς
192 1118 210 1154 ὁ
226 1115 475 1169 Ἀμαστριανὸς
493 1118 526 1155 ἐν
541 1117 592 1169 τῷ
602 1114 731 1168 πρώτῳ
745 1116 812 1152 τῶν
831 1113 1032 1165 Ἱστορικῶν
1049 1111 1177 1163 ἂμοίων

125 1174 336 1228 κεφαλαίων.

635 1256 670 1293 5.

420 1357 489 1394 EX
517 1357 690 1394 EODEM
718 1356 883 1393 LtBRO.

179 1452 287 1489 Idem
303 1453 348 1498 V,
370 1451 432 1497 36,
445 1451 493 1487 de
514 1451 777 1500 Theophrasto
808 1462 817 1485 ι
847 1447 1005 1500 Φέρεται
1026 1447 1054 1485 δ’
1075 1448 1179 1485 αὐτοῦ

126 1509 186 1547 καὶ
205 1510 325 1552 δοῦλος
354 1507 557 1561 φιλόσοφος,
583 1507 695 1558 ὄνομα
728 1507 940 1557 Πομπύλος,
970 1507 1061 1544 καθά
1094 1515 1180 1558 φησι

127 1567 358 1621 Μυρωνιανὸς
378 1567 630 1620 Ἀμαστριανὸς
655 1568 688 1605 ἓν
710 1569 760 1620 τῷ
785 1566 915 1619 πρώτῳ
934 1568 1002 1604 τῶν
1024 1565 1180 1616 “Ομοι’ων

129 1629 312 1680 ἱστορικῶν
339 1627 553 1681 κεφαλαίων.

638 1710 674 1748 6.

181 1797 288 1834 Idem
303 1798 354 1843 X,
375 1796 410 1842 3,
428 1797 476 1834 de
494 1797 660 1846 Epicuro
683 1809 691 1831 z
716 1793 1015 1847 Συνεφιλοσόφουν
1037 1794 1066 1832 δ’
1085 1795 1182 1847 αὐτῷ

129 1854 404 1908 προτρεψαμένῳ
422 1857 482 1893 καὶ
507 1856 538 1892 οἱ
565 1852 708 1907 ἀδελφοὶ
730 1855 821 1905 τρεῖς
849 1852 966 1903 ὄντες,
1000 1854 1180 1900 Νεοκλῆς,

131 1912 373 1965 Χαιρέδημος,
415 1912 698 1964 Ἀριστόὸουλος,
735 1911 826 1950 καθά
863 1927 948 1963 φησι
980 1911 1185 1961 Φιλόδημος

128 1974 148 2009 ὁ
166 1971 405 2023 Ἐπικούρειος
422 1974 456 2010 ἐν
484 1973 534 2024 τῷ
552 1971 687 2023 δεκάτῳ
712 1973 773 2017 τῆς
794 1973 862 2009 τῶν
887 1970 1084 2023 φιλοσόφων
1102 1986 1184 2008 συν-

130 2029 277 2074 τάξεως·
296 2029 387 2068 ἀλλὰ
407 2029 468 2068 καὶ
497 2031 614 2073 δοῦλος
641 2032 719 2072 Μῦς
742 2029 870 2080 ὄνομα,
887 2030 980 2067 καθά
999 2045 1084 2082 φησι
1100 2031 1184 2068 Μυ-

132 2090 296 2142 ρωνιανὸς
313 2092 347 2128 ἐν
364 2089 520 2139 Ὁμοίοις
544 2092 730 2143 ἱστορικοῖς
758 2089 970 2143 κεφαλαίοις.
994 2092 1105 2127 Hunc
1123 2092 1184 2126 lo-

85 2166 89 2169 ·
131 2163 220 2186 eum
245 2164 333 2187 cum
360 2151 607 2188 antecedente
638 2151 895 2200 compositum
916 2150 1025 2186 fuisse
1053 2151 1185 2186 titulus

132 2211 259 2259 operis
277 2210 422 2249 suadet.

530 2322 766 2340 w

185 2417 332 2462 MYES,
351 2417 491 2466 scripta
505 2417 668 2466 Hippyis
681 2417 845 2465 Rhegini
860 2417 899 2452 in
917 2414 1186 2465 compendium

98 2482 104 2491 ·
132 2474 298 2525 redegit,
317 2483 475 2512 testante
494 2476 611 2512 Suida
625 2489 662 2514 V.
680 2471 828 2518 Ἵππυς.

560 2626 778 2643 *Ἀφ’-

134 2806 222 2847 ginta
234 2806 331 2842 minis
344 2806 455 2839 Atticis
470 2807 630 2847 reliquum
645 2808 820 2848 remiserit,
838 2807 948 2840 dicens
965 2808 1010 2840 illi
1026 2817 1107 2849 opus
1123 2817 1191 2840 esse

135 2858 301 2900 pluribus,
324 2859 379 2899 qui
403 2859 512 2900 plures
531 2859 691 2901 nutriret.
715 2859 764 2891 Ab
790 2860 960 2900 Antipatro
982 2869 1113 2901 quoque
1132 2861 1191 2892 sibi

136 2910 265 2942 missam
283 2911 449 2951 pecuniam
477 2920 543 2942 non
568 2911 727 2952 accepisse
746 2913 955 2952 Myronianus
980 2913 1012 2944 in
1026 2913 1191 2945 similibus

133 2965 282 2996 testatur.
315 2965 441 2996 corona
455 2973 585 3005 quoque
598 2974 695 2997 aurea
711 2964 866 2997 donatum
890 2966 920 2997 iu
942 2966 1070 2999 bibendi
1087 2969 1190 2999 certa-

137 3015 224 3048 mine
242 3016 369 3048 Choum
385 3015 464 3047 festo
481 3016 565 3056 apud
583 3016 792 3058 Dionysium,
813 3026 831 3050 e
849 3019 999 3050 convivio
1019 3021 1191 3052 exeuntem

135 3079 205 3101 eam
220 3071 294 3101 ante
310 3069 460 3101 Mercurii
477 3071 618 3102 statuam
634 3071 835 3112 deposuisse,
858 3072 913 3104 ubi
931 3071 1046 3104 {loreas
1061 3081 1191 3114 quoque

137 3129 270 3153 coronas
283 3130 401 3162 ponere
413 3121 524 3154 solitus
536 3123 616 3154 erat.

651 3198 687 3230 4.

179 3267 221 3298 At
235 3266 286 3297 vel
304 3266 350 3297 sic
370 3267 479 3298 tamen
503 3267 711 3300 Athenienses
738 3268 836 3301 talem
853 3270 958 3300 virum
971 3293 980 3308 ,
1003 3277 1106 3309 quum
1131 3269 1190 3300 ali-

138 3319 267 3360 quando
281 3320 510 3360 inquilinorum
524 3321 684 3352 tributum
702 3322 881 3362 persolvere
897 3331 961 3353 non
975 3323 1097 3362 posset,
1112 3331 1191 3353 ven-

138 3372 298 3404 diderunt.
321 3375 402 3404 Eum
422 3373 603 3406 Demetrius
627 3374 798 3407 Phalereus
823 3376 901 3407 emit
917 3377 948 3407 et
971 3375 1101 3415 utrique
1122 3384 1192 3407 suc⁴

140 3424 238 3455 currit
254 3437 261 3455 z
278 3425 448 3459 Xenocrati
469 3425 554 3457 euim
572 3425 751 3458 libertatem
764 3427 900 3459 restituit
912 3452 919 3463 ‚
948 3427 1193 3460 Atheniensibus

2204 237 2282 270 ⁴55

1244 358 1246 360 ’
1276 357 1644 425 MYRSILUS
1684 367 2239 426 METHYMNAEUS.

1289 514 1471 563 Stephan.
1503 514 1591 561 Byz.
1614 524 1630 550 2:
1667 510 1867 561 Μήθυμνα,
1902 512 2000 555 πόλις
2035 513 2068 550 ἐν
2095 512 2221 566 Λέσὲῳ
2243 517 2287 566 τῇ

1236 568 1383 622 νήσῳ...
1396 569 1442 609 ‘O
1459 569 1604 616 πολίτης
1624 571 1867 620 Μηθυμναῖος·
1882 569 1990 613 οὕτως
2006 571 2073 620 γὰρ
2091 572 2289 624 ἀναγράφε-

1237 643 1294 666 ται
1306 627 1562 681 Ἐχεκρατίδης
1570 627 1856 681 περιπατητικὸς,
1865 627 2120 680 Ἀριστοτέλους
2129 630 2289 676 συνήθης,

1237 686 1298 725 καὶ
1328 686 1558 738 Μυρσίλος
1588 686 1867 740 συγγραφεὺς
1887 687 1947 724 καὶ
1968 687 2090 739 Ἀρίων
2116 688 2174 726 καὶ
2193 688 2292 726 ἄλλοι

1240 745 1363 784 πολλοὶ
1396 747 1639 794 Μηθυμναῖοι.
1675 749 1826 783 Lesbius
1859 749 2034 796 Myrsilus
2079 749 2292 796 appellatur

1238 805 1285 843 fr.
1314 818 1350 841 2.
1385 809 1421 848 4.
1460 818 1497 851 7.
1534 819 1573 855 9.
1610 819 1671 844 12.
1706 807 1834 843 Alium
1860 807 2059 854 Myrsilum
2091 807 2267 842 Lesbium
2280 833 2290 851 ,

1237 865 1539 912 Mytilenaeorum
1554 872 1771 913 tyrannum,
1787 867 1963 901 novimus
1974 878 2018 901 ex
2037 866 2163 902 Alcaeo
2178 873 2294 914 poeta

1239 923 1342 972 apud
1357 924 1579 960 Athenaeum
1593 925 1645 969 X,
1660 938 1702 974 p.
1722 925 1810 972 430,
1828 926 1870 970 E,
1885 930 1922 961 et
1938 925 2163 961 Strabonem
2180 925 2290 971 XIII,

1238 995 1276 1030 p.
1299 982 1389 1028 617.
1424 982 1606 1021 Conferre
1630 985 1747 1019 etiam
1768 983 1876 1031 juvat
1896 984 2126 1020 Candaulem
2146 996 2293 1033 regem,

1239 1042 1354 1089 Myrsi
1372 1042 1418 1091 f.,
1437 1039 1493 1078 τὸν
1511 1042 1540 1078 οἷ
1561 1041 1736 1088 υΕλληνες
1760 1042 1942 1094 Μυρσίλον
1972 1042 2180 1094 (Μυρσῒλον
2199 1056 2234 1081 v,
2254 1044 2294 1089 l.)

1239 1098 1459 1149 ὀνομάζουσι,
1474 1113 1537 1149 ap.
1570 1100 1757 1139 Herodot.
1790 1103 1826 1147 I,
1854 1115 1872 1148 7
1892 1101 1976 1151 (ubi
2005 1115 2042 1138 ν.
2073 1102 2240 1150 Baehn),
2260 1110 2298 1137 et

1241 1157 1418 1210 Μυρτίλον
1447 1159 1667 1210 (Μυρτῖλον,
1692 1158 1872 1213 Μύρτιλον
1890 1175 1926 1200 ν.
1954 1162 2026 1210 1.),
2059 1160 2205 1209 Myrtus
2240 1162 2296 1196 vel

1240 1219 1458 1256 Phaethusae
1475 1219 1500 1255 s.
1525 1220 1667 1269 (schol.
1683 1221 1754 1269 Ap.
1774 1220 1904 1258 Rhod.
1924 1220 1957 1265 Ι,
1980 1219 2094 1268 752),
2110 1221 2298 1256 OEnomai

1241 1281 1411 1329 aurigam
1423 1306 1433 1325 ,
1453 1279 1558 1327 cujus
1574 1293 1671 1329 saepe
1690 1280 1905 1316 fabularum
1921 1280 2172 1328 explicatores
2191 1291 2295 1314 men·

1242 1340 1383 1374 tionem
1404 1338 1560 1375 faciunt.
1584 1340 1641 1374 De
1658 1339 1812 1385 Myrtilo
1827 1346 1942 1386 poeta
1976 1341 2114 1374 comico
2140 1350 2176 1374 V.
2199 1337 2298 1372 Mei-

1242 1398 1396 1433 nekium
1416 1398 1455 1432 in
1474 1397 1570 1435 Hist.
1591 1398 1675 1435 crit.
1706 1409 1805 1434 com.
1829 1410 1870 1445 p.
1911 1410 1996 1434 100.
2015 1397 2143 1433 Alium
2159 1397 2298 1443 Myrti-

1244 1457 1318 1491 lum
1343 1456 1562 1491 Thessalum
1579 1464 1730 1503 poetam
1742 1446 1871 1491 *habes
1894 1468 1956 1505 ap.
1983 1455 2120 1492 Athen.
2143 1468 2182 1503 p.
2212 1454 2298 1499 108,

1243 1517 1296 1560 D3
1317 1514 1410 1562 566,
1431 1516 1481 1560 F3
1506 1513 1598 1559 568,
1620 1516 1662 1550 E.
1687 1514 1800 1561 Quod
1827 1516 2053 1563 scripturam
2077 1514 2243 1549 nominis
2262 1514 2299 1548 in

1244 1573 1460 1622 fragmentis
1470 1575 1606 1609 nostris
1618 1575 1763 1619 attinet,
1777 1572 1955 1623 Μυρσίλον
1967 1582 2070 1610 recte
2079 1574 2194 1609 habes
2205 1573 2249 1609 fr.
2264 1586 2276 1608 1
2288 1600 2298 1617 ‚

1246 1646 1282 1669 2.
1305 1634 1339 1670 3.
1364 1646 1398 1679 7.
1419 1632 1454 1668 8.
1475 1646 1499 1681 9
1543 1646 1602 1668 11.
1634 1632 1695 1668 13.
1727 1630 1990 1683 Ῑ7;Μυρτίλον
2011 1633 2090 1670 sch.
2129 1634 2203 1680 Ap.
2222 1632 2297 1667 Rh.

1245 1693 1290 1730 fr.
1315 1705 1357 1738 73
1381 1692 1573 1729 Plutarch.
1601 1692 1649 1730 fr.
1687 1704 1753 1737 123
1786 1692 1935 1728 Arnob.
1968 1692 2013 1730 fr.
2045 1696 2065 1735 4
2081 1705 2091 1736 3
2124 1689 2302 1741 Μυρτῖλον

1246 1756 1330 1792 cod.
1355 1757 1472 1792 Paris.
1503 1756 1622 1791 schol.
1647 1757 1720 1804 Ap.
1740 1755 1786 1793 fr.
1808 1769 1850 1801 73
1874 1755 2051 1807 Μυρσῒλος
2076 1756 2151 1792 cod
2188 1756 2299 1791 Phot.

1246 1815 1292 1851 fr.
1317 1828 1360 1861 7;
1381 1816 1557 1866 Μυρσῖνος
1573 1815 1620 1853 fr.
1648 1827 1717 1859 103
1737 1811 1950 1862 Μύσιμδλος
1968 1815 2014 1850 fr.
2040 1814 2075 1851 3.

1301 1875 1405 1909 Inter
1424 1886 1489 1909 eos
1513 1874 1579 1921 qui
1598 1873 1739 1920 scripta
1757 1874 1907 1920 Myrsili
1925 1874 2062 1917 citant,
2087 1873 2303 1920 antiquissi-

1245 1946 1329 1969 mus
1346 1940 1398 1969 est
1416 1933 1628 1981 Antigonus
1642 1931 1833 1979 Carystius
1850 1931 1916 1980 (fr.
1939 1945 1974 1978 7.
1993 1932 2027 1968 8.
2047 1931 2107 1981 9).
2131 1933 2166 1967 1s
2186 1944 2303 1979 quum

1248 1993 1424 2028 extremis
1450 1991 1643 2027 Ptolemaei
1677 1991 1896 2039 Euergetae,
1937 1991 1997 2026 vel
2025 1992 2138 2026 etiam
2172 1991 2304 2038 primis

1247 2053 1302 2087 l‘t.
1318 2051 1573 2099 Philopatoris
1584 2050 1819 2098 temporibus
1833 2049 2034 2085 scribendo
2052 2050 2177 2085 adhuc
2193 2062 2305 2084 occu-

1245 2117 1354 2158 patus
1371 2117 1463 2146 esset
1489 2109 1543 2158 (V.
1567 2109 1734 2147 Clinton.
1752 2108 1798 2145 F.
1822 2109 1870 2145 H.
1899 2108 1948 2144 ad
1963 2121 1998 2145 a.
2017 2107 2128 2157 225),
2151 2108 2304 2155 Stepha-

1246 2182 1316 2204 nus
1343 2182 1436 2204 vero
1466 2169 1662 2216 Myrsilum
1688 2175 1875 2210 memoret
1905 2174 1994 2215 post
2014 2167 2302 2204 Echecratidem

1247 2228 1460 2264 Aristotelis
1470 2227 1704 2272 familiarem,
1715 2226 1918 2275 probabile
1927 2233 1980 2261 est
1988 2227 2118 2262 vixisse
2126 2228 2303 2262 Nostrum

1248 2287 1317 2322 sub
1338 2287 1543 2322 Ptolemaeo
1562 2287 1687 2334 primo
1704 2286 1764 2321 vel
1783 2285 1966 2321 secundo.
1987 2284 2047 2320 Ad
2066 2285 2304 2334 Philadelphi

1248 2353 1394 2381 aetatem
1411 2344 1652 2380 referendum
1673 2356 1749 2380 esse
1763 2345 1976 2392 suspicatur
1995 2344 2304 2379 Westermannus

1249 2405 1288 2439 in
1305 2403 1563 2452 Paradoxogr.
1581 2403 1686 2452 praef.
1704 2416 1742 2452 p.
1762 2414 1877 2439 xxm.

1304 2463 1462 2511 Scripsit
1495 2459 1681 2499 Λεσὸιακά
1717 2469 1755 2498 et
1787 2458 1975 2509 Παράδοξα
2012 2458 2183 2509 ἱστορικά.
2218 2462 2306 2496 Haec

1248 2523 1360 2558 semel
1377 2521 1581 2557 laudantur
1608 2521 1652 2558 fr.
1677 2520 1722 2556 16
1736 2534 1746 2566 ;
1762 2521 1826 2556 illa
1847 2520 1926 2564 bis,
1950 2519 1997 2558 fr.
2017 2519 2039 2555 8
2060 2527 2097 2555 et
2114 2519 2157 2555 fr.
2180 2532 2199 2565 7
2213 2547 2222 2563 ,
2241 2519 2307 2554 ubi

1249 2593 1295 2617 ex
1315 2582 1441 2628 primo
1469 2593 1602 2616 eorum
1623 2581 1723 2616 libro
1748 2580 1930 2616 nonnulla
1954 2585 2215 2627 apponuntur.
2236 2579 2306 2614 Iis-

1249 2640 1337 2676 dem
1354 2640 1400 2676 de
1418 2639 1536 2675 rebus
1553 2639 1777 2676 Lesbiorum
1792 2639 2050 2674 voluminibus
2066 2638 2215 2685 reliqua
2239 2637 2308 2672 fra-

1249 2706 1401 2747 gmenta
1411 2706 1547 2747 praeter
1556 2711 1676 2734 unum
1686 2698 1878 2734 vindicavi
1895 2698 2022 2732 omnia
2032 2725 2041 2742 ,
2053 2697 2117 2732 etsi
2130 2703 2215 2731 sunt
2226 2708 2307 2743 quae

1250 2817 1327 2840 vero
1346 2808 1517 2840 tributum.
1535 2809 1602 2839 Hoc
1614 2808 1659 2839 ait
1683 2809 1892 2847 Myronianus
1917 2806 2137 2838 Amasti-ianus
2156 2805 2187 2837 in
2205 2805 2308 2847 primo

1251 2861 1402 2902 capitum
1416 2861 1642 2893 historicorum
1662 2860 1830 2892 similium.

1766 2925 1801 2958 5.

1292 2987 1406 3019 Fertur
1424 2973 1639 3026 Theophrasti
1655 2993 1766 3017 servus
1778 3009 1787 3026 ,
1805 2985 1978 3026 Pompylus
1996 2985 2144 3023 nomine,
2169 2983 2305 3024 philoso-

1251 3040 1335 3080 phus
1360 3039 1474 3078 fuisse,
1504 3039 1542 3070 ut
1560 3039 1658 3070 refert
1685 3038 1892 3079 Myrouianus
1918 3038 2139 3070 Amastrianus
2155 3037 2187 3068 iu
2205 3036 2307 3076 primo

1251 3092 1411 3126 Similium
1432 3092 1659 3124 historicorum
1676 3092 1829 3132 capitum.

1762 3153 1797 3186 6.

1294 3219 1527 3252 Consociarunt
1563 3227 1596 3251 se
1618 3219 1755 3259 Epicuro
1775 3218 1814 3249 ad
1840 3215 2130 3258 philosophandum
2149 3215 2215 3254 ipso
2235 3214 2306 3244 hor-

1252 3274 1339 3304 tante
1352 3273 1417 3303 tres
1430 3271 1527 3311 ipsius
1541 3271 1671 3312 fratres,
1687 3271 1821 3303 Neocles
1832 3294 1840 3309 ‚
1861 3269 2090 3302 Chaeredemus
2100 3269 2132 3298 et
2147 3266 2306 3299 Aristobu-

1253 3325 1319 3363 lus,
1333 3325 1371 3356 ut
1385 3324 1431 3355 ait
1451 3323 1656 3356 Philodemus
1674 3324 1850 3363 Epicureus
1864 3323 1894 3354 in
1911 3322 2038 3354 decimo
2060 3318 2305 3359 compositionis

1253 3375 1534 3416 philosophorum3
1552 3379 1663 3407 ser‘vus
1677 3374 1754 3406 item
1777 3374 1862 3405 illius
1884 3375 1954 3414 Mys
1976 3372 2122 3411 nomine,
2144 3372 2179 3401 ut
2197 3371 2302 3409 Myro-

1253 3427 1366 3459 uiauus
1382 3427 1477 3458 refert
1492 3427 1523 3458 iu
1540 3426 1702 3459 similibus
1716 3425 1873 3457 historicis
1889 3424 2054 3465 capitibus.
