2372 3704
682 186 859 234 NlClAE,
892 185 1050 226 NIClAE
1080 186 1336 227 MALEOTIS
1366 187 1695 227 FRAGMENTA.

108 272 150 318 ἓξ
169 272 346 316 Αἰαντίδος
362 272 563 327 Ἀφιδναῖοι,
582 272 764 325 Περρίδαι,
786 275 820 312 T
823 271 989 320 ιτακίδαι,
1006 273 1157 325 Θυργω-

114 332 217 370 νίδαι.
238 349 254 366 »

166 391 342 438 Ejusdem
377 388 591 440 Ἐξηγητικὰ
611 388 782 435 ,Ἀττικῆς
815 388 1000 428 διαλέκτου
1030 390 1160 426 laudat

116 451 396 498 Harpocration
418 463 455 486 v.
481 447 665 498 μέδιμνος,
697 449 863 499 βολεῶνες
883 447 969 499 (γ’),
987 450 1160 500 τριπτῆρα

115 506 218 557 (ις’),
237 506 528 559 ξηραλοιφεῖν(ιη’
542 507 570 557 ).
590 509 671 544 Alia
687 520 732 543 ex
749 507 886 544 eodem
901 509 961 544 vel
976 508 1161 544 similibus

113 565 293 613 operibus
320 565 484 602 afferunt
520 566 720 601 Athenaeus
739 578 779 613 p.
809 565 857 612 76
873 567 919 603 A.
949 565 993 602 81
1021 566 1061 604 C.
1087 569 1158 608 114

114 623 155 661 C.
175 623 251 660 320
280 621 324 659 C.
366 623 437 666 461
470 624 514 660 F.
547 627 624 671 479
653 623 693 661 C.
725 622 797 666 481
822 624 864 660 E.
891 623 966 667 485
998 636 1052 671 sq.
1088 621 1159 659 503

112 681 154 718 C.
172 681 249 727 678
266 683 306 719 F.
328 682 400 730 691
419 681 460 720 C.
480 681 606 718 Schol.
627 681 818 731 Aristoph.
839 683 908 729 Eq.
927 682 1015 726 406.
1032 682 1157 718 Schol.

113 740 208 779 Plat.
220 741 369 779 Charm.
387 741 428 789 p.
447 740 537 788 3¹9·

553 839 724 853 ο-Οον-

491 939 708 998 NICIA
725 939 780 996 S.

618 1088 653 1111 1.

494 1165 775 1204 ΑΡΚΑΔῙΚΑ.

166 1255 366 1292 Athenaeus
376 1254 493 1299 XIII,
507 1267 548 1303 p.
565 1254 655 1303 609,
674 1256 704 1290 E
723 1265 732 1292 :
748 1245 840 1292 Οἶδα
857 1250 892 1290 δὲ
906 1251 1060 1304 καὶπερὶ
1077 1252 1159 1290 κάλ-

111 1313 191 1356 λους
203 1313 374 1363 γυναικῶν
389 1311 507 1362 ἀγῶνά
529 1325 613 1349 ποτε
627 1310 838 1349 διατεθέντα·
858 1312 938 1363 περὶ
958 1305 996 1350 οἷ
1012 1313 1158 1363 ἱστορῶν

114 1370 239 1414 Νικίας
250 1372 283 1408 ἐν
300 1370 592 1421 τοῑςἈρκαδικοῒς
605 1369 772 1407 διαθεῖναί
785 1384 889 1421 φησιν
908 1369 1010 1408 αὐτὸν
1030 1369 1157 1422 Κύψε-

113 1430 186 1477 λον,
201 1428 301 1467 πόλιν
317 1430 486 1467 κτίσαντα
501 1430 536 1467 ἐν
555 1430 605 1480 τῷ
619 1427 727 1480 πεδίῳ
729 1427 841 1503 x'itt-:pi
844 1427 902 1466 τὸν
924 1427 1095 1480 Ἀλφειόν·
1110 1429 1158 1471 εἷς

111 1488 154 1535 ἢν
173 1487 421 1527 κατοικίσαντα
444 1487 657 1539 Παρρασίων
670 1486 764 1530 τινὰς
775 1516 785 1533 ,
803 1486 944 1536 τέμενος
958 1485 1018 1524 καὶ
1034 1486 1156 1539 βωμὸν

113 1547 309 1592 ἀναστῆσαι
325 1544 490 1598 Δήμητρι
503 1544 724 1598 Ἐλευσινία,
737 1539 812 1592 ἦς’
797 1560 831 1583 εν
843 1547 885 1596 τῇ
903 1547 1002 1596 ἑορτῇ
1020 1545 1080 1583 καὶ
1099 1545 1156 1583 τὸν

111 1608 172 1643 τοῦ
187 1604 335 1647 κάλλους
349 1606 466 1655 ἀγωνα
478 1603 692 1642 ἐπιτελέσαι·
707 1604 766 1641 καὶ
784 1606 924 1650 νικῆσαι
938 1605 1074 1654 πρῶτον
1090 1604 1157 1641 αὔ-

115 1678 174 1701 του
195 1662 258 1710 τὴν
287 1663 436 1723 γυναῖκα
451 1661 653 1715 Ηροδίκην.
676 1661 911 1701 Ἐπιτελεῖται
928 1661 962 1699 δὲ
979 1660 1039 1699 καὶ
1054 1661 1157 1714 μέχρι

114 1723 174 1759 νῦν
201 1722 256 1758 δ’
237 1719 331 1773 αγὼν
351 1724 464 1764 οὗτος·
481 1737 541 1759 και
561 1722 596 1759 αἱ
613 1719 864 1772 ἀγωνιζόμεναι
883 1724 1042 1771 γυναῖκες
1069 1736 1157 1773 χρυ-

112 1778 251 1832 σοφόροι
267 1779 508 1830 ὀνομάζονται.

165 1838 239 1886 Qui
263 1840 310 1875 sit
333 1840 439 1875 hicce
462 1839 607 1884 Nicias,
642 1840 837 1886 quaeritur.
869 1840 991 1886 Quem
1025 1840 1158 1875 ceteris

113 1897 205 1933 locis
223 1898 422 1934 Athenaeus
453 1898 600 1942 laudat,
627 1898 751 1933 Nicias
775 1904 829 1933 est
852 1895 1068 1943 Nicaeensis,
1091 1898 1157 1946 qui

115 1952 323 2007 Φιλοσόφων
344 1953 508 2005 διαδοχὰς
528 1956 688 2003 scripsit.

526 2067 732 2083 ⁴000—-

165 2146 292 2184 Schol.
313 2146 362 2182 ad
374 2147 531 2195 Dionys.
548 2147 694 2195 Perieg.
724 2158 800 2192 270
817 2157 826 2184 ι
845 2144 972 2189 Νικίας
990 2144 1028 2183 δέ
1051 2160 1155 2199 φησιν

113 2202 183 2241 ἀπό
194 2219 283 2246 τινος
300 2202 470 2256 Εὐρώπου
485 2202 544 2241 καὶ
558 2202 671 2241 Ἀσίου
684 2202 743 2240 καὶ
753 2203 881 2248 Λίὸυος
891 2218 943 2242 sc.
958 2208 1154 2255 cognomi-

111 2275 176 2300 nes
193 2270 309 2299 terras
329 2264 534 2312 appellatas
551 2275 643 2300 esse.

164 2322 334 2357 Eustath.
352 2321 401 2357 ad
420 2322 577 2369 Dionys.
604 2320 674 2366 175
696 2334 704 2356 ε
728 2318 855 2362 Νικίας
875 2319 912 2358 δέ
929 2319 979 2363 τίς
995 2335 1080 2373 φησι
1095 2320 1156 2365 τὰς

112 2378 203 2430 τρεῖς
215 2378 378 2430 ἠπείρους
398 2378 467 2416 ἀπό
484 2394 585 2416 τινων
607 2380 777 2425 κληθῆναι
795 2379 940 2431 ἀνδρῶν,
959 2378 1152 2431 Εὐρώπου,

113 2435 226 2475 Ἀσίου
247 2436 305 2474 καὶ
324 2436 465 2479 Λίὸυος.

165 2512 180 2529 «ι
201 2494 344 2542 Νικίας,
366 2509 479 2544 quem
500 2496 690 2532 diversum
716 2508 793 2532 esse
809 2503 904 2545 puto
927 2497 974 2532 ab
1001 2509 1155 2533 enarra-

114 2561 197 2590 tore
212 2555 439 2600 Homerico,
459 2567 595 2590 vereor
610 2567 657 2590 ne
669 2554 890 2591 scribendus
912 2555 960 2590 sit
974 2554 1153 2606 Νικάνωρ,

111 2624 226 2660 quem
250 2610 337 2662 Περὶ
370 2613 630 2660 μετονομασιῶν
667 2612 880 2649 disseruisse
913 2621 1058 2650 constat
1085 2627 1156 2663 per

111 2671 342 2718 Stephanum
358 2673 400 2706 Β.
418 2684 455 2706 v.
478 2668 588 2721 Πόρος
609 2678 646 2706 et
657 2666 754 2717 ε’Υδη
774 2679 810 2707 et
827 2673 965 2710 Athen.
987 2685 1027 2722 p.
1057 2673 1150 2721 296.

110 2728 166 2767 Cf.
182 2730 331 2772 Matter,
352 2720 508 2764 Ecoled
513 2729 710 2765 ’.Alexand
730 2729 812 2775 VII,
835 2741 874 2777 p.
893 2730 1013 2779 296.»
998 2731 1153 2768 »Emm-

111 2798 251 2823 nARDY.
270 2788 480 2824 Mutatione
502 2788 565 2822 vix
593 2799 712 2836 opuS,
735 2800 854 2835 quum
869 2789 1013 2824 Niciam
1031 2789 1153 2825 histo-

109 2846 233 2881 ricum
268 2846 329 2881 vel
373 2845 634 2894 geographum
672 2845 802 2882 laudet
849 2847 962 2882 etiam
1014 2848 1155 2884 Plinius

109 2903 308 2950 XXXVII,
321 2916 351 2942 s.
370 2917 385 2939 1
397 2917 411 2938 1
429 2903 451 2952 ᾗ
472 2916 506 2948 1,
526 2903 591 2939 ubi
606 2911 807 2952 postquam
823 2905 992 2952 Pytheae,
1009 2906 1151 2951 Timaei,

2113 201 2139 219 ¹⁸·
2190 195 2264 233 463

1221 282 1354 312 natura
1379 276 1511 312 electri
1540 276 1740 312 sententias
1764 284 2013 324 apposuerat,
2034 277 2142 314 addit
2167 291 2175 314 ε
2196 279 2268 314 Ni-

1221 337 1299 369 cias
1326 335 1411 370 solis
1432 335 1619 370 radiorum
1651 346 1795 369 succum
1824 336 1986 382 intelligi
2020 338 2153 372 voluit.
2189 338 2264 373 Has·

1221 395 1322 428 circa
1334 405 1502 428 occasum
1528 393 1644 427 credit
1663 392 1915 428 vehementius
1932 396 1968 428 in
1985 402 2120 430 terram
2142 403 2244 430 actos
2250 422 2262 439 ‚

1221 454 1398 499 pinguem
1416 452 1585 486 sudorem
1608 454 1647 486 in
1672 463 1718 486 ea
1737 459 1848 499 parte
1876 452 2016 487 Oceani
2036 453 2259 502 relinquere,

1223 510 1357 545 deinde
1370 510 1561 545 oestatibus
1574 513 1610 544 in
1627 510 1890 545 Germanorum
1907 511 2031 545 littora
2044 514 2144 556 ejici.
2166 512 2217 550 Et
2229 514 2267 546 in

1221 569 1384 616 AE'gypto
1402 571 1508 603 nasci
1519 568 1634 603 simili
1648 567 1756 602 modo
1770 575 1806 602 et
1817 570 1945 602 vocari
1964 567 2080 603 Sacal
2091 581 2100 603 .·
2127 572 2210 606 item
2229 573 2268 604 in

1221 627 1350 670 India,
1369 630 1582 674 gratiusque
1593 625 1698 661 thure
1709 638 1786 660 esse
1799 626 1921 663 Indis.
1934 627 1983 660 In
1997 626 2110 672 Syria
2127 639 2269 678 quoquc

1211 682 1385 730 seminas
1397 685 1602 720 verticillos
1623 684 1710 719 inde
1718 681 1856 729 facere
1868 691 1905 719 et
1920 695 2055 719 vocare
2069 683 2263 732 harpaga,

1221 746 1309 791 quia
1328 741 1436 789 folia
1457 751 1494 778 et
1519 743 1654 791 paleas
1685 745 1911 790 vestiumque
1930 742 2107 789 fimbrias
2130 745 2267 791 rapiat.

1223 802 1391 837 Fortasse
1408 791 1461 836 est
1480 801 1606 836 Nicias
1630 799 1827 844 Maleotes,
1850 800 1915 847 qui
1931 806 2067 848 praeter
2086 799 2158 835 alia
2180 796 2270 849 Περὶ

1221 857 1324 896 λίθων
1368 859 1510 894 librum
1550 859 1736 906 scripsisse
1778 858 2014 907 perhibetur.
2067 857 2269 895 Subtexam

1222 930 1304 966 quae
1324 930 1371 954 ex
1390 930 1435 954 eo
1450 917 1675 954 afferuntur.

1634 1039 1817 1055 —Qooo-

1397 1139 1637 1198 NICIAS
1675 1138 2088 1198 MALEOTES.

1272 1269 1463 1306 Plutarch.
1492 1269 1578 1304 Par.
1606 1267 1699 1303 min.
1731 1279 1764 1304 c.
1793 1266 1837 1302 13
1866 1279 1875 1302 :
1902 1263 2083 1317 Ἡρακλῆς
2109 1248 2187 1302 τοῦ.
2199 1263 2266 1304 Ἰό-

1227 1326 1290 1373 λης
1305 1326 1421 1378 γάμου
1438 1323 1640 1376 ἀποτυχὼν,
1672 1323 1734 1370 τὴν
1754 1322 1933 1375 Οἰχαλίαν
1953 1322 2157 1376 ἐπόρθησεν.
2174 1322 2221 1364 ‘H
2240 1322 2269 1361 δ’

1219 1383 1314 1430 Ἰόλη
1336 1384 1405 1421 ἀπὸ
1421 1387 1482 1421 τοῦ
1502 1383 1637 1434 τείχους
1654 1381 1790 1435 ἔρριψεν
1805 1380 1952 1428 ἑαυτήν·
1969 1380 2097 1428 συνέὸη
2118 1380 2172 1429 δὲ,
2187 1382 2269 1419 xo).-

1221 1442 1395 1490 πωθείσης
1413 1441 1480 1479 ὑπὸ
1499 1440 1628 1490 ἀνέμου
1647 1443 1710 1487 τῆς
1729 1442 1890 1488 ἐσθῆτος,
1909 1439 2016 1490 μηδὲν
2036 1442 2175 1490 παθεῖν,
2200 1454 2268 1478 κα-

1219 1501 1328 1553 θάπερ
1346 1502 1476 1552 ἱστορεῖ
1492 1499 1618 1542 Νικίας
1636 1498 1847 1546 Μαλεώτης.

1270 1561 1443 1597 Eundem
1452 1561 1599 1596 Niciam
1605 1560 1638 1595 ἐν
1649 1563 1718 1601 τοῖς
1730 1557 1819 1608 Περὶ
1827 1557 1931 1595 λίθων
1941 1558 2069 1595 laudat
2076 1558 2266 1597 Plutarch.

1217 1621 1274 1656 De
1287 1618 1376 1655 fluv.
1391 1632 1425 1656 c.
1443 1631 1493 1655 20
1509 1617 1567 1667 (et
1582 1617 1751 1654 Stobaeus
1763 1615 2118 1665 Florileg.C,12):
2136 1614 2268 1666 Παρά-

1221 1692 1334 1714 κειται
1351 1676 1380 1714 δ’
1402 1677 1497 1728 αὖτῳ
1516 1673 1782 1726 (Euphrati)''
1762 1689 1857 1726 ορος,
1873 1673 2072 1726 Δρίμυλλον
2090 1673 2268 1723 καλούμε-

1218 1750 1291 1773 νον·
1307 1736 1341 1772 ἐν
1365 1729 1393 1788 ᾧ
1409 1740 1570 1786 γεννᾶται
1589 1732 1701 1781 λίθος,
1730 1731 1925 1784 σαρδώνυχι
1950 1730 2159 1783 παρόμοιος,
2185 1734 2213 1783 ᾧ
2233 1734 2265 1770 οἱ

1220 1794 1375 1845 βασιλεῖς
1403 1794 1438 1831 ἐν
1458 1794 1535 1835 ταῖς
1564 1790 1755 1843 βασιλείαις
1774 1792 1947 1842 χρῶνται·
1966 1792 2061 1828 ποιεῖ
2085 1789 2114 1827 δ’
2132 1788 2258 1842 ἄριστα

1221 1850 1306 1903 πρὸς
1333 1849 1568 1901 ἀμὸλυωπίαν
1584 1851 1631 1892 εἷς
1646 1848 1738 1902 υδωρ
1757 1847 1882 1901 θερμὸν
1901 1847 2112 1900 βαλλόμενος
2124 1862 2132 1871 ·
2153 1846 2268 1891 καθὼς

1222 1909 1355 1961 ἱστορεῖ
1374 1908 1499 1952 Νικίας
1515 1910 1533 1946 ὃ
1552 1907 1752 1954 Μαλλώτης
1767 1908 1801 1944 ἐν
1815 1909 1886 1950 τοῖς
1904 1906 1992 1956 Περὶ
2007 1906 2136 1945 Λίθων.
2152 1909 2265 1944 Hunc

1221 1969 1375 2006 fortasse
1393 1982 1472 2004 non
1488 1969 1677 2004 diversum
1693 1980 1767 2003 esse
1782 1981 1800 2002 a
1814 1968 1921 2003 Nicia
1932 1967 2077 2003 Milesio
2092 1966 2242 2002 medico
2253 1994 2264 2015 ‚

1218 2027 1266 2063 ad
1284 2040 1397 2076 quem
1415 2027 1608 2063 Theocrit.
1627 2026 1738 2074 Idyll.
1756 2026 1815 2061 XI
1834 2037 1863 2062 s,
1881 2025 2086 2073 Cyclopem
2098 2025 2259 2073 scripsit,

1219 2087 1361 2134 quique
1384 2087 1463 2134 ipse
1493 2086 1716 2134 poemation
1743 2083 1791 2119 de
1807 2083 1985 2131 Cyclopis
2003 2083 2197 2119 amoribus
2215 2081 2264 2119 ad

1217 2145 1460 2180 Theocritum
1478 2143 1736 2191 rescripserat,
1757 2143 1936 2190 opinatur
1954 2141 2150 2177 Fabricius
2160 2141 2200 2175 in
2220 2141 2262 2178 B.

1217 2201 1279 2238 Gr.
1295 2203 1345 2247 11,
1361 2215 1403 2250 p.
1427 2201 1500 2243 432
1518 2201 1581 2237 ed.
1594 2213 1673 2249 pr„
1688 2200 1793 2248 quod
1803 2212 1939 2248 parum
1952 2198 2046 2234 mihi
2058 2198 2259 2246 probatur.

1216 2261 1347 2296 Allatis
1367 2260 1466 2296 adde
1493 2260 1619 2297 Schol.
1635 2260 1751 2295 Hom.
1779 2258 1913 2305 Odyss.
1937 2257 1974 2308 ψ,
2010 2256 2085 2293 218
2113 2267 2123 2294 τ
2147 2254 2263 2298 Ἁλέξ-

1217 2317 1337 2370 ανδρος
1369 2319 1386 2355 ὃ
1416 2316 1579 2369 Πριάμου
1607 2318 1690 2359 παῖς
1715 2314 1784 2353 ἀπὸ
1809 2317 1870 2361 τῆς
1898 2313 2014 2357 Ἀσίας
2041 2312 2196 2366 κατάρας
2215 2314 2263 2356 εἷς

1216 2374 1277 2422 τὴν
1302 2375 1572 2426 Λακεδαίμονα,
1602 2375 1762 2413 διενοεῖτο
1791 2372 1853 2420 τὴν
1873 2371 2021 2419 Ἑλένην
2052 2371 2263 2422 ξενιζόμενος

1216 2433 1388 2486 ἁρπάσαι.
1407 2434 1454 2474 ‘H
1471 2433 1507 2472 δὲ
1517 2439 1671 2485 γενναῖον
1689 2427 1769 2480 ἦθος
1788 2431 1848 2470 καὶ
1871 2431 2111 2484 φιλάνθρωπον
2130 2430 2260 2482 ἔχουσα

1217 2492 1411 2545 ἀπηγόρευε
1428 2492 1488 2531 καὶ
1511 2497 1683 2544 προτιμᾶν
1705 2490 1800 2542 ἔλεγε
1815 2490 1872 2528 τὸν
1894 2489 1983 2539 μετὰ
2000 2489 2107 2540 νόμου
2131 2488 2259 2540 γάμον,

1215 2549 1274 2588 καὶ
1289 2551 1349 2589 τὸν
1381 2551 1560 2591 Μενέλαον
1584 2551 1663 2603 περὶ
1691 2549 1846 2592 πλείονος
1870 2551 2042 2599 ἡγεῖσθαι.
2065 2547 2257 2598 Γενομένου

1215 2608 1252 2647 δὲ
1273 2613 1331 2648 τοῦ
1351 2610 1505 2663 Πάριδος
1524 2609 1706 2663 ἀπράκτου
1718 2638 1729 2659 ,
1745 2607 1830 2660 φασὶ
1846 2606 1910 2653 τὴν
1927 2606 2126 2660 Ἀφροδίτην
2143 2608 2260 2644 ἐπιτε-

1214 2682 1343 2720 χνησαι
1362 2668 1515 2707 τοιοῦτόν
1525 2683 1575 2718 τι,
1593 2667 1682 2706 ὥστε
1696 2666 1755 2704 καὶ
1771 2665 2003 2715 μεταὸάλλειν
2018 2681 2077 2703 του
2094 2663 2256 2708 Ἀλεξάν-

1216 2727 1297 2800 δρου
1315 2726 1376 2772 τὴν
1403 2726 1497 2765 ἰδέαν
1519 2729 1565 2770 εἷς
1583 2726 1641 2764 τὸν
1658 2741 1718 2764 του
1737 2723 1917 2764 Μενελάου
1938 2738 2175 2776 χαρακτηρα,
2196 2721 2256 2760 καὶ

1215 2785 1305 2824 οὕτω
1325 2785 1388 2832 τὴν
1412 2785 1558 2833 Ἑλένην
1578 2783 1894 2836 παραλογίσασθαι.
1912 2782 2070 2827 Δόξασαν
2088 2781 2154 2834 γὰρ
2169 2784 2256 2818 εἰναι

1214 2849 1289 2888 ταῖς
1317 2844 1493 2893 ἀληθείαις
1519 2843 1576 2882 τὸν
1593 2842 1785 2889 Μενέλαον,
1816 2841 1864 2892 μὴ
1885 2843 2030 2887 ὀκνησαι
2062 2839 2136 2891 ἅμα
2160 2841 2255 2890 αὐτῷ

1215 2903 1371 2943 ἔπεσθαι.
1391 2903 1588 2944 Φθάσασαν
1610 2901 1645 2940 δὲ
1661 2901 1769 2948 αὐτὴν
1789 2900 1872 2952 ἄχρι
1892 2902 1954 2946 τ’ῆς
1977 2897 2060 2941 νεὼς
2077 2896 2251 2949 ἒμὸαλλό-

109 2962 285 3007 aliorum,
305 2962 352 2998 de
365 2962 484 2997 insula
497 2988 507 3006 ,
525 2963 592 2997 ubi
609 2963 792 2998 electrum
804 2964 1003 3011 provenit,
1031 2964 1153 3012 deque
1217 2977 1316 3013 μενος
1336 2961 1488 3014 ἀνήχθη.
1508 2961 1555 3001 Ἥ
1579 2958 1712 3013 ἱστορία
1732 2958 1829 3012 παρὰ
1849 2957 1982 3011 Νικίᾳ
2010 2959 2066 3010 τῷ
2097 2955 2256 3009 πρώτῳ

110 3029 2258 3048 ἦ--ῇ-ῄ--ᾑ--Μ

110 3082 127 3098 n
143 3071 338 3112 Transpositi
357 3071 432 3102 sunt
450 3080 490 3102 ex
505 3071 653 3105 AEautide
667 3072 754 3104 tribu
767 3072 936 3113 Aphidnaei
949 3096 958 3112 ‚
972 3072 1133 3115 Perrhjdoe
1143 3097 1152 3113 ,

110 3122 261 3155 Titacidae
270 3145 280 3161 ‚
294 3122 519 3163 Tliyrgonidae.
536 3135 552 3151 2»

495 3205 716 3246 ARCADIC
723 3206 766 3245 A.

151 3283 230 3314 Novi
250 3283 344 3315 etiam
366 3284 546 3316 institutum
560 3285 638 3317 olim
654 3286 815 3318 certamen
837 3286 1007 3318 mulierum
1024 3286 1063 3318 de
1085 3285 1154 3326 pul-

110 3334 290 3367 chritudine
308 3345 315 3367 :
334 3336 373 3368 de
392 3345 456 3377 quo
472 3345 605 3368 narrans
619 3338 723 3369 Nicias
740 3338 772 3369 iu
788 3338 966 3375 Arcadicis,
984 3337 1154 3369 instituisse

110 3385 187 3417 illud
205 3387 249 3418 ait
271 3387 459 3428 Cypselum,
485 3388 613 3421 condito
637 3389 755 3430 oppido
778 3389 810 3421 in
834 3389 964 3430 planitie
987 3389 1071 3420 circa
1097 3389 1152 3421 Al-

1218 3073 1335 3114 pheum
1353 3085 1360 3104 :
1378 3073 1410 3104 in
1423 3072 1510 3113 quod
1524 3080 1625 3112 quum
1641 3071 1772 3103 colonos
1786 3069 1911 3110 legisset
1921 3067 2162 3101 Parrhasiorum
2173 3074 2255 3097 nou-

1214 3125 1339 3164 nuHos,
1355 3124 1463 3155 sanum
1477 3126 1509 3155 et
1524 3123 1624 3155 altare
1638 3122 1746 3155 cereri
1762 3120 1930 3154 Eleusinion
1946 3121 2111 3159 statuisse,
2132 3120 2164 3151 et
2177 3118 2257 3149 sesto

1216 3179 1284 3210 deoe
1306 3178 1357 3209 die
1380 3179 1541 3209 certamen
1563 3175 1809 3217 pulchritudinis
1834 3173 2026 3212 instituisse;
2051 3173 2084 3204 in
2110 3180 2175 3212 quo
2191 3171 2256 3210 pri-

1216 3238 1301 3261 mam
1317 3229 1484 3261 victoriam
1502 3228 1612 3261 retulit
1627 3237 1708 3259 uxor
1727 3225 1871 3267 ejusdem
1884 3224 2050 3258 Herodica.
2068 3223 2256 3268 celebratur

1215 3282 1323 3312 autem
1346 3281 1444 3312 etiam
1465 3288 1551 3311 nunc
1575 3281 1736 3311 certamen
1756 3276 1857 3316 illud,
1876 3277 1908 3307 ct
1925 3283 1998 3316 quoe
2017 3274 2050 3305 in
2070 3282 2108 3305 eo
2126 3273 2254 3304 conten-

1215 3333 1296 3365 dunt
1312 3332 1479 3372 mulieres,
1498 3330 1740 3373 Chrysopkorae
1759 3327 1970 3369 appellantur,
1991 3325 2020 3357 id
2040 3325 2104 3363 est,
2125 3330 2252 3356 aurum

1215 3387 1399 3426 qesianles.
