2372 3704
138 232 211 262 (342

189 314 276 361 Pag.
294 313 385 360 237,
407 313 453 351 fr.
473 313 509 352 8.
526 314 643 351 —Cf.
666 314 827 350 Diodori
851 315 896 351 11.
913 317 1176 358 4111Γ110130

136 372 295 407 insidiis.

189 429 289 468 Ibid.
314 430 362 468 fr.
387 430 446 469 18.
465 451 515 458 -
529 430 582 468 Cf.
605 431 751 466 Nicolai
765 433 874 469 Dam.
898 431 943 469 fr.
968 431 1031 469 35.

186 488 287 524 Ibid.
303 488 349 524 fr.
375 502 435 537 19.
453 510 506 516 --
519 491 574 525 De
588 489 781 525 Strabonis
791 489 915 525 veihis
927 489 1178 537 postremisin

135 546 250 582 codd.
296 548 430 584 misere
463 548 604 583 mutilis
635 547 720 583 vide
752 560 854 584 nunc
889 548 977 584 edit.
1013 547 1176 584 Crameri

133 617 172 652 p.
194 617 205 639 1
217 603 280 642 63.

187 663 288 701 Ibid.
307 663 352 701 fr.
370 676 434 700 20.
454 684 504 691 —
525 663 581 700 Cf.
595 663 743 699 Nicolai
760 664 806 702 fr.
825 664 886 713 39.

186 723 275 770 Pag.
299 726 390 765 242.
412 743 465 749 --
479 724 575 758 Ante
601 722 645 759 fr.
667 722 710 758 31
737 724 856 758 insere
876 722 994 760 schol.
1020 721 1174 759 Aristid.

132 793 170 828 p.
199 793 258 825 11,
282 793 325 826 17
347 781 408 819 cd.
429 781 624 817 Dindorfi:
644 780 695 818 Οἳ
717 779 757 816 δὲ
784 778 857 822 τὰς
872 778 1082 822 ἀποικίας
1103 794 1177 816 κα-

133 836 424 888 ταλέγουσιν]
450 839 509 880 Εἷς
527 836 681 889 Ἔφορον
705 837 946 885 ἀποτείνεται,
967 836 1002 880 ὃς
1021 837 1177 889 περὶτῆς

133 894 289 941 Ἰωνικῆς
307 895 468 938 ἀποικίας
488 894 632 946 ἔγραψε.

186 956 278 1004 Pag.
298 953 369 990 251
388 955 424 1000 b,
445 956 510 992 lin.
529 955 549 990 3
568 955 616 990 ab
635 956 722 991 ima.
739 976 792 982 —
816 956 890 990 Pro
912 953 1061 1006 σιδηρῶν
1081 956 1177 1003 Tyr-

131 1013 254 1048 whitt.
271 1012 371 1059 conj.
386 1011 574 1064 ἀσιδήρων.
598 1013 816 1049 Heraclides
831 1014 941 1051 Pont.
960 1014 1007 1049 fr.
1027 1013 1047 1049 3
1061 1013 1176 1050 habet

133 1069 234 1114 ξύλα.

186 1130 276 1177 Pag.
301 1127 375 1165 256
387 1157 396 1174 ,
410 1119 454 1167 fr.
476 1142 598 1174 7ο.--
611 1131 757 1166 Locum
774 1131 900 1177 Etym.
918 1130 971 1167 M.
990 1131 1175 1166 etiamex-

131 1187 237 1222 hibet
264 1187 381 1224 schol.
401 1188 446 1225 ll.
464 1188 501 1222 in
522 1187 608 1224 cod.
631 1188 786 1223 Parisin.
808 1187 910 1223 2556
927 1199 987 1236 ap.
1007 1189 1171 1227 Cramer.

130 1245 273 1281 Anecd.
298 1245 414 1282 Paris.
441 1246 499 1280 ΙΙΙ
513 1272 523 1290 ,
544 1258 584 1292 p.
617 1257 711 1293 119;
743 1245 796 1280 ibi
813 1258 903 1281 vero
922 1259 994 1294 pro
1023 1243 1175 1295 τοῦνομα

131 1300 215 1340 Υἱὸν
238 1304 336 1339 bene
363 1304 501 1352 legitur
522 1300 675 1351 τοῦνομα
695 1301 782 1354 ελΥρ,
810 1311 847 1339 et
874 1317 948 1352 pro
967 1302 1120 1355 Ἔφορος
1141 1305 1175 1341 ἐν

131 1363 173 1411 τῇ
195 1359 349 1412 Εὐρώπῃ
366 1363 482 1398 habes
499 1358 585 1413 ”Εφ.
608 1362 643 1397 ἐν
664 1361 731 1403 τοῖς
749 1361 972 1412 Εὑρήμασιν,
995 1365 1060 1411 qui
1088 1365 1175 1400 libri

131 1421 260 1456 titulus
274 1422 328 1456 rei
345 1427 504 1456 narratae
520 1421 616 1456 bene
631 1422 820 1458 convenit.
844 1437 859 1453 «
878 1422 985 1457 Idem
1004 1422 1176 1458 scholion

129 1479 282 1515 videtur
309 1480 450 1515 habere
469 1479 590 1515 codex
619 1480 807 1528 Neapolit.
837 1479 924 1528 159.
954 1483 997 1518 V.
1033 1481 1171 1516 Salvat.

130 1539 259 1586 Cyrill.
275 1538 391 1576 Catal.
410 1537 528 1574 codd.
543 1550 599 1586 gr.
618 1551 696 1586 reg.
710 1539 806 1576 Bibl.
821 1539 989 1575 Borbon.
1005 1552 1041 1587 p.
1058 1552 1071 1574 1
1082 1544 1145 1582 41.
1157 1556 1171 1571 »2

130 1597 300 1632 (3111111111.
320 1597 365 1631 111
380 1596 454 1631 hoc
472 1596 559 1631 cod.
577 1598 695 1644 Neap.
718 1597 856 1645 legitur
880 1595 967 1642 υἱὸν,
990 1598 1098 1632 sicuti
1112 1610 1172 1646 ap.

136 1656 263 1702 Etym.
284 1656 352 1700 M.,
373 1662 465 1690 teste
482 1655 619 1692 salvat.
644 1656 667 1691 l.
684 1656 707 1691 l.

186 1714 271 1762 Pag.
284 1713 355 1755 264
365 1740 373 1756 ,
385 1713 427 1748 fr.
443 1726 455 1747 1
465 1725 527 1760 09.
537 1734 589 1740 ——
599 1714 713 1761 Apud
723 1714 914 1749 Theonem
925 1714 963 1748 in
971 1714 1173 1763 Progymn.

130 1784 200 1819 pro
221 1772 372 1819 vulgata
392 1770 425 1806 ἐν
454 1771 496 1820 τῇ
514 1769 720 1820 ἑνδεκάτῃ
752 1772 820 1807 τῶν
845 1771 1024 1821 ἱστοριῶν,
1053 1785 1172 1821 marg.

130 1831 227 1866 vict.
256 1827 370 1864 habet
403 1828 436 1864 ἐν
467 1830 509 1878 τῇ
536 1827 732 1878 πέμπτῃ,
770 1837 927 1865 notante
956 1831 1100 1866 VValzio
1135 1832 1175 1866 in

130 1889 258 1924 Rhett.
277 1888 342 1924 Gr.
366 1888 404 1932 I,
423 1901 464 1936 p.
493 1888 559 1923 161
572 1918 579 1926 .
601 1889 713 1936 Apud
723 1890 860 1925 Joann.
875 1888 1019 1936 Lydum
1033 1889 1078 1924 fr.
1104 1890 1174 1925 108

129 1948 202 1995 leg.
223 1947 257 1982 ἐν
275 1947 316 1996 τῇ
349 1945 485 1996 πρώτῃ.
505 1947 637 1982 Nullus
667 1947 801 1982 dubito
817 1947 910 1994 quin
929 1947 1007 1982 haec
1030 1948 1077 1983 de
1101 1949 1175 1983 Nili

128 2006 369 2040 incrementis
389 2005 594 2052 fragmenta
622 2005 671 2040 ad
686 2005 825 2040 librum
847 2009 1029 2052 quintum,
1062 2017 1174 2053 quem

130 2064 427 2112 geographicum
454 2063 562 2099 fuisse
589 2070 757 2109 constat,
779 2076 823 2099 ex
846 2076 964 2112 marg.
986 2065 1086 2101 Vict.
1108 2077 1172 2099 au-

131 2123 303 2173 ctoritate
331 2121 526 2157 referenda
544 2123 629 2159 sint.
656 2122 799 2160 Contra
811 2134 902 2157 vero
922 2122 1171 2170 fragmentum

130 2192 175 2215 ex
190 2181 290 2216 libro
304 2180 523 2225 undecimo,
541 2182 578 2215 ni
595 2180 724 2224 fallor,
743 2180 983 2228 desumptum
1004 2181 1175 2229 praebent

128 2239 270 2274 scholia
290 2240 329 2273 in
354 2239 506 2275 Aristid.
522 2252 561 2287 p.
584 2238 674 2287 515,
692 2239 740 2275 de
759 2239 914 2275 Cimone
936 2251 946 2276 z
968 2239 1123 2276 Γυναῖκα
1137 2236 1172 2275 δὲ

129 2289 223 2347 εἶχεν
246 2295 431 2341 Ἰσοδίκην.
461 2295 617 2338 Καλλίας
637 2296 686 2342 δὲ,
700 2298 717 2333 ὁ
741 2295 810 2338 υἱὸς
830 2297 951 2342 αὐτοῦ,
980 2296 1173 2333 κατέὸαλεν

133 2353 219 2404 ὑπὲρ
241 2355 345 2391 αὐτοῦ
363 2353 578 2398 πεντήκοντα
595 2355 750 2391 τάλαντα
763 2370 770 2377 ·
796 2353 970 2391 κατέὸαλε
991 2353 1027 2391 δὲ
1045 2354 1101 2391 ε’πὶ
1124 2356 1173 2407 τῷ

131 2410 217 2463 πρὸς
229 2412 341 2462 γάμον
360 2411 480 2450 λαὲεῖν
499 2412 562 2458 τὴν
576 2411 828 2459 Ῥἶλπινίκην...
847 2410 999 2464 Ἰἰφορος
1017 2412 1051 2449 δὲ
1074 2414 1108 2450 ἐν
1130 2416 1173 2464 τῇ

130 2468 254 2521 πρώτῃ
288 2471 331 2519 (l.
357 2470 390 2506 ἐν
411 2473 453 2521 τῇ
481 2469 549 2519 ια’)
579 2470 683 2521 φησὶν
705 2471 840 2507 ἐκτῖσαι
861 2470 963 2507 αὐτὸν
984 2469 1027 2507 τὰ
1044 2471 1174 2517 πεντή-

130 2541 236 2564 κοντα
255 2526 429 2573 τάλαντα,
457 2527 619 2577 γήμαντα
654 2533 802 2578 γυναῖκα
833 2528 1016 2565 πλουσίαν.
1052 2532 1174 2567 Verba

131 2588 149 2622 ὃ
178 2585 248 2628 υἱὸς
279 2586 385 2623 αὐτοῦ
413 2601 503 2622 1111111
534 2587 741 2623 scholiastae
772 2589 919 2635 stupori
947 2589 1171 2634 debeantur,

130 2657 177 2679 an
203 2652 378 2694 corrupta
407 2646 502 2690 sint,
530 2647 672 2683 nescio.
702 2648 758 2682 De
787 2645 955 2681 Miltiade
978 2647 1173 2694 Ephorum

130 2702 231 2739 libro
260 2705 298 2739 X
332 2705 446 2752 egisse
469 2711 626 2740 constat.
661 2704 873 2740 Probabilis
901 2705 1017 2753 igitur
1045 2713 1173 2742 nostra

129 2761 335 2796 verborum
352 2761 386 2797 ἐν
404 2763 447 2811 τῇ
465 2760 587 2813 πρώτῃ
609 2763 808 2798 correctio.

182 2821 272 2868 Pag.
292 2820 367 2868 269
385 2821 482 2857 adde
504 2833 513 2858 ε
530 2823 702 2870 (Fragm.
724 2820 795 2857 125
811 2820 873 2870 a.)
895 2821 1021 2859 Schol.
1038 2822 1172 2869 Odyss.

129 2892 166 2928 γ,
188 2878 263 2914 215
288 2891 296 2913 τ
319 2877 379 2915 Ἔν
390 2881 432 2930 τῇ
450 2877 700 2930 ἑξακαιδεκάτῃ
716 2880 810 2929 (sic)
828 2881 956 2930 ἱστορεῖ
979 2879 1174 2931 Κλεοφόρος

133 2935 213 2987 περὶ
241 2935 318 2978 τοὺς
345 2935 460 2983 θεοὺς,
481 2936 650 2980 πολλάκις
683 2938 895 2987 μεθίστησαν
923 2936 1000 2981 τοὺς
1021 2940 1173 2989 βασιλεῖς

131 2996 292 3043 μαντεῖα.
310 2996 367 3031 lbi
383 2997 580 3032 Boeckhius
600 2997 772 3046 (notante
789 3000 1016 3033 Buttmanno
1036 2999 1075 3033 in
1091 2998 1173 3034 Ad-

131 3054 243 3093 dend.
262 3068 300 3103 p.
317 3054 412 3104 569)
431 3056 543 3094 scrib.
566 3064 692 3092 censet
713 3070 721 3092 :
742 3056 872 3108 ἱστορεῖ
893 3058 910 3093 ὃ
926 3054 1078 3107 ’Ἔφορος
1095 3054 1174 3108 περὶ

129 3113 229 3150 τοῦδε
244 3140 255 3158 ,
276 3113 322 3155 ὡς
343 3113 510 3156 πολλάκις
526 3114 604 3150 κτλ.

186 3173 275 3221 Pag.
292 3185 382 3219 270,
401 3173 445 3209 fr.
462 3173 527 3211 28.
550 3195 602 3201 —
614 3174 674 3210 Ad
690 3174 818 3209 locum
831 3175 1032 3211 Clementis
1046 3174 1145 3210 adde
1164 3186 1173 3212 z

131 3232 290 3268 Bekker.
309 3232 453 3270 Anecd.
480 3245 519 3281 p.
539 3232 636 3278 782:
657 3231 838 3269 Φοινίκεια
861 3232 896 3269 δὲ
916 3232 959 3269 τὰ
979 3231 1175 3283 γράμματα

133 3288 348 3340 ἓλέγοντο,“
324 3305 371 3332 ως
387 3305 489 3342 φησιν
511 3287 690 3341 Ἔφορος
678 3306 694 3326 ο
716 3292 873 3339 Κυμαῖος
893 3306 952 3327 και
970 3290 1152 3342 Ἡρόδοτος
1165 3321 1174 3338 ,

133 3348 209 3386 ἐπεὶ
238 3348 400 3390 Φοίνικες
420 3351 517 3397 εὗρον
540 3347 640 3387 αὐτά.
660 3351 760 3387 lbid
780 3363 820 3399 p.
845 3350 960 3396 783:
982 3351 1061 3387 Των
1082 3365 1174 3387 στοι-

134 3407 236 3460 γείων
251 3407 391 3459 ευρετὴν
411 3407 557 3445 ἄλλοιτε
575 3423 634 3444 και
649 3405 830 3460 Ἔφορος’
816 3424 849 3445 εν
868 3409 1016 3459 δευτέρω
1030 3409 1173 3459 Κάδμον

859 228 1102 266 ADDENDA
1137 228 1197 266 ET
1227 227 1486 267 CORRlGEN
1496 229 1560 268 DA

1238 314 1335 367 φασί.
1359 338 1411 345 -·
1430 317 1576 354 Deinde
1596 317 1635 352 in
1651 318 1770 356 schol.
1800 319 1955 356 Homer.
1974 311 2061 368 post
2077 318 2277 370 παρέδωκεν

1239 372 1429 421 Ἀθηναίοις
1448 377 1530 424 lege
1559 389 1566 411 :
1591 373 1647 412 ἐπὶ
1665 374 1830 427 ἄρχοντος
1850 375 2031 423 Εὐκλήτου
2052 377 2098 430 (l.
2131 378 2278 416 Εὐκλεί-

1193 438 1204 450 “
1237 431 1332 482 δου),
1349 431 1394 476 ὥς
1416 447 1519 485 φησιν
1537 431 1703 484 Ἴῧφορος.

1289 492 1376 540 Pag.
1417 496 1508 538 274,
1541 491 1672 540 fragm.
1715 490 1788 528 150
1816 505 1855 528 α.
1888 513 1941 521 -
1971 494 2188 533 Tertullian.
2221 497 2278 532 De

1236 551 1357 586 anima
1378 563 1410 588 c.
1428 550 1476 593 46
1500 562 1510 588 t
1540 550 1740 598 Philippus
1758 552 1936 596 ffllacedo,
1963 553 2123 589 nondum
2149 563 2270 602 pater,

1239 604 1473 651 Ogympiadis
1495 606 1622 638 uxoris
1631 611 1803 638 naturam
1818 605 2033 651 obsignasse
2045 607 2197 642 viderat
2207 620 2276 642 an-

1235 663 1334 699 nulo.
1352 664 1424 698 Leo
1443 669 1525 697 erat
1541 664 1699 708 signum.
1718 662 1942 698 Crediderat
1965 666 2189 711 praeclusam
2206 677 2278 712 ge-

1235 723 1394 755 nituram
1405 748 1414 764 ‚
1434 724 1579 768 ορίηον,
1595 724 1686 767 quia
1697 721 1754 755 leo
1764 722 1881 755 semel
1883 729 1999 769 pater
2009 729 2076 760 est.
2091 725 2278 759 Aristode·

1236 791 1315 813 mus
1331 780 1396 814 vel
1423 778 1652 826 Aristophon
1680 776 1790 828 (deb.
1827 780 2055 815 Aristander
2081 788 2183 817 vates
2194 807 2205 826 ‚
2241 794 2277 820 v,

1235 837 1426 874 Plutarch.
1439 837 1545 873 Alex,
1569 848 1602 874 e.
1625 833 1668 886 2)
1691 840 1904 882 consectans
1918 841 1992 872 imo
2010 838 2108 873 nihil
2117 850 2278 875 vacuum

1235 895 1441 942 obsignari,
1465 895 1595 942 filium
1615 902 1652 930 et
1665 896 1814 942 quidem
1839 899 2000 931 maoeimi
2015 899 2172 944 Impetus
2186 910 2278 945 por:-

1235 955 1349 989 tende‘.
1366 954 1623 989 Alexandrum
1640 956 1703 1000 qui
1717 957 1846 998 sciunt,
1873 956 2015 990 leonem
2032 956 2164 991 annuli
2175 968 2279 992 reco-

1232 1021 1425 1059 grtohcunt
1445 1012 1615 1060 Ephorus
1632 1013 1766 1049 scribit.
1781 1013 1908 1048 Retuli
1928 1013 2007 1049 haec
2027 1013 2078 1049 ad
2099 1013 2213 1051 finem
2231 1015 2280 1050 li-

1235 1071 1294 1106 br1
1306 1071 1454 1108 XXIX
1477 1071 1621 1124 Quodsi
1650 1070 1700 1106 ad
1715 1071 1864 1106 initium
1890 1071 1980 1107 libri
2003 1072 2120 1108 XXX
2138 1073 2279 1110 referre

1235 1129 1359 1173 malis,
1377 1129 1471 1164 nihil
1488 1129 1673 1177 refragor.

1288 1188 1376 1235 Pag.
1390 1187 1700 1236 274postsrag1n.
1715 1185 2090 1236 152.-Inserequae
2101 1190 2278 1239 exscripsi

1235 1251 1325 1282 torn.
1341 1246 1390 1290 II,
1406 1258 1492 1294 pag.
1510 1245 1558 1283 88
1579 1258 1616 1291 a,
1627 1258 1673 1281 ex
1685 1246 1837 1282 scholiis
1852 1247 1983 1284 Venet.
2002 1247 2049 1284 11.
2063 1248 2174 1294 XIII,
2191 1248 2278 1295 301,

1235 1303 1301 1338 ubi
1317 1303 1493 1339 laudatur
1511 1304 1730 1352 Demophili
1743 1304 1840 1339 liber
1859 1305 2079 1342 tricesimus.

1288 1361 1376 1410 Pag.
1392 1361 1483 1407 276,
1498 1361 1549 1397 fr.
1573 1362 1660 1399 161.
1677 1363 1792 1398 —De
1804 1362 1889 1398 loco
1911 1364 2222 1411 Harpocrationis
2237 1377 2276 1404 Υ.

1234 1426 1313 1467 not.
1336 1420 1385 1455 ad
1403 1421 1613 1456 Aristotelis
1630 1420 1677 1459 fr.
1704 1433 1792 1468 177,
1816 1428 1907 1456 torn.
1928 1422 1980 1466 ΙΙ,
1996 1434 2035 1470 p.
2058 1421 2142 1469 159.

1267 1479 1380 1526 *Pag.
1403 1491 1496 1526 277,
1519 1480 1561 1523 b,
1583 1479 1716 1528 fragm.
1744 1479 1831 1522 164.
1848 1500 1901 1506 ——
1917 1481 1963 1515 In
1985 1481 2145 1528 Syncelli
2161 1481 2272 1527 loco,

1234 1537 1476 1572 scribendum
1498 1544 1594 1585 puto
1626 1549 1666 1574 :..
1690 1529 1728 1573 οὗ
1753 1533 1904 1588 Ἔφορος
1936 1536 2073 1588 ἀνεψιὸν
2101 1536 2163 1575 καὶ
2185 1538 2274 1590 [οὐ]

1237 1592 1422 1645 σύνχρονον
1439 1593 1602 1646 ’Όμηρόν
1620 1609 1716 1645 φησι.
1734 1616 1781 1622 -
1798 1597 1972 1633 Ceterum
1983 1597 2079 1632 adde
2093 1597 2274 1636 Chronic.

1235 1654 1420 1701 Anonym.
1453 1654 1541 1691 cod.
1578 1655 1734 1692 Parisin.
1769 1654 1843 1698 854
1870 1655 1910 1690 in
1935 1656 2102 1691 Crameri
2133 1656 2274 1694 Anecd.

1235 1713 1318 1749 Par.
1338 1714 1390 1757 ΙΙ,
1412 1725 1451 1760 p.
1481 1725 1554 1758 227
1583 1726 1590 1747 :
1611 1706 1650 1749 οὗ
1672 1714 1745 1761 (sc.
1773 1716 1832 1750 τοῦ
1858 1711 2048 1763 Σαμουὴλ)
2078 1715 2277 1764 τρισκαιδε-

1234 1768 1341 1819 κοίτου
1358 1767 1453 1812 ἔτους
1464 1770 1648 1812 ἐνεστῶτος
1664 1771 1674 1819 (
1688 1772 1713 1806 1.
1736 1784 1770 1807 e.
1789 1784 1864 1807 sec.
1878 1772 2013 1809 Euseb.
2030 1785 2117 1811 ann.
2132 1773 2275 1812 Abrah.

1235 1829 1310 1876 913
1323 1855 1333 1874 ‚
1351 1842 1383 1864 a.
1401 1830 1440 1865 C.
1468 1829 1609 1878 1103),
1631 1827 1763 1879 γίνεται
1779 1832 1802 1876 ἡ
1823 1831 1889 1866 τῶν
1910 1828 2150 1880 Ἡρακλειδῶν
2171 1829 2277 1868 κάθο-

1236 1887 1292 1928 δος
1319 1887 1353 1923 ἐν
1377 1885 1657 1938 Πελοποννήσῳ,
1686 1885 1861 1933 ληξάντων
1881 1889 1949 1924 τῶν
1971 1888 2190 1927 Πελοπιδῶν.
2213 1888 2275 1928 Ἐν

1234 1943 1364 1988 τούτοις
1398 1945 1467 1987 τοῖς
1501 1944 1636 1996 χρόνοις
1667 1945 1727 1982 καὶ
1751 1945 1914 1997 ’Όμηρον
1942 1945 2001 1983 τὸν
2032 1945 2181 1993 ποιητὴν
2210 1946 2274 1993 τὴν

1235 2002 1371 2041 Ἰλιάδα
1390 2003 1450 2041 καὶ
1481 2003 1687 2042 Ὀδύσσειαν
1711 2003 1883 2044 ἐκθέσθαι.
1912 2005 1990 2043 Οὐκ
2005 2005 2192 2055 ἀγνοοῦμεν
2217 2000 2275 2044 οὖν

1235 2062 1281 2103 ὡς
1297 2057 1447 2114 ’Ἔφορος
1472 2061 1534 2098 καί
1557 2076 1645 2104 τινες
1669 2060 1768 2099 ἄλλοι
1788 2064 1855 2099 τῶν
1875 2061 2111 2134 συγγραφέων
2129 2063 2275 2107 πολλαῖς

1235 2123 1368 2168 γενεαῖς
1383 2121 1537 2170 υστερεῖν
1555 2118 1656 2157 αὐτόν
1677 2134 1791 2172 φασιν·
1811 2120 1883 2158 οὐδ’
1902 2121 1949 2164 ὡς
1966 2119 2047 2158 ἔνιοι
2061 2120 2274 2173 γεγράφασιν

1235 2175 1388 2214 Ἧσιόδω
1415 2172 1465 2229 τῶ
1485 2179 1612 2228 ποιητῇ
1644 2176 1914 2227 συνηκμακότα·
1945 2179 1983 2215 οὐ
2011 2177 2080 2228 μὴν
2108 2180 2209 2228 ἡμεῖς
2236 2194 2275 2230 γε

1234 2234 1364 2279 τούτοις
1381 2235 1718 2286 συγκατατιθέμεθα,
1734 2235 1849 2280 καθὼς
1864 2236 2034 2290 Διόδωρος
2050 2237 2275 2276 ἀποδείκνυσι

1235 2296 1353 2331 τοῦτον
1371 2294 1437 2345 πρὸ
1449 2297 1509 2340 τ’ῆς
1527 2293 1765 2346 Ἡρακλειδῶν
1780 2295 1925 2333 καθόδου
1940 2295 2180 2335 τετελευκότα.

1288 2355 1542 2402 Hieronymus
1561 2356 1601 2390 in
1619 2355 1759 2392 Chron.
1783 2369 1791 2391 ι
1812 2358 1986 2404 Agrippa
2001 2357 2106 2404 apud
2121 2358 2276 2392 Latinos

1233 2421 1412 2461 regnante
1431 2415 1493 2462 (N0
1516 2427 1530 2449 1
1542 2426 1656 2450 102·1
1669 2413 1969 2462 141=915-876
1985 2427 2020 2451 a.
2030 2415 2071 2452 C.
2083 2414 2094 2463 )
2107 2442 2118 2460 ,
2135 2415 2274 2450 Home-

1232 2480 1412 2519 ruspoeta
1426 2475 1464 2507 in
1484 2473 1630 2508 Groecia
1640 2474 1784 2517 claruit,
1805 2481 1845 2508 ut
1859 2481 2014 2508 testatur
2025 2474 2275 2522 Apollodorus

1234 2534 1505 2577 grammaticus
1520 2538 1559 2566 et
1582 2531 1753 2579 Ephorus
1781 2531 2022 2580 (Euphorbus
2039 2531 2135 2580 vgo)
2160 2531 2274 2567 histo·

1232 2592 1337 2633 ricus,
1353 2597 1440 2624 ante
1453 2590 1577 2624 urbem
1592 2590 1779 2625 conditam
1799 2590 1976 2626 CXXIV
1992 2588 2040 2639 (l.
2058 2588 2274 2638 CXXVI),

1232 2656 1285 2692 et,
1306 2656 1344 2683 ut
1359 2648 1551 2684 Cornelius
1563 2649 1703 2695 Nepos,
1730 2656 1818 2683 ante
1840 2648 2101 2696 Olympiadem
2113 2651 2274 2696 primam

1233 2710 1344 2741 annis
1381 2707 1425 2742 C.
1447 2707 1548 2741 Nihil
1575 2707 1616 2741 in
1641 2707 1699 2742 his
1732 2706 1827 2742 adeo
1857 2713 2083 2755 corruptum
2101 2713 2173 2751 est3
2195 2706 2274 2742 dis-

1233 2777 1362 2800 sensus
1391 2765 1479 2800 inde
1505 2772 1630 2810 ortus,
1660 2765 1766 2812 quod
1797 2765 1962 2801 Cornelii
1995 2772 2031 2800 et
2056 2766 2199 2812 Ephori
2226 2765 2275 2801 de

1234 2824 1385 2859 condita
1400 2826 1521 2859 Roma
1541 2825 1731 2859 sententiae
1749 2823 2046 2860 confunduntur.
2060 2826 2103 2860 V.
2121 2825 2271 2872 Fragm.

1233 2883 1370 2918 Chron.
1390 2895 1427 2929 p.
1450 2882 1520 2917 126
1540 2895 1597 2929 sq.

1289 2942 1331 2976 P.
1349 2953 1440 2986 277.
1458 2941 1691 2988 Fiagmentis
1705 2939 1849 2987 Ephori
1858 2939 2002 2986 subjice
2013 2940 2140 2975 locum
2156 2939 2270 2976 Hom.

1234 3000 1355 3047 Epim.
1374 3000 1414 3035 in
1434 2999 1599 3034 Crameri
1613 3001 1685 3034 An.
1703 2999 1827 3034 Oxon.
1849 2999 1888 3042 Ι,
1909 3011 1948 3046 p.
1975 2997 2082 3041 34οι
2101 2995 2158 3034 Τὰ
2173 2996 2209 3033 δὲ
2223 3011 2274 3047 τι)

1235 3071 1253 3093 ο
1269 3055 1545 3107 παραληγόμενα
1564 3054 1749 3107 βαρύνεται
1762 3058 1926 3105 μονογενῆ
1938 3053 2034 3092 ὄντα·
2046 3056 2144 3100 ὠτος,
2164 3055 2274 3105 χλῶ-

1233 3130 1300 3158 τος
1305 3117 1495 3164 ,Δῶτος,
1517 3113 1625 3164 ὄνομα
1647 3114 1810 3162 αὐλητου,
1825 3128 1973 3157 νωτος·
1991 3128 2051 3151 και
2064 3112 2131 3165 γὰρ
2151 3112 2274 3150 τούτου

1239 3177 1260 3220 ἡ
1275 3177 1409 3226 χρῆσις·
1433 3173 1492 3211 καὶ
1512 3172 1550 3210 τὸ
1571 3171 1631 3222 μὲν
1649 3171 1824 3223 οὐδέτερον
1842 3170 1946 3221 πολυ,
1959 3171 1997 3209 τὸ
2026 3187 2042 3208 ν
2054 3174 2175 3221 ῶτον,
2203 3171 2270 3218 ἤδη

1235 3232 1270 3270 δὲ
1289 3234 1348 3270 καὶ
1376 3232 1414 3269 τὸ
1435 3230 1613 3283 ἀρσενικὸν
1642 3232 1830 3281 ἱστορεῖται
1860 3230 1958 3282 παρὰ
1988 3230 2188 3282 Ξενοφῶντι
2213 3229 2273 3267 καὶ

1235 3291 1388 3343 Ἐφόρῳ.
1403 3295 1447 3330 V.
1464 3292 1592 3339 Steph.
1615 3292 1723 3327 Thes.
1743 3304 1779 3327 ν.
1797 3291 1918 3328 νῶτον.

1287 3351 1402 3388 Aliud
1422 3351 1671 3399 fragmentum
1686 3362 1731 3385 ex
1748 3350 1940 3385 Eustathio
1962 3348 2010 3384 ad
2026 3347 2099 3385 Od.
2120 3345 2163 3397 ζ’,
2187 3351 2273 3396 149,

1238 3411 1401 3460 petitum
1419 3410 1590 3446 dedimus
1609 3410 1647 3444 in
1669 3408 1842 3457 Prolegg.
1860 3420 1901 3457 p.
1924 3419 2011 3452 Lxx,
2033 3412 2112 3443 not.
