2372 3704
326 229 594 281 CLEOBULl,
623 229 870 271 CLEONUM
898 230 1157 271 MAGNESII
1184 230 1250 269 ET
1280 229 1604 270 SYRACUSANI
1632 232 1966 273 FRAGMENTA.

2144 237 2218 272 305

75 319 411 368 chronographum
443 317 680 354 confundens
717 331 805 355 cum
843 319 1116 368 grammatico,
1182 319 1320 354 insulas
1343 318 1638 365 numerandam,
1676 332 1760 367 quae
1786 322 2070 358 Atheniensium
2096 323 2227 371 portui

75 392 186 427 quem
205 379 323 415 citant
341 379 466 425 Etym.
506 377 561 413 M.
593 389 631 414 v.
650 374 754 422 ζάλη,
773 377 906 413 Suidas
932 389 970 415 v.
993 374 1118 426 ζάλην,

72 434 200 488 Ἥρας,
217 433 449 484 παλίμὸολος,
467 441 647 470 monente
671 435 903 471 Rubnkenio
937 434 987 470 ad
1016 435 1114 470 Tim.

72 497 165 533 Lex,
191 507 232 543 p.
254 506 294 532 x,
321 493 494 530 Conferri
514 493 783 540 Bernhardyus
807 499 845 529 et
863 494 1120 529 Westerman-

71 566 142 590 nus
153 552 290 601 jubent
303 553 486 589 Ebertum
502 552 543 587 in
559 553 729 589 Dissertt.
750 550 824 588 Sic.
843 564 884 600 p.
911 551 996 590 150.

309 751 313 755 ⁴
371 763 820 822 CLEOBULUS.

126 885 268 926 Plinius
297 890 341 934 V,
365 901 379 923 1
392 901 442 924 xv:
463 889 698 924 Metrodorus
721 895 758 923 et
777 887 975 924 Cleobulus
990 886 1122 923 Chium

73 962 99 984 a
129 947 272 985 Chione
286 947 453 995 nympha
472 959 525 985 sc.
549 947 777 995 appellatam
792 958 868 982 esse
893 946 1039 983 dicuntv.
1070 967 1124 974 —

72 1008 308 1044 Memoratur
322 1005 526 1042 Cleobulus
541 1006 651 1042 etiam
665 1006 706 1041 in
721 1004 848 1041 indice
862 1012 1062 1041 auctorum
1075 1004 1126 1040 ad

71 1066 141 1104 lib.
163 1066 214 1101 IV
228 1071 266 1100 et
286 1057 399 1102 xm.
417 1063 527 1100 Idem
552 1071 616 1101 aut
632 1064 725 1100 alius
744 1070 805 1099 est·
818 1063 1036 1109 Cleobulus,
1058 1063 1124 1111 qui

74 1126 132 1161 De
153 1135 196 1160 re
212 1124 354 1160 rustica
368 1123 516 1172 scripsit
527 1153 538 1170 ‚
553 1130 646 1160 teste
661 1121 872 1160 Columella
888 1123 921 1168 I,
939 1135 969 1167 1,
1001 1134 1015 1158 1
1026 1152 1034 1160 .

486 1240 706 1256 *000*-

239 1339 483 1397 CLEON
521 1330 964 1399 MAGNESIUS.

130 1465 332 1501 Pausanias
350 1465 404 1510 X,
423 1469 462 1510 4,
479 1463 532 1500 6:
555 1461 677 1501 Κλέων
692 1461 769 1501 δὲ’
750 1462 838 1516 ανὴρ
849 1462 997 1514 Μάγνης
1009 1461 1060 1516 (οἳ
1075 1478 1125 1500 τω

74 1519 226 1582 Ἕρμῳ
232 1519 537 1572 προσοικουσιν)
518 1535 668 1572 ερας-κεν
699 1522 733 1564 ἐς
762 1519 806 1558 τὰ
833 1520 1015 1573 παράδοξα
1041 1519 1126 1558 ἀπί-

77 1595 178 1623 στους
194 1572 282 1617 εἶναι
300 1581 369 1616 τῶν
383 1577 586 1630 ἀνθρώπων,
607 1572 657 1622 οἷς
678 1578 720 1616 ἂν
750 1578 800 1629 μὴ
817 1578 915 1631 παρὰ
933 1578 992 1616 τὸν
1011 1579 1125 1616 αὐτῶν

77 1636 220 1688 γένηται
242 1636 314 1689 βίον
333 1636 503 1686 θεάμασιν
524 1637 699 1688 ἐπιτυχεῖν
717 1636 821 1688 λόγου
833 1636 1006 1687 μείζοσιν·
1025 1635 1126 1680 αὐτὸς

78 1695 114 1734 δὲ
133 1695 193 1734 καὶ
205 1697 239 1735 Γ
242 1710 333 1733 ιτυον
352 1694 412 1733 καὶ
433 1693 588 1737 ἄλλους’
569 1710 633 1747 εφη
651 1694 830 1734 πείθεσθαι
845 1694 1021 1747 γεγονέναι
1035 1694 1126 1733 κατὰ

77 1753 140 1801 τὴν
161 1753 301 1806 φήμην·
328 1753 446 1806 τυχεῖν
472 1751 540 1805 γὰρ
567 1753 609 1800 δὴ
629 1753 676 1792 ὢν
698 1755 732 1791 ἓν
760 1754 956 1806 Γαδείροις,
983 1754 1043 1792 καὶ
1069 1756 1129 1792 ἔκ-

77 1815 229 1852 πλεῦσαι
247 1812 311 1864 μὲν
332 1811 434 1856 αὐτός
459 1828 497 1850 τε
520 1812 580 1851 καὶ
606 1812 664 1851 τὸν
685 1812 791 1852 ἄλλον
822 1813 938 1852 πάντα
965 1813 1068 1866 ὄχλον
1089 1816 1128 1852 ἐκ

79 1874 141 1918 τῆς
157 1871 263 1918 νήσου
278 1869 370 1909 κατὰ
390 1870 429 1909 τὸ
449 1869 666 1923 Ἡρακλέους
685 1873 920 1923 πρόσταγμα·
940 1874 986 1916 ὡς
1007 1871 1042 1910 δὲ
1065 1866 1127 1910 αἶ-

83 1933 134 1974 θις
152 1929 339 1976 ἐπανήκειν
355 1930 388 1971 ἐς
416 1928 461 1966 τὰ
479 1928 653 1981 Γάδειρα,
685 1929 793 1982 ἄνδρα
813 1933 921 1982 εὑρεῖν
942 1930 1128 1968 θαλάσσιον

81 1987 332 2026 ἐκπεπτωκότα
353 1988 386 2030 ε’ς
405 1986 468 2034 τὴν
500 1990 583 2038 γῆν·
612 1991 732 2026 τοῦτον
763 1988 897 2041 πλέθρα
931 1988 994 2039 μὲν
1026 1988 1130 2026 πέντε

84 2048 238 2096 μάλιστα
260 2047 414 2099 ἐπέχειν,
436 2046 694 2099 κεραυνωθέντα
718 2046 754 2085 δὲ
774 2047 842 2085 ὑπὸ
858 2051 919 2086 τοῦ
941 2050 1017 2085 θεοῦ
1035 2047 1130 2086 καίε-

83 2109 176 2145 σθαι.
197 2099 311 2148 Οῧτος
329 2105 390 2155 μὲν
413 2104 454 2150 δὴ
481 2108 592 2142 ταῦτα
611 2104 719 2155 ἔλεγε.
746 2109 803 2143 Ex
822 2120 990 2155 quonam
1016 2119 1131 2156 opere

81 2166 161 2203 haec
183 2166 412 2215 deprompta
434 2166 521 2211 sint,
537 2166 737 2204 incertum.
761 2166 1060 2202 Commentarios
1086 2165 1134 2201 de

83 2225 197 2266 rebus
209 2225 440 2274 portentosis
458 2224 618 2274 intelligi
631 2225 712 2260 vult
727 2225 890 2262 Vossius.

497 2347 715 2362 ψ

194 2438 437 2496 CLEON
476 2437 1022 2509 SYRACUSANUS.

402 2558 525 2596 ΠΕΡΙ
560 2558 815 2597 ΑΙΜΕΝΩΝ.

142 2656 354 2705 Stephanus
371 2657 467 2752 Βχῑ.
485 2668 523 2692 v.
550 2653 718 2698 Ἀσπίς...
744 2654 819 2694 ἔστι
838 2655 899 2694 καὶ
930 2658 1032 2704 νῆσος
1050 2657 1135 2709 πρὸς

87 2718 163 2756 ταῖς
184 2712 398 2753 Κυκλάσιν..
451 2710 560 2752 Εστι
570 2713 630 2751 και
648 2716 751 2760 ν’ἥσος
763 2714 852 2762 ἄλλη
864 2714 1038 2767 Ψύρων”
1002 2731 1133 2784 Νεγγυς.

87 2769 196 2810 Ἔστι
215 2770 276 2810 καὶ
295 2743 444 2819 ιίι’λλη,“ε
425 2787 472 2815 ως
489 2770 612 2811 Κλέων
633 2775 651 2810 ὃ
666 2772 935 2825 Συρακούσιος’
922 2789 957 2812 εν
977 2776 1027 2826 τῶ
1048 2774 1136 2828 Περὶ

89 2831 157 2868 τῶν
171 2829 336 2880 λιμένων,
359 2829 519 2881 ἄδενδρος
536 2824 637 2869 ουσα.

140 2890 244 2935 νῆσος
258 2903 344 2941 προς
362 2893 438 2932 ταῖς
454 2890 502 2928 Κ.
515 2888 570 2940 ]«
553 2891 772 2927 «Existimo
797 2891 896 2928 hanc
914 2893 1106 2929 insulam
1095 2907 1136 2930 111

89 2947 173 2983 sinu
194 2948 377 2984 Saronico
394 2959 471 2984 esse
492 2948 777 2995 collocandam,
804 2957 919 2999 atque
936 2951 1036 2987 inter
1054 2952 1137 2988 illas

130 3054 231 3087 eleon
253 3056 432 3096 Magnesius
454 3056 513 3096 (ex
531 3056 587 3097 iis,
609 3056 665 3098 qui
689 3058 801 3090 Hermi
824 3060 901 3091 sunt
917 3060 1055 3101 accolae)
1084 3069 1138 3092 eos

90 3105 230 3138 maxime
247 3105 392 3139 homines
407 3116 515 3140 rerum
536 3108 699 3141 miraculis
721 3109 817 3141 fidem
839 3110 956 3142 habere
973 3119 1039 3142 non
1064 3119 1137 3142 con—

91 3163 198 3188 suesse
222 3156 365 3197 dicebat,
385 3159 502 3199 quibus
524 3159 558 3191 in
581 3160 651 3192 tota
674 3160 742 3192 vita
764 3170 831 3193 non
854 3161 1037 3202 contigisset
1063 3162 1140 3202 ipsis

92 3207 267 3247 quicquam
281 3207 400 3241 intueri
418 3209 506 3250 quod
521 3212 604 3243 esset
617 3212 781 3244 communi
801 3212 968 3244 hominum
991 3213 1139 3253 opinione

92 3258 215 3298 majus3
234 3268 268 3292 se
283 3261 370 3293 certe
387 3261 504 3294 adduci
516 3272 608 3304 posse
623 3264 661 3296 ut
673 3264 817 3297 crederet
826 3266 858 3297 et
872 3265 1002 3306 Tityum
1016 3267 1048 3297 et
1061 3266 1140 3297 alios

94 3310 375 3355 eapnagnitudine,
392 3321 489 3354 quam
507 3314 591 3347 fama
607 3316 764 3357 prodidit,
780 3317 888 3349 fuisse.
908 3318 1041 3349 Venisse
1053 3318 1138 3349 enim

94 3361 176 3394 forte
187 3363 408 3405 se-aliquando
428 3367 535 3400 Gades
551 3369 584 3400 et
609 3368 650 3401 ab
667 3378 705 3401 ea
719 3369 823 3402 insula
837 3374 912 3402 cum
934 3370 1002 3402 tota
1018 3370 1067 3402 sui
1087 3379 1140 3402 co·

95 3411 224 3446 mitatus
236 3414 332 3447 turba
345 3418 491 3451 Herculis
500 3418 589 3460 jussu
603 3420 785 3462 enavigasse
792 3432 802 3462 ;
817 3430 894 3454 mox
908 3421 1025 3454 iterum
1035 3421 1140 3454 Gades

1184 375 1374 423 objacent.
1389 377 1532 412 Plinius
1549 378 1597 414 H.
1612 378 1656 412 N.
1669 379 1736 422 IV,
1756 390 1770 412 1
1780 390 1801 413 2
1820 390 1828 413 ι
1848 379 1876 414 S
1878 382 1967 414 iroeo
1978 383 2228 427 promontorio

1181 436 1354 481 obsacent
1377 435 1532 479 Eleusa,
1571 436 1746 479 Dendror,
1783 437 1962 483 Craugiae
1980 439 2083 481 duoe,
2118 438 2227 473 Sela-

1182 492 1308 536 chusa,
1334 492 1540 537 Cenchreis,
1557 495 1684 541 Aspis.
1698 495 1743 529 In
1752 495 1980 531 membranis
1989 496 2230 532 Bibliothecae

1182 551 1347 600 publicae
1362 563 1434 599 pro
1457 552 1625 601 Dendros
1639 553 1875 601 conspicitur
1897 554 2100 598 Alendrm‘,
2125 553 2232 601 quod

1184 611 1278 645 mihi
1295 611 1552 657 suspicionem
1566 609 1691 657 injicit
1708 611 1799 646 olim
1816 612 1857 646 in
1872 612 1987 647 Plinii
2006 612 2232 659 exemplari-

1184 663 1256 698 bus
1267 663 1467 698 Adendros
1480 663 1591 699 fuisse
1613 671 1830 709 exaratum,
1859 676 2019 711 eamque
2035 676 2112 700 esse
2131 665 2234 700 insu-

1183 722 1258 758 lam
1269 748 1279 766 ,
1293 720 1400 768 cujus
1412 722 1526 757 situm
1538 722 1748 770 Stephanus
1764 722 1863 757 infra
1877 723 2013 758 reticet
2029 735 2039 767 3
2057 728 2173 770 atque
2187 722 2234 758 ab

1185 780 1368 816 arborum
1385 780 1542 816 raritate
1555 792 1602 815 ex
1616 780 1756 816 Cleone
1770 780 2005 827 Syracusano
2025 780 2078 815 sic
2090 778 2232 815 dictam

1184 838 1374 886 perhibet.
1409 854 1425 871 >2
1454 840 1620 876 Brun-212.

1242 898 1418 934 Cleonem
1431 897 1596 933 Siculum
1610 909 1688 933 una
1700 909 1787 933 cum
1799 897 2055 941 Timosthene,
2070 896 2137 944 qui
2150 896 2238 932 item

1189 953 1277 1006 Περὶ
1313 953 1462 1004 λιμένων
1495 956 1666 1004 scripsit,
1704 956 1805 991 inter
1843 955 1966 991 fontes
1996 967 2083 990 suos
2100 966 2237 991 recena

1186 1021 1269 1050 sent
1287 1015 1470 1063 Scymnus
1487 1015 1601 1051 Chius
1619 1014 1673 1062 (v.
1693 1027 1709 1049 1
1720 1013 1766 1049 18
1781 1026 1789 1049 z
1803 1011 1927 1064 καὶτῷ
1943 1012 2080 1064 Σικελῷ
2101 1010 2237 1050 Κλέωνι

1187 1070 1248 1109 καὶ
1286 1072 1512 1122 Τιμοσθένει)
1553 1080 1592 1109 et
1633 1073 1850 1108 Marcianus
1886 1072 2040 1108 Heracl.
2076 1084 2117 1120 p.
2165 1084 2179 1107 1
2191 1084 2237 1107 ια

1187 1131 1249 1168 ed.
1269 1132 1408 1169 Miller.
1437 1128 1563 1181 (...κα“ι
1585 1128 1827 1181 Ἀνδροσθένης
1853 1128 2004 1177 Θάσιος,
2031 1128 2092 1166 καὶ
2119 1127 2240 1167 Κλέων

1187 1190 1205 1226 ὁ
1220 1181 1454 1236 Σικελιώτης,
1472 1187 1621 1232 Εὔδοξος
1643 1187 1679 1226 δὲ
1702 1190 1720 1225 ὁ
1751 1187 1887 1231 Ῥόδιος
1908 1188 2007 1239 κτλ.)
2025 1196 2062 1225 et
2073 1189 2238 1225 Avienus

1188 1249 1229 1283 in
1256 1249 1331 1285 Ora
1357 1249 1487 1284 marit.
1532 1247 1596 1291 48.
1626 1249 1798 1284 Fortasse
1830 1254 1884 1283 est
1917 1247 2036 1283 Cleon
2061 1247 2207 1283 Siculus
2228 1273 2238 1291 ‚

1187 1305 1394 1342 Alexandri
1433 1306 1563 1354 Magni
1605 1318 1732 1342 comes
1769 1306 1934 1353 vilisque
1969 1304 2157 1350 adulator,
2193 1304 2242 1340 de

1188 1376 1265 1411 quo
1284 1375 1322 1398 v.
1348 1364 1520 1400 Curtium
1537 1362 1703 1409 V111‚5.
1724 1364 1900 1402 Ceterum
1916 1363 2065 1400 Cleonis
2079 1374 2238 1407 nomen,

1187 1422 1343 1470 opinor,
1368 1421 1634 1469 reponendum
1653 1429 1707 1458 est
1734 1435 1797 1471 ap.
1815 1422 1936 1458 schol.
1955 1422 2134 1471 Apollon.
2162 1421 2238 1459 Rh.

1189 1481 1244 1525 ΙΙ,
1264 1492 1380 1528 297.
1396 1476 1505 1517 Ἔστι
1523 1478 1591 1530 γὰρ
1611 1493 1668 1516 και
1691 1472 1793 1522 Αἶνος
1812 1477 1889 1530 ὅρος
1904 1481 1967 1524 τ’ἧς
1985 1477 2243 1538 Κεφαλληνίας,

1188 1535 1274 1574 ὅπου
1299 1535 1380 1580 Διὸς
1405 1535 1531 1610 ἱερόν’
1516 1551 1608 1574 εστι·
1625 1530 1664 1574 οἷ
1687 1536 1921 1609 μνημονεύει
1920 1536 1981 1574 καὶ
2014 1535 2118 1574 Λέων
2141 1536 2242 1586 (1.οὗ

1189 1610 1248 1645 μν.
1267 1593 1451 1645 Κλέων)’
1435 1611 1470 1633 εν
1496 1594 1668 1647 Περίπλῳ
1687 1595 1801 1646 (fort.
1823 1596 1858 1633 ἐν
1874 1596 1924 1647 τῷ
1955 1594 2043 1646 Περὶ
2069 1593 2241 1644 λιμένων)

1188 1669 1248 1691 και
1264 1651 1492 1703 Δημοσθένης
1510 1653 1552 1706 (l.
1568 1654 1708 1705 Τιμ.)’
1692 1668 1727 1691 εν
1738 1658 1810 1697 τοῖς
1823 1633 1986 1704 Λιμέσιν.
2002 1655 2243 1702 —Denique

1187 1714 1315 1749 nescio
1332 1726 1379 1749 an
1399 1712 1564 1749 Cleontis
1582 1724 1723 1748 nomen
1742 1713 1859 1748 lateat
1878 1712 1982 1761 apud
1998 1712 2117 1750 schol.
2144 1713 2191 1750 Il.
2211 1725 2242 1759 ε,

1191 1772 1227 1818 6,
1248 1772 1315 1807 ubi
1331 1772 1519 1808 Cleander
1535 1771 1755 1819 Syracusius
1768 1771 1816 1807 de
1837 1778 2061 1820 argumento
2085 1770 2135 1806 ad
2156 1783 2244 1819 geo-

1190 1832 1389 1881 graphiam
1408 1831 1620 1879 pertinente
1638 1831 1817 1867 laudatur
1839 1843 1848 1867 ι
1874 1828 2071 1882 Κλέανδρος
2094 1828 2241 1880 [Κλέων

1194 1887 1248 1927 δὲῗ
1268 1889 1283 1940 ]
1297 1891 1315 1926 ὃ
1331 1887 1569 1939 Συρακούσιος
1586 1888 1620 1925 ἐν
1638 1890 1687 1940 τῷ
1701 1887 1789 1940 Περὶ
1805 1891 1865 1926 τοῦ
1881 1887 2051 1939 ὁρίζοντος
2073 1886 2239 1940 εὈμηρόν

1195 1963 1281 2000 φησι
1309 1948 1446 1999 πρῶτον
1480 1944 1611 1983 ἔννοιαν
1635 1945 1804 1998 ὁρίζοντος
1833 1947 2006 1993 δηλῶσαι,
2036 1947 2099 1984 οὔκ
2117 1945 2244 1994 ὄνομά-

1193 2020 1303 2043 σαντα
1323 2002 1385 2055 μὲν
1403 2003 1558 2057 ὁρίζοντα
1577 2004 1833 2055 (μαθηματικὴ
1856 2004 1924 2056 γὰρ
1942 2002 2004 2050 ἥδε
2021 2003 2181 2054 κλῆσις),
2201 2004 2247 2041 εἰ·

1193 2062 1303 2100 πόντοι
1325 2061 1362 2100 δὲ
1383 2062 1441 2100 ἐπὶ
1461 2066 1521 2100 τοῦ
1536 2062 1646 2106 κυνός
1670 2080 1685 2096 tt
1705 2060 2105 2115 λαμπρὸν-παμφαίνῃσι
2121 2062 2244 2100 λελου-

1194 2121 1294 2172 μένος
1311 2120 1507 2168 Ὠκεανοῖο,
1536 2138 1551 2155 »
1574 2120 1649 2159 ἐπεὶ
1668 2120 1718 2159 ἔτι
1734 2121 1949 2173 κέκρυπται,
1969 2119 2171 2172 ὑπερκύψας
2206 2119 2241 2158 δὲ

1194 2179 1251 2218 τὸν
1275 2179 1431 2229 ὁρίζοντα
1445 2179 1608 2231 λαμπρὸν
1635 2178 1861 2232 παμφαίνῃσι
1880 2179 2085 2228 λελουμένος
2106 2178 2242 2218 Ὠκεα-

1195 2242 1278 2275 νοῖο·
1297 2239 1315 2275 ὃ
1340 2235 1408 2289 γὰρ
1424 2240 1575 2280 τοιοῦτος
1595 2236 1705 2275 ἄνεισι
1721 2236 1783 2288 μὲν
1797 2238 1837 2275 ἐκ
1850 2240 1910 2275 τοῦ
1927 2236 2117 2288 Ὠκεανοῦ,
2133 2236 2184 2276 ὅτι
2196 2236 2246 2275 ἔτι

1197 2295 1404 2348 κέκρυπται.
1418 2312 1435 2330 1>
1454 2318 1506 2324 —
1525 2297 1578 2335 Οὐ
1594 2295 1719 2343 λέληθε
1739 2295 1775 2333 δὲ
1789 2294 1849 2333 καὶ
1863 2295 1920 2334 τὸν
1940 2294 2101 2348 Ἄρατον,
2122 2295 2242 2348 ἁρπά-

1195 2369 1305 2392 σαντα
1336 2353 1400 2400 τὴν
1421 2352 1538 2406 φωνὴν
1570 2353 1628 2392 ἐπὶ
1646 2357 1707 2392 τοῦ
1736 2353 1904 2406 ὁρίζοντος
1930 2354 2037 2406 φάναι
2069 2372 2087 2388 «ι
2121 2354 2244 2407 ὑψόθεν

1195 2412 1393 2452 Ὠκεανοῖο.
1422 2429 1438 2446 υ
1460 2415 1655 2451 Postrema
1674 2414 1721 2450 de
1740 2416 1859 2451 Arato
1882 2427 1962 2450 non
1980 2426 2001 2451 e
2029 2414 2217 2453 Cleandro
2233 2442 2244 2460 ‚

1195 2473 1259 2509 sed
1279 2485 1324 2509 ex
1336 2473 1495 2508 Homeri
1511 2480 1807 2509 commentatore
1823 2472 2013 2509 fluxerint.

1249 2532 1396 2567 Tertius
1414 2532 1529 2567 Cleon
1541 2538 1595 2567 est
1613 2533 1814 2578 citriensis,
1832 2529 2109 2581 Ἀργοναυτικῶν
2123 2538 2241 2580 poeta

1199 2589 1340 2638 (schol.
1357 2591 1431 2637 Ap.
1453 2588 1576 2626 Rhod.
1593 2592 1625 2635 Ι,
1642 2602 1704 2636 77.
1731 2588 1821 2635 587.
1842 2589 1934 2630 625.
1952 2590 2008 2626 Cf.
2032 2590 2241 2626 Weichert.

1207 2645 1331 2684 Ueber
1343 2648 1381 2682 d.
1401 2648 1486 2683 Leb.
1507 2661 1543 2683 u.
1554 2649 1590 2684 d.
1600 2647 1721 2695 Sclzfc.
1733 2649 1772 2687 d.
1789 2648 2037 2696 Apollonius),
2049 2648 2150 2683 idem
2162 2647 2244 2683 for-

1198 2713 1292 2741 tasse
1312 2718 1399 2741 cum
1415 2706 1554 2742 Cleone
1574 2705 1778 2756 ἐλεγοποιῷ,
1797 2705 1903 2752 cujus
1922 2706 2095 2742 meminit
2113 2712 2248 2743 auctor

1197 2766 1320 2812 Etym.
1341 2765 1394 2801 M.
1415 2776 1456 2812 p.
1474 2763 1550 2812 389
1569 2763 1640 2814 (cf.
1659 2765 1824 2801 Meinck.
1844 2764 1894 2800 ad
1908 2765 2079 2813 Euphor.
2099 2777 2137 2813 p.
2157 2762 2243 2811 154)

1199 2828 1237 2857 et
1252 2823 1389 2858 Pollux
1401 2823 1454 2868 X,
1476 2835 1540 2871 97.

1608 2930 1829 2945 “000oe-

1197 3069 1371 3100 reversum,
1386 3061 1547 3092 marinum
1562 3061 1724 3094 hominem
1734 3061 1767 3093 iu
1784 3061 1859 3094 litus
1872 3062 2009 3102 ejectum
2026 3060 2182 3093 invenisse
2194 3062 2244 3091 ni-

1199 3113 1262 3144 hilo
1280 3113 1460 3145 breviorem
1474 3113 1624 3154 jugerum
1640 3115 1783 3155 quinque
1798 3115 1900 3155 spatio
1910 3138 1919 3153 ,
1934 3114 1990 3155 qui
2003 3123 2022 3146 a
2037 3114 2096 3146 deo
2112 3112 2245 3145 fulmine

1197 3164 1281 3196 ictus
1291 3164 1440 3197 incensus
1453 3166 1532 3197 erat.
1549 3166 1655 3206 Atque
1669 3166 1740 3198 haec
1754 3165 1885 3206 quidem
1898 3166 1960 3198 ille.

1528 3249 1596 3288 DE
1626 3250 1908 3290 PORTUBUS.

1239 3318 1330 3358 Aspis
1348 3319 1397 3350 est
1421 3327 1551 3359 quoque
1577 3319 1683 3352 insula
1703 3320 1798 3360 Juxta
1820 3319 1992 3360 Cycladas3
2010 3318 2043 3350 et
2059 3317 2120 3348 alia
2144 3324 2242 3356 prope

1198 3371 1318 3410 Psyra3
1345 3370 1377 3401 et
1397 3370 1460 3401 alia
1487 3370 1658 3404 arboribus
1682 3379 1814 3411 carens,
1842 3371 1879 3402 ut
1907 3370 2007 3403 Cleon
2031 3368 2063 3400 in
2087 3367 2169 3399 libro
2193 3369 2240 3398 De

1197 3421 1355 3462 portubus
1369 3423 1487 3454 narrat.
