2326 3724
961 182 1290 222 FRAGMENTA.
2150 193 2199 228 93

58 271 124 324 γὰρ
143 270 259 322 ἔμενεν
281 269 459 323 ἀστεμφὴς
478 270 537 308 καὶ
562 270 601 308 τὸ
621 263 710 313 εἶδος
738 269 1015 322 ἀμετάτρεπτος,
1038 270 1096 308 καὶ

0 330 9 366 ⁷:
57 329 154 369 οὐδὲν
178 330 255 368 οὔτε
282 329 392 380 λέ(ων
415 329 491 367 οὔτε
519 332 626 367 ποιῶν
646 330 793 380 γέλωτος
817 328 979 380 ἐχόμενον
1000 329 1097 380 ἐφαί-

0 379 27 431 32-
57 403 150 435 νετο,
173 386 295 434 πλὴν
283 386 334 425 ότι
355 403 412 425 τον
445 386 613 425 νεώτατον
634 403 701 424 των
722 385 855 424 παίδων
875 388 884 435 (
901 385 1030 437 Ἠρνᾶς
1061 384 1096 424 δὲ

57 445 166 496 ὄνομα
183 446 320 499 τούτῳ)
343 445 493 484 εἰσιόντα
522 445 592 484 καὶ
606 447 814 497 παρεστῶτα
832 438 922 482 εἷλκε
940 447 1001 491 τῆς
1028 459 1098 481 πα-

22 526 25 529 *
58 511 167 558 ρειᾶς,
183 506 346 556 γαληνοῖς
362 503 610 542 &meh-{mv
590 519 727 554 ομμασι
747 502 830 556 πρὸς
849 503 966 542 αὐτόν.
985 502 1097 552 Ἐμου

57 564 92 603 δὲ
108 563 338 614 θαυμάζοντος
353 562 444 607 ὅπως
459 565 529 601 τῶν
543 563 606 614 μὲν
624 563 738 600 ἄλλων
751 562 886 600 παίδων
900 561 1096 613 ὀλιγωροίη,

58 621 140 675 πρὸς
159 621 195 659 δὲ
220 623 348 660 ἐκεῖνον
368 620 442 673 ἔχοι
460 620 517 658 τὸν
541 625 635 667 νοῦν,
657 623 674 658 ὁ
697 620 990 673 παρακαθήμενος
1011 619 1099 672 βάρ-

10 717 15 726 ,
58 680 179 732 ὅαρος,
196 679 319 722 συνιεὶς
334 682 394 725 τῆς
411 678 588 718 Αὔσονίων
605 682 720 732 φωνῆς
734 679 792 717 καὶ
809 682 876 717 τῶν
893 678 976 731 παρ’
993 681 1098 716 αὐτοῦ

0 746 16 771 ἱ
58 753 116 790 μοι
131 737 372 791 ῥηθησομένων
389 737 495 787 μηδὲν
511 738 660 788 ἐκλέγειν
675 737 864 790 προειπὼν,
879 737 1008 791 ἔφασκε
1022 737 1099 781 τοὺς

0 793 9 830 Τ
58 797 196 847 μάντεις
214 795 431 849 τῷ-Ἀττήλα
447 795 758 848 προηγορευκέναι,
775 795 814 834 τὸ
836 795 897 846 μὲν
916 797 1021 834 αὐτοῦ
1038 812 1099 834 πε-

57 856 190 893 σεῖσθαι
205 854 299 906 γένος
311 884 320 902 ,
338 854 404 893 ὑπὸ
422 854 456 891 δὲ
473 858 532 892 τοῦ
549 855 671 898 παιδὸς
688 854 946 901 ἀναστήσεσθαι
961 854 1096 894 τούτου.

58 914 123 958 Ὡς
149 913 184 951 δὲ
213 915 247 952 ἓν
275 915 325 965 τῷ
355 912 539 965 συμποσίῳ
566 907 678 950 εἷλκον
709 911 769 959 τὴν
796 911 924 961 νύκτα,
951 912 1098 960 ὑπεξήλ-

0 968 6 975 ’
57 977 172 1023 θομεν,
193 971 250 1010 ἐπὶ
277 971 366 1010 πολὺ
388 971 436 1022 μὴ
469 972 693 1023 βουληθέντες
719 973 769 1025 τῷ
799 970 895 1024 πότῳ
921 987 1100 1024 προσκαρ-

57 1037 181 1084 τερεὶν.

112 1089 270 1142 “Ημε’ρας
287 1089 323 1127 δὲ
339 1090 523 1140 γενομένης
543 1089 600 1128 ἐπὶ
619 1089 676 1128 τὸν
697 1090 908 1140 Ὀνηγήσιον
934 1090 1099 1141 ἤλθομεν,

57 1152 184 1202 χρῆναι
213 1151 306 1199 ἡμᾶς
331 1149 532 1201 διαφεθῆναι
563 1148 719 1200 λέγοντες
749 1149 809 1186 καὶ
841 1147 890 1198 μὴ
921 1149 1101 1196 τηνάλλως

57 1208 186 1260 τρίὸειν
202 1207 260 1245 τὸν
270 1207 406 1260 χρόνον.
427 1207 496 1246 Καὶ
511 1207 546 1251 ὃς
563 1207 627 1260 ἔφη
642 1207 768 1246 ἐθέλειν
782 1207 841 1246 καὶ
855 1208 913 1246 τὸν
931 1207 1099 1255 Ἀττήλαν

58 1265 279 1316 ἀποπέμπειν
303 1270 404 1315 ἡμᾶς.
427 1265 497 1304 Καὶ
518 1266 640 1319 μικρὸν
662 1266 831 1305 διαλιπὼν
852 1266 927 1316 ἅμα
953 1269 1022 1309 τοῖς
1040 1268 1102 1305 λο-

57 1325 158 1376 γάσιν
185 1324 385 1362 ἐὸουλεύετο
413 1324 578 1377 περὶτῶν
599 1325 748 1378 Ἀττήλα
780 1325 1013 1376 δεδογμένων,
1040 1324 1100 1363 καὶ

56 1382 100 1421 τὰ
126 1383 262 1435 βασιλεῖ
282 1383 567 1433 ἀποδοθησόμενα
585 1382 769 1421 συνέταττε
786 1383 979 1435 γράμματα
991 1413 1001 1430 ,
1015 1387 1097 1421 ὑπο-

57 1440 216 1494 γραφέων
236 1441 332 1494 αὐτῷ
350 1440 530 1492 παρόντων
553 1440 614 1478 καὶ
642 1440 882 1489 Ῥουστικίου,
902 1441 1022 1494 ἀνδρὸς
1042 1444 1102 1492 ὁρ-

59 1499 219 1550 μωμένου
241 1498 303 1549 μὲν
331 1500 371 1537 ἐκ
388 1502 450 1545 τῆς
482 1498 553 1537 ἄνω
585 1499 741 1547 Μυσίας,
764 1501 906 1545 ἁλόντος
935 1500 970 1538 δὲ
991 1503 1026 1539 ἐν
1050 1502 1100 1553 τῷ

57 1559 218 1608 πολέμῳ,
239 1557 296 1595 καὶ
325 1557 381 1596 διὰ
405 1557 516 1608 λόγων
540 1557 666 1611 ἀρετὴν
685 1560 734 1611 τῷ
768 1558 938 1612 βαρὸάρῳ
972 1559 1029 1598 ἐπὶ
1056 1562 1100 1611 τῇ

57 1616 362 1668 τῶνιγραμμάτων
392 1617 663 1667 διαπονουμένου
695 1617 868 1662 συντάξει.
900 1617 966 1662 Ὡς
998 1617 1033 1656 δὲ
1062 1620 1101 1656 ἐκ

58 1678 119 1722 τῆς
145 1675 286 1713 συνόδου
322 1673 506 1723 διανέστη,
527 1675 717 1725 ἐδεήθημεν
747 1677 851 1714 αὐτοῦ
873 1676 951 1729 περὶ
971 1676 1101 1720 λύσεως

58 1735 119 1779 τῆς
139 1734 277 1772 Σύλλου
306 1736 462 1784 γαμετῆς
490 1733 550 1771 καὶ
581 1736 650 1771 τῶν
679 1733 812 1781 ἐκείνης
830 1734 980 1786 παίδων,
1001 1737 1035 1773 ἐν
1058 1739 1100 1788 τῇ

59 1790 262 1844 Ῥατιαρίας
287 1791 625 1843 ἀνδραποδισθέντων
655 1793 796 1834 ἁλώσει,
831 1795 903 1832 Καὶ
922 1794 1008 1846 πρὸς
1037 1793 1100 1845 μὲν

57 1848 118 1896 τὴν
135 1852 247 1889 αὐτῶν
265 1853 326 1889 οὐκ
348 1851 566 1905 ἀπηγόρευσε
586 1851 696 1898 λύσιν,
717 1851 774 1890 ἐπὶ
793 1854 933 1896 πολλοῖς
954 1852 990 1891 δὲ
1013 1860 1102 1906 σφᾶς

58 1908 220 1948 ε’ὅούλετο
231 1909 412 1962 χρήμασιν
429 1912 652 1961 ἀπεμπολᾶν.
673 1910 797 1961 Ἡμῶν
813 1910 848 1949 δὲ
863 1912 969 1950 ἐλεεῖν
980 1911 1101 1956 αὐτοὺς

1160 273 1220 316 τῆς
1251 268 1359 320 τύχης
1390 269 1652 318 ἱκετευσάντων,
1684 269 1745 317 τὴν
1777 272 1947 325 προτέραν
1981 276 2202 324 εὐδαιμονίαν

1158 326 1392 378 λογιζόμενον,
1415 327 1513 374 διέὸη
1534 344 1572 365 τε
1588 328 1672 380 πρὸς
1689 329 1746 367 τὸν
1767 329 1947 378 Ἀττήλαν,
1970 332 2029 370 καὶ
2053 333 2114 379 τὴν
2139 334 2201 384 μὲν

1158 388 1307 436 γυναῖκα
1341 386 1398 423 ἐπὶ
1429 386 1666 430 πεντακοσίοις
1698 388 1845 440 διαφῆκε
1879 393 2037 441 χρυσοῖς,
2061 391 2137 435 τοὺς
2166 392 2201 430 δὲ

1157 445 1285 487 παῖδας
1321 445 1428 496 δῶρον
1467 444 1602 495 ἔπεμπε
1640 447 1790 498 βασιλεῖ.
1832 447 1896 486 Ἐν
1928 448 2039 501 τούτῳ
2069 450 2105 487 δὲ
2142 454 2202 488 καὶ

1158 505 1180 549 ἡ
1202 501 1328 542 Ῥέκαν
1347 504 1446 556 (leg.
1466 503 1526 542 καὶ
1548 504 1668 556 Κρέκα
1681 535 1692 555 ,
1713 514 1756 543 ut
1774 508 1912 556 supra)
1930 509 1951 553 ἡ
1976 511 2037 545 τοῦ
2055 508 2202 555 Ἀττήλα

1159 561 1295 612 γαμετὴ
1313 561 1409 613 παρὰ
1431 562 1573 613 Ἀδάμει
1591 566 1658 601 τῶν
1674 565 1779 611 αὐτῆς
1799 565 2016 617 πραγμάτιον
2045 566 2106 613 τὴν
2129 569 2203 605 ἐπι-

1159 619 1291 671 τροπὴν
1326 620 1439 672 ἔχοντι
1469 622 1617 660 δειπνεῖν
1650 625 1744 672 ἡμᾶς
1775 623 1981 675 παρεκάλει.
2014 625 2085 664 Καὶ
2119 628 2202 678 παρ’

1161 678 1262 717 αὐτὸν
1292 680 1445 723 ἐλθόντες
1465 679 1541 730 ἅμα
1560 681 1630 718 τισὶ
1659 684 1734 735 τῶν.
1758 684 1797 732 ἐκ
1823 686 1882 720 τοῦ
1915 682 2026 727 ἔθνους
2047 685 2203 735 λογάδων

1160 737 1410 790 φιλοφροσύνης
1427 738 1611 790 ἐτύχομεν.
1631 739 1828 783 Ἔδεξῑοῧτο
1849 742 1883 779 δὲ
1905 745 2000 792 ἡμᾶς
2022 744 2205 795 μειλιχίοις

1159 811 1196 833 τε
1236 795 1349 847 λόγοις
1380 796 1440 835 καὶ
1466 799 1510 850 ’τῇ
1539 801 1608 836 τῶν
1651 798 1830 848 ἐδωδίμων
1870 804 2093 852 παρασκευῇ.
2133 803 2205 841 Καὶ

1160 853 1304 898 ἕκαστος
1327 857 1395 893 τῶν
1416 858 1596 908 παρόντων
1616 859 1769 909 Σκυθικῇ
1786 858 1962 910 φιλοτιμίᾳ
1978 858 2103 897 κύλικα
2120 864 2204 910 ἡμῖν

1160 913 1278 986 πλήρη
1308 914 1568 965 διανιστάμενος
1588 915 1720 967 ἐδίδου,
1750 916 1810 954 καὶ
1829 915 1886 954 τὸν
1913 917 2076 955 ἐκπιόντα
2101 934 2205 970 περι-

1162 971 1248 1010 Εαλ
1232 988 1279 1010 ων
1297 972 1356 1011 καὶ
1375 972 1523 1026 φιλήσας
1533 973 1663 1022 ταύτην
1681 974 1831 1027 ἐδέχετο.
1851 975 1958 1014 Μετὰ·
1967 975 2002 1013 δὲ
2016 975 2055 1014 τὸ
2071 978 2205 1016 δεῖπνον

1161 1030 1217 1068 ἐπὶ
1237 1029 1299 1077 τὴν
1327 1031 1456 1079 σκηνὴν
1479 1033 1666 1077 ἐλθόντες’
1652 1050 1683 1076 ες
1704 1032 1809 1072 ὕπνον
1842 1033 2055 1083 ἐτράπημεν.
2086 1038 2143 1088 Ἰῇ
2169 1036 2205 1074 δὲ

1162 1090 1328 1143 ὑστεραία
1346 1091 1402 1129 ἐπι
1423 1091 1615 1142 συμπόσιον
1642 1096 1736 1136 αὐθις
1757 1096 1852 1143 ἡμᾶς
1871 1093 2039 1140 Ἀττήλας
2067 1095 2204 1143 ἐκάλει,

1161 1163 1221 1186 και
1240 1165 1289 1187 τι)
1309 1149 1469 1203 προτέρω
1489 1150 1606 1204 τρόπω
1623 1151 1720 1203 παρά
1737 1167 1773 1189 τε
1791 1151 1892 1190 αὐτὸν
1913 1153 2117 1202 εἰσήλθομεν
2147 1170 2207 1192 και

1160 1208 1193 1250 ἐς
1212 1206 1274 1254 τὴν
1294 1209 1443 1261 εὐωχίαν
1460 1210 1673 1261 ἐτράπημεν.
1690 1210 1879 1249 Συνέὸαινε
1894 1211 1929 1249 δὲ
1942 1212 2000 1249 ἐπὶ
2011 1216 2072 1259 τῆς
2088 1212 2207 1260 κλίνης

1164 1265 1238 1316 ἅμα
1265 1269 1360 1320 αὐτῷ
1391 1267 1439 1317 μὴ
1465 1268 1522 1306 τὸν
1547 1269 1786 1342 πρεσὸύτερον
1815 1272 1885 1307 τῶν
1915 1270 2050 1309 παίδων
2084 1275 2207 1318 ἧσθαι,

1161 1324 1250 1362 ἀλλὰ
1264 1324 1330 1378 γαρ
1348 1325 1577 1379 Ὠηὸάρσιον,
1591 1330 1679 1366 θεῖον
1696 1330 1789 1366 αὐτῶ
1803 1328 2021 1380 τυγχάνοντα
2036 1329 2122 1384 πρὸς
2138 1346 2206 1368 πα-

1161 1382 1249 1434 τρός.
1265 1383 1369 1436 Παρὰ
1378 1391 1447 1422 πᾶν
1460 1384 1495 1423 δὲ
1510 1385 1551 1423 τὸ
1566 1386 1758 1437 συμπόσιον
1772 1368 1885 1439 λόγοις
1900 1389 2208 1441 φιλοφρονούμενος

1161 1441 1300 1492 φράζειν
1327 1445 1422 1493 ἡμᾶς
1444 1445 1586 1495 βασιλεῖ
1605 1445 1857 1497 παρεκελεύετο
1877 1461 1927 1483 τω
1951 1447 2207 1500 Κωνσταντίω,

1160 1499 1195 1542 ὃς
1215 1500 1312 1537 αὐτῶ
1339 1501 1437 1554 παρὰ
1458 1502 1587 1541 Ἀετίου
1619 1503 1816 1542 ἀπέσταλτο
1846 1504 2072 1558 ὑπογραφέως
2092 1506 2207 1558 χάριν,

1161 1557 1292 1596 διδόναι
1322 1559 1364 1606 ἣν
1398 1562 1493 1598 αὐτῶ
1515 1564 1664 1612 γυναῖκα
1694 1562 1753 1600 καὶ
1783 1562 1966 1615 υπέσχετο.
1998 1564 2106 1616 Παρὰ
2140 1564 2208 1617 γὰρ

1159 1616 1216 1654 τὸν
1247 1618 1394 1669 βασιλέα
1416 1621 1604 1659 Θεοδόσιον
1641 1620 1716 1672 ἅμα
1748 1627 1819 1664 τοῖς
1847 1624 2004 1660 σταλεῖσι
2033 1622 2129 1675 παρὰ
2149 1640 2208 1662 του

1160 1674 1310 1722 Ἀττήλα
1327 1677 1515 1729 πρέσὸεσιν
1537 1679 1742 1732 ἀφικόμενος
1765 1683 1783 1718 ὁ
1811 1681 2051 1725 Κωνστάντιος
2070 1681 2132 1728 τὴν
2161 1685 2207 1720 εἰ·

1162 1733 1266 1786 ρήνην
1288 1735 1477 1787 Ῥωμαίοις
1505 1739 1564 1776 καὶ
1585 1738 1774 1782 Emeum*
1756 1755 1882 1792 εφησεν
1905 1740 1961 1778 ἐπὶ
1983 1756 2116 1793 μακρον
2146 1757 2209 1794 φυ-

1161 1792 1347 1834 λάττεσθαι
1378 1796 1499 1848 χρόνον
1531 1797 1825 1850 παρασκευάσειν,
1853 1798 1893 1836 ἂν
1926 1800 2021 1837 αὐτω
2058 1803 2207 1851 γυναῖκα

1163 1850 1307 1905 εὔπορον
1326 1854 1414 1901 δοίη.
1440 1856 1510 1894 Καὶ
1530 1872 1614 1909 προς
1638 1860 1738 1895 τοῦτο
1759 1857 1921 1896 ἐπένευσε
1943 1858 2120 1910 βασιλευς,
2148 1859 2208 1897 καὶ

1163 1911 1376 1964 Σατορνίλου
1397 1916 1578 1967 περιουσία
1602 1930 1662 1953 και
1680 1915 1769 1967 γένει
1785 1916 2023 1967 κοσμουμένου
2038 1917 2207 1970 θυγατέρα

39 2039 41 2041 ’
57 2050 180 2083 semper
195 2042 306 2074 eodem
323 2043 428 2082 vultu,
447 2044 551 2076 omnis
569 2045 752 2076 mutationis
764 2054 888 2086 expers,
903 2047 934 2078 et
947 2047 1100 2078 immotus
1128 2047 1133 2079 l
1160 2047 1266 2079 randis
1279 2048 1410 2080 minime
1422 2049 1632 2088 abhorrebat,
1645 2049 1698 2081 sed
1713 2058 1824 2081 eorum
1837 2049 2017 2082 libertatem
2032 2059 2146 2090 magna
2157 2059 2207 2091 pe-

59 2093 242 2135 permansit,
257 2102 362 2134 neque
374 2094 546 2135 quicquam
560 2095 664 2127 lacere
680 2097 737 2127 aut
749 2096 866 2135 dicere,
888 2098 974 2137 quod
991 2098 1100 2137 Jocum

58 2147 115 2176 aut
128 2144 321 2177 hilaritatem
341 2153 407 2185 prae
425 2154 459 2177 se
473 2146 580 2185 ferret,
604 2150 793 2186 conspectus
805 2149 871 2178 est:
885 2151 1100 2188 praeterquam

58 2196 144 2237 quod
166 2196 327 2241 juniorem
345 2205 383 2228 ex
402 2196 474 2229 tiliis
492 2197 708 2230 introeuntem
726 2199 758 2229 et
779 2198 1022 2238 adventantem,
1040 2210 1099 2232 no-

59 2249 145 2281 mine
163 2251 275 2289 Ernas,
293 2249 424 2290 placidis
441 2251 473 2282 et
502 2250 585 2282 laetis
604 2251 704 2282 oculis
727 2252 775 2283 est
795 2251 950 2293 intuitus,
970 2254 1002 2285 et
1026 2262 1101 2285 eum

58 2310 138 2342 gena
152 2301 262 2332 traxit.
286 2303 351 2342 Ego
376 2310 450 2333 vero
470 2311 572 2342 quum
597 2302 785 2342 admirarer,
810 2302 941 2335 Attilam
963 2304 1102 2345 reliquos

59 2361 132 2384 suos
147 2352 264 2384 liberos
277 2353 366 2393 parvi
383 2353 498 2394 facere,
515 2353 654 2385 adhunc
667 2354 771 2385 solum
785 2355 927 2386 animum
944 2355 1081 2395 adjicere
1091 2381 1100 2394 ‚

58 2413 143 2436 unus
155 2413 197 2436 ex
215 2403 378 2443 barbaris,
392 2404 449 2445 qui
471 2413 570 2445 prope
590 2414 642 2437 me
657 2405 787 2438 sedebat
799 2407 831 2437 et
850 2406 972 2438 Latinae
986 2407 1101 2448 linguae

58 2466 152 2489 usum
171 2457 326 2495 habebat,
348 2457 411 2489 tide
427 2457 515 2498 prius
540 2459 690 2498 accepta,
709 2467 761 2490 me
778 2458 856 2490 nihil
875 2468 985 2491 eorum
997 2484 1006 2500 ,
1025 2469 1100 2500 quae

58 2508 252 2549 dicerentur,
263 2510 486 2549 evulgaturum
495 2533 503 2548 ,
512 2509 592 2541 dixit
602 2511 692 2542 vates
703 2510 808 2542 Attilae
818 2510 1006 2543 vaticinatos
1019 2520 1099 2552 esse,

59 2561 127 2602 ejus
146 2571 258 2602 genus,
275 2562 360 2602 quod
385 2562 528 2602 alioquin
544 2562 749 2594 interiturum
762 2563 857 2602 soret,
874 2563 914 2595 ab
929 2564 988 2596 hoc
1002 2573 1100 2605 puero

59 2614 273 2646 restauratum
284 2613 332 2645 iri.
347 2616 389 2646 Ut
401 2622 476 2645 vero
488 2614 672 2646 convivium
686 2614 728 2646 ad
739 2615 874 2647 multam
886 2619 1014 2648 noctem
1029 2626 1101 2657 pro-

59 2668 246 2706 traxerunt,
274 2676 338 2698 non
358 2666 479 2699 diutius
504 2667 596 2700 nobis
616 2668 845 2709 compotationi
870 2669 1100 2711 indulgendum

60 2727 127 2750 esse
140 2718 213 2758 rati,
231 2718 400 2750 exivimus.

101 2770 158 2801 Die
174 2771 304 2809 exorto,
327 2770 515 2810 Onegesium
543 2770 701 2803 adivimus
718 2770 879 2811 dicentes,
902 2781 961 2805 nos
982 2773 1099 2806 dimitti

59 2823 222 2862 oportere,
245 2831 350 2862 neque
362 2823 456 2854 nobis
468 2822 589 2867 diutius
605 2825 731 2864 tempus
747 2824 916 2856 terendum
928 2834 1007 2858 esse.
1025 2826 1099 2865 lile,

61 2875 191 2906 Attilam
207 2884 338 2916 quoque
349 2874 382 2907 in
400 2885 437 2907 ea
451 2884 520 2908 esse
533 2877 716 2917 voluntate,
731 2878 764 2909 et
784 2886 842 2909 nos
854 2877 1014 2910 dimittere
1027 2887 1099 2910 con-

60 2926 198 2958 stituisse
211 2927 382 2967 respondit.
404 2929 515 2968 ltaque
531 2937 593 2959 non
607 2929 712 2960 multo
727 2930 796 2969 post
809 2930 976 2961 consilium
990 2939 1101 2971 proce-

61 2987 132 3009 rum
146 2979 185 3010 de
207 2979 267 3018 his,
284 2988 357 3019 quae
369 2979 480 3011 Attilas
493 2981 663 3020 statuerat,
681 2981 803 3020 habuit,
821 2983 853 3013 et
872 2981 1009 3022 litteras,
1029 2991 1102 3023 quae

60 3029 242 3070 imperatori
269 3030 489 3070 redderentur,
516 3031 653 3071 digessit.
685 3032 826 3064 Aderant
850 3033 936 3064 enim
961 3043 1100 3074 quorum

61 3089 147 3113 curae
157 3082 305 3121 epistolas
321 3082 459 3114 scribere
473 3083 696 3123 incumbebat,
715 3084 799 3115 inter
814 3092 894 3123 quos
910 3086 978 3116 erat
993 3085 1102 3117 Rusti-

61 3132 141 3171 cius,
155 3133 205 3172 vir
222 3142 239 3165 e
254 3133 415 3174 superiore
428 3133 527 3174 Mysia
553 3135 660 3174 ortus,
680 3135 736 3175 qui
752 3135 792 3167 ab
814 3135 958 3167 hostibus
972 3138 1101 3178 captus,

61 3194 161 3225 quum
176 3186 300 3218 dicendi
315 3187 467 3218 facultate
480 3187 611 3227 valeret,
626 3188 761 3219 barbaro
776 3197 905 3229 operam
918 3188 951 3220 in
963 3190 1102 3221 conseri·
1143 3193 1145 3195 ’

61 3236 170 3269 bendis
182 3239 322 3278 epistolis
334 3240 484 3271 navabat.
498 3240 634 3272 Dimisso
647 3241 781 3273 concilio
790 3266 798 3281 ‚
810 3242 850 3273 ab
867 3242 1020 3282 Onegesio
1033 3251 1103 3282 pre-

62 3289 152 3321 cibus
165 3290 405 3329 contendimus,
430 3293 467 3323 ut
488 3293 585 3332 Syllae
607 3293 701 3324 uxori
717 3294 749 3325 et
767 3295 835 3334 ejus
850 3294 969 3333 liberis,
995 3295 1049 3335 qui
1071 3295 1104 3326 in

61 3342 293 3381 expugnatione
307 3343 394 3375 urbis
406 3344 554 3376 Ratiariae
567 3354 631 3376 una
644 3354 718 3377 cum
740 3348 842 3377 matre
865 3347 897 3378 in
919 3348 1103 3378 servitutem

62 3392 180 3424 redacti
196 3395 304 3434 erant,
323 3395 501 3428 libertatem
520 3397 709 3429 restitueret.
732 3399 770 3429 Et
794 3407 869 3430 vcro
895 3398 935 3429 ab
966 3398 1013 3430 his
1030 3398 1103 3430 libe-

1161 2099 1264 2130 cuniae
1278 2108 1403 2130 summa
1416 2108 1434 2131 a
1445 2100 1536 2132 nobis
1545 2103 1686 2141 emptam
1701 2101 1839 2133 volebat.
1855 2103 1968 2142 ltaque
1981 2110 2039 2133 nos
2048 2111 2122 2133 eum
2135 2111 2208 2143 sup-

1160 2150 1259 2191 plices
1272 2159 1363 2183 orare
1379 2152 1411 2182 et
1423 2151 1575 2183 obtestari
1587 2177 1595 2192 ‚
1608 2154 1655 2192 ut,
1674 2152 1781 2184 habita
1794 2161 1906 2184 eorum
1917 2153 2058 2193 pristinae
2073 2154 2209 2186 fortunae

1161 2203 1303 2243 ratione,
1322 2205 1484 2243 praesentis
1502 2204 1693 2237 calamitatis
1712 2205 1989 2238 commiseratione
2010 2208 2206 2238 moveretur.

1164 2255 1232 2294 Ille,
1253 2256 1290 2286 ut
1303 2255 1433 2286 Attilam
1447 2255 1538 2295 adiit,
1554 2256 1721 2288 mulierem
1734 2265 1792 2297 pro
1809 2256 1989 2297 quingentis
2005 2258 2108 2291 aureis
2128 2258 2207 2290 libe-

1161 2315 1229 2338 ram
1242 2307 1372 2347 dimisit,
1394 2310 1425 2340 et
1444 2307 1511 2347 ejus
1528 2308 1608 2340 filios
1624 2308 1710 2340 dono
1732 2308 1772 2340 ad
1793 2309 2017 2350 imperatorem
2042 2310 2136 2342 misit.
2157 2312 2209 2342 ln-

1159 2360 1246 2391 terea
1272 2362 1392 2399 Creca‚
1417 2361 1524 2392 Attilae
1545 2370 1640 2400 uxor,
1668 2360 1699 2392 in
1715 2361 1801 2393 aedes
1823 2361 1971 2402 Adamis,
1992 2363 2048 2403 qui
2072 2362 2140 2402 ejus
2159 2372 2209 2395 res

1159 2410 1348 2443 domesticas
1362 2411 1512 2450 curabat,
1531 2420 1588 2443 nos
1600 2411 1641 2442 ad
1654 2420 1777 2443 coenam
1804 2412 1963 2444 invitavit.
2008 2413 2057 2445 Ab
2082 2422 2120 2445 eo
2145 2423 2209 2446 una

1160 2471 1234 2495 cum
1248 2464 1393 2504 pluribus
1409 2464 1547 2505 Scythiae
1561 2464 1755 2505 principibus
1768 2466 1902 2497 comiter
1915 2466 2039 2507 excepti
2053 2475 2163 2498 sumus
2177 2469 2209 2498 et

1157 2516 1305 2556 jucundis
1320 2517 1519 2548 sermonibus
1535 2518 1566 2548 et
1583 2517 1752 2556 magnifico
1760 2518 1927 2558 epularum
1941 2521 2107 2559 apparatu.
2124 2522 2207 2552 Tum

1159 2569 1379 2610 unusquisque
1393 2578 1503 2601 eorum
1525 2570 1580 2609 qui
1609 2569 1759 2609 aderant,
1778 2578 1926 2611 surgens,
1942 2571 2091 2611 Scythica
2105 2572 2206 2603 comi-

1159 2621 1224 2652 tate
1237 2621 1388 2661 poculum
1420 2621 1549 2661 plenum
1563 2621 1655 2653 nobis
1667 2621 1810 2661 porrexit
1822 2646 1830 2661 ,
1845 2623 1877 2654 et
1890 2631 1962 2654 eum
1972 2647 1981 2662 ,
1998 2622 2054 2663 qui
2071 2623 2207 2664 biberat,

1162 2672 1330 2713 amplexus
1357 2674 1389 2704 et
1411 2673 1633 2712 exosculatus,
1663 2673 1740 2704 illud
1767 2673 1904 2714 excepit.
1931 2677 1955 2706 A
1978 2683 2068 2706 coena
2089 2683 2148 2706 nos
2177 2676 2207 2707 in

1159 2725 1335 2756 tentorium
1350 2724 1494 2755 nostrum
1507 2724 1714 2764 recipientes,
1728 2733 1877 2757 somnum
1890 2725 2042 2766 cepimus.
2055 2726 2208 2759 Postridie

1159 2776 1277 2808 iterum
1289 2785 1348 2808 nos
1361 2776 1474 2808 Attilas
1486 2776 1525 2807 ad
1537 2785 1660 2807 coenam
1674 2776 1832 2815 invitavit,
1844 2779 1876 2809 et
1889 2778 2001 2809 eodem
2011 2802 2019 2817 ‚
2032 2787 2095 2818 quo
2110 2779 2206 2818 prius,

1161 2828 1225 2859 ritu
1241 2827 1281 2859 ad
1294 2836 1368 2859 eum
1390 2828 1580 2859 accessimus
1590 2828 1623 2859 et
1635 2827 1674 2858 ad
1692 2827 1884 2860 hilaritatem
1903 2837 1961 2859 nos
1977 2829 2206 2861 convertimus.

1159 2882 1240 2912 Tum
1256 2882 1363 2912 autem
1378 2889 1442 2912 non
1455 2880 1560 2911 senior
1569 2889 1610 2911 ex
1625 2880 1696 2912 tiliis
1710 2881 1816 2913 Attilae
1830 2883 1862 2912 in
1875 2881 1942 2920 ejus
1951 2881 2046 2912 thoro
2056 2890 2119 2912 una
2133 2890 2207 2912 cum

1160 2932 1228 2972 ipso
1249 2932 1478 2971 accumbebat,
1499 2931 1555 2963 sed
1572 2931 1761 2971 Oebarsius‚
1780 2932 1849 2970 ejus
1862 2934 2006 2972 patruus.
2030 2934 2090 2964 Per
2102 2934 2207 2964 totum

1160 2984 1297 3016 convivii
1314 2987 1441 3024 tempus
1453 2993 1511 3016 nos
1527 2984 1651 3016 blandis
1663 2985 1863 3017 sermonibus
1887 2985 2049 3025 appellans
2070 2986 2206 3025 impera-

1161 3037 1223 3069 tori
1236 3037 1342 3068 dicere
1355 3037 1466 3076 Jussit‚
1482 3039 1520 3068 ut
1533 3038 1738 3076 Constantio,
1764 3047 1861 3078 quem
1874 3037 1914 3069 ad
1933 3047 2007 3069 eum
2027 3039 2154 3078 Aetius,
2170 3041 2207 3070 ut

1162 3090 1202 3121 ab
1213 3090 1352 3130 epistolis
1371 3091 1464 3130 esset,
1482 3090 1631 3130 miserat,
1653 3100 1786 3123 uxorem
1811 3091 1902 3123 daret
1926 3099 2017 3130 eam,
2037 3100 2134 3132 quam
2161 3092 2208 3123 illi

1163 3143 1366 3183 promisisset.
1413 3143 1537 3175 Etenim
1562 3143 1767 3175 Constantius
1786 3153 1850 3175 una
1872 3152 1947 3175 cum
1967 3144 2075 3176 Attilae
2097 3144 2207 3183 legatis

1163 3193 1204 3224 ad
1226 3193 1441 3225 Theodosium
1457 3196 1606 3233 venerat,
1623 3196 1656 3226 et
1679 3203 1712 3226 se
1737 3203 1867 3235 operam
1894 3195 2068 3233 daturum,
2086 3197 2122 3225 ut
2146 3203 2206 3234 pax

1163 3245 1257 3285 longo
1268 3247 1410 3285 tempore
1420 3246 1501 3278 inter
1511 3248 1671 3278 Romanos
1680 3247 1713 3278 et
1726 3248 1859 3278 Hunnos
1868 3246 2058 3283 servaretur,
2070 3245 2205 3282 dixerat,

1163 3296 1260 3328 modo
1277 3297 1336 3328 sibi
1356 3306 1490 3329 uxorem
1508 3297 1700 3338 locupletem
1715 3297 1918 3328 matrimonio
1932 3296 2105 3336 copularet.
2126 3295 2206 3326 Huic

1164 3347 1304 3388 petitioni
1329 3348 1501 3388 imperator
1528 3350 1704 3387 annuerat,
1728 3350 1760 3380 et
1781 3347 1942 3380 Saturnini
1966 3347 2076 3386 tiliam,
2094 3347 2152 3377 viri
2174 3349 2205 3378 et

1164 3399 1276 3440 opibus
1301 3401 1331 3431 ot
1355 3409 1469 3439 genere
1491 3400 1565 3431 clari
1595 3401 1626 3432 et
1651 3400 1773 3439 ornati,
1798 3408 1831 3432 se
1857 3399 1900 3430 illi
1923 3398 2037 3438 nuptui
2055 3398 2204 3430 daturum
