2372 3704
983 220 1035 258 IN
1069 218 1340 260 VOLUMINE
1371 222 1402 260 Ι.
2194 240 2266 274 631

122 308 183 346 Fr.
207 308 270 354 64,
292 308 340 346 de
356 309 472 345 Neleo
491 321 537 345 ex
554 310 661 345 Iolco
681 310 721 345 in
740 311 961 346 Messeniam
981 313 1166 360 migrante
1196 303 1202 314 ⁸
1231 312 1442 357 transierit,
1458 325 1572 361 quam
1591 327 1668 362 prae
1689 319 1820 354 ceteris
1839 328 2056 366 persecutus
2071 323 2137 368 sit,
2159 327 2270 361 statui

121 366 251 415 ibique
279 368 417 415 Pylum
447 368 647 404 condente.
671 366 753 419 (Cf.
785 369 831 404 fr.
864 382 924 414 10,
946 372 1167 420 genealogia
1229 370 1268 404 in
1287 370 1585 419 Prolegomenis.
1607 374 1792 410 Prellerus
1811 376 1948 414 Troica
1975 379 2022 415 ab
2057 382 2271 419 Atlantiade

119 437 143 461 a
163 427 390 462 Deucalione
407 426 456 462 ad
467 426 655 473 Codrum;
676 428 741 475 qui
755 429 861 464 locus
878 441 923 464 ex
937 429 1091 465 Atthide
1104 442 1167 479 pe-

1228 427 1448 477 distinguit,
1476 431 1602 466 nescio
1624 444 1671 467 an
1706 441 1821 471 recte.
1854 436 1950 471 Utut
1980 444 2052 481 est,
2083 441 2276 486 pertinent,

121 485 208 520 titus
222 492 290 523 est,
306 483 315 531 )
331 506 386 513 -
405 486 625 534 Sequuntur
644 489 899 534 Argonautica
916 501 927 523 :
948 489 1013 524 Fr,
1038 488 1102 534 88,
1119 490 1167 526 de
1226 485 1301 522 huc
1319 499 1327 522 :
1350 486 1396 524 fr.
1412 487 1483 523 130
1500 487 1552 537 (α’
1566 489 1736 540 Τρωικ.),
1753 491 1800 527 de
1814 494 1938 538 Batea,
1957 496 2119 532 Dardani
2136 511 2267 535 uxore.

119 543 244 579 Helles
256 544 513 582 oblim—Fr.
529 544 647 590 87,de
662 558 778 582 aureo
795 548 945 583 vellere.
958 549 1083 584 —Fr.
1101 549 1163 594 32,

119 601 166 638 de
177 603 326 651 origine
341 604 497 639 Iasonis.
510 625 564 631 —
579 606 639 640 Fr.
661 604 724 649 35,
741 604 789 641 de
804 606 963 654 Aphetis
983 607 1039 656 (v,
1053 609 1167 656 Apol-

117 659 245 697 lodor.
261 663 300 707 I,
323 675 362 711 9,
382 662 465 712 19).
486 665 614 700 -Fr‘.
634 662 698 710 38,
715 663 762 699 de
779 664 922 700 Phineo
935 667 1165 714 Agenorida,

117 719 386 769 Paphlagoniae
413 734 502 770 rege
518 721 578 771 (*).
596 742 651 749 —
669 722 732 760 Fr.
749 723 794 765 34
809 752 818 768 ,
839 723 887 759 de
907 725 1041 761 Iasone
1064 727 1166 774 apud

116 778 417 830 Corinthios(cf.
448 780 495 819 fr.
517 781 583 826 30,
609 781 657 818 de
684 782 831 817 Iasonis
859 790 897 818 et
924 784 1065 820 Medeae
1084 784 1164 821 filio

116 838 328 886 PolyxenO.
345 842 387 874 V.
408 839 506 875 infra
522 837 566 876 τὰ
583 837 779 890 Περσικά).
797 861 850 868 -
862 842 1005 878 Mentio
1023 845 1164 892 Dacty-

116 896 241 934 lorum
260 897 451 934 Idaeorum
467 911 526 947 ap.
546 899 665 936 schol.
688 900 814 948 Apoll.
827 901 861 948 Ι,
882 914 896 936 1
909 913 980 949 129
1000 901 1053 951 (v.
1071 903 1164 940 Phe-

114 956 245 1004 recyd.
262 956 307 992 fr.
330 956 373 1006 7)
393 970 485 992 num
516 957 566 995 ad
588 960 847 1006 Argonautica
878 960 1078 998 referenda
1096 964 1162 1011 sit,

114 1021 158 1050 ut
173 1015 360 1051 Prellerus
373 1023 503 1064 putat,
523 1029 572 1052 an
591 1017 640 1052 ad
654 1018 807 1063 Troica,
822 1030 958 1067 parum
976 1021 1107 1069 liquet.

168 1073 236 1111 ΙΙΙ,
268 1075 559 1113 ΑΤΛΑΝΤΙΑΣ
580 1075 613 1111 ἐν
634 1074 729 1125 βιόλ.
751 1074 797 1126 β’.
819 1097 872 1106 —·
887 1078 951 1116 Fr.
973 1077 1022 1115 56
1044 1077 1163 1129 (Ἑλλ.

114 1131 148 1168 ἐν
170 1130 203 1167 α’
216 1130 474 1183 Ἀτλαντικῶν),
490 1135 699 1171 Atlantides
715 1143 869 1183 septem.
887 1138 1057 1184 Quarum
1071 1148 1163 1176 natu

114 1191 279 1227 maxima
299 1194 486 1239 Alcyone,
506 1201 628 1229 mater
650 1194 819 1231 AEelmsoe
835 1194 985 1244 (Apoll.
1005 1200 1073 1243 111,
1102 1213 1161 1245 10,

118 1262 153 1293 1,
171 1249 231 1298 2),
253 1263 274 1286 a
298 1263 371 1299 qua
385 1253 540 1300 stirpem
562 1254 718 1289 Homeri
738 1261 776 1291 et
798 1255 955 1291 Hesiodi
968 1257 1163 1294 deducunt

113 1308 260 1344 Charax
270 1307 327 1360 (fr.
342 1322 406 1354 20,
422 1318 515 1349 tom.
526 1311 744 1359 111‚p.640)
757 1319 793 1348 et
804 1315 915 1362 Agon
925 1316 1039 1351 Hom.
1054 1318 1162 1354 Adde

112 1366 270 1403 suidam
290 1381 326 1407 v.
351 1366 532 1414 Ἡσίοδος,
562 1371 627 1418 qui
648 1371 858 1408 Hesiodum
889 1381 927 1408 et
954 1373 1162 1412 Homerum

113 1422 183 1461 ἀπὸ
202 1427 262 1462 τοῦ
291 1423 478 1469 Ἄτλαντος
504 1427 719 1477 κατάγεσθαι
746 1429 878 1469 refert.
902 1431 996 1469 Cum
1017 1434 1074 1470 his
1095 1448 1161 1470 co-

110 1483 226 1520 haeret
245 1484 290 1522 fr.
316 1483 364 1521 55
383 1499 392 1521 ε
412 1483 621 1529 Ἑλλάνικος
644 1487 678 1524 ἐν
712 1489 756 1538 τῇ
775 1486 992 1526 Ἀτλαντιάδι
1013 1490 1082 1528 ἀπὸ
1102 1496 1161 1530 τοῦ

111 1545 259 1587 ποιητοῦ
278 1542 382 1594 φησὶν
396 1543 598 1594 ὠνομάσθαι
613 1543 690 1589 τοὺς
707 1544 902 1598 Ὁμηρίδαις
918 1547 990 1598 (cf.
1009 1552 1158 1589 Welck.

113 1599 215 1648 cycl.
237 1615 277 1651 p.
307 1602 420 1651 148).
446 1602 516 1653 (μ)
539 1604 644 1640 Idem
666 1605 885 1643 Hellanicus
911 1607 957 1645 fr.
984 1608 1006 1643 6
1029 1611 1161 1646 Hesio-

110 1658 204 1695 dum
223 1661 271 1696 ab
291 1661 446 1709 Orpheo
467 1662 556 1711 (qui
583 1664 623 1700 in
638 1671 833 1702 stemmate
850 1666 1027 1703 Characis
1048 1671 1155 1717 quin-

110 1724 169 1754 tus
188 1726 244 1755 est
267 1720 314 1756 ab
331 1720 506 1770 AEthusa)
525 1734 641 1771 genus
668 1722 809 1759 ducere
830 1723 966 1762 dixisse
987 1726 1106 1763 fertur
1125 1730 1160 1766 ἐν

111 1776 300 1827 Φορωνίδι.
331 1780 416 1825 Quo
436 1780 523 1815 loco
553 1788 675 1816 totum
693 1783 1000 1831 genealogiarum
1019 1799 1116 1834 opus
1138 1800 1160 1824 a

108 1836 234 1883 prima
241 1836 319 1883 ejus
329 1844 437 1885 parte
452 1838 636 1887 designari
646 1847 741 1888 puto
751 1842 906 1877 nomine
917 1844 1159 1894 Phoronidis,

109 1893 202 1929 dum
219 1902 352 1930 nostro
373 1896 461 1932 loco
482 1899 692 1933 accuratius
712 1899 761 1934 ad
782 1912 892 1935 suum
921 1903 1071 1940 titulum
1098 1919 1159 1944 res

108 1960 262 1989 narrata
271 1961 486 1993 revocatur.
502 1976 556 1982 —
569 1956 628 1991 Ab
646 1957 815 2005 Alcyone
836 1958 1032 1997 descendit
1046 1965 1156 2000 etiam

108 2011 313 2059 Amphion,
329 2014 486 2049 maritus
511 2015 672 2060 Niobes,
695 2016 744 2052 de
767 2017 871 2064 cujus
887 2019 1015 2056 liberis
1035 2024 1159 2070 agitur

108 2070 149 2104 in
168 2070 216 2108 fr.
242 2069 289 2113 54
317 2070 372 2123 (ἐν
400 2073 442 2120 τῇ
464 2070 716 2122 Ἀτλαντιάδι).
737 2077 882 2112 Eodem
904 2079 1020 2126 igitur
1039 2084 1156 2129 pcrti-

108 2135 218 2174 nent,
237 2141 320 2176 quae
343 2142 389 2165 ex
406 2131 656 2178 subsequente
676 2134 891 2170 Thebarum
906 2137 1063 2175 historia
1079 2154 1156 2177 me-

107 2195 307 2223 morantur
325 2188 372 2226 fr.
391 2202 436 2225 12
458 2196 494 2225 et
516 2203 530 2226 1
543 2203 557 2225 1
578 2191 624 2226 de
638 2192 778 2240 OEdipi
797 2193 893 2239 filiis,
909 2195 1034 2244 deque
1050 2199 1158 2236 bellis

107 2245 309 2285 Thebanis.
322 2268 376 2274 —
400 2248 573 2296 Steropes
597 2251 800 2287 Atlantidis
822 2251 920 2288 filius
939 2253 1010 2289 fuit
1029 2257 1157 2294 OEno-

106 2318 226 2351 maus,
245 2314 356 2354 pater
369 2308 651 2356 Hippodamiae,
678 2309 725 2345 de
735 2310 847 2357 cujus
867 2324 887 2347 e
904 2314 1044 2363 Pelope
1064 2316 1155 2353 libe-

107 2365 158 2401 ris
177 2372 230 2401 est
250 2366 384 2414 fragm.
405 2371 469 2409 42.
485 2387 540 2394 —
559 2365 586 2403 E
602 2369 769 2415 Taygete
784 2382 902 2418 genus
928 2373 1034 2410 ducit
1055 2377 1155 2424 Tyn-

108 2423 264 2470 dareus,
292 2426 449 2460 maritus
474 2423 593 2469 Λήδας
626 2428 687 2471 τ’ἧς
715 2428 944 2473 Καλυδωνίοις
976 2432 1040 2481 (fr.
1062 2435 1154 2484 86),

108 2496 192 2531 quae
206 2491 328 2519 mater
338 2491 388 2519 est
404 2485 564 2520 Helenae.
588 2487 694 2522 Hanc
709 2498 731 2522 a
751 2488 893 2524 Theseo
915 2499 1062 2538 raptam
1079 2506 1156 2531 esse

106 2549 283 2577 narratur
311 2542 354 2578 fr.
378 2548 448 2588 743
472 2556 689 2591 quanquam
718 2546 793 2581 hoc
820 2547 1072 2596 fragmentum
1104 2554 1157 2589 ita

107 2607 163 2636 est
195 2608 455 2647 comparatum
469 2628 478 2645 ,
500 2609 544 2636 ut
564 2604 709 2641 Atthidi
740 2607 870 2653 potius
896 2609 942 2643 sit
960 2610 1156 2649 vindican-

108 2659 212 2696 dum.
237 2659 411 2695 Ceterum
432 2661 577 2697 Helena
597 2661 704 2698 ducit
719 2664 768 2699 ad
788 2665 971 2712 Trojanas
994 2668 1152 2708 fabulas.

107 2719 312 2754 Transierit
342 2720 456 2767 igitur
476 2722 701 2770 genealogus
721 2724 769 2759 ad
798 2725 984 2763 Electram
1002 2731 1157 2766 Atlanti-

107 2777 207 2813 dem.
229 2777 317 2825 Ejus
338 2791 358 2814 e
388 2779 484 2815 Jove
511 2780 623 2817 liberi
648 2782 721 2819 sint
749 2784 970 2831 Dardanus,
1007 2789 1154 2837 Iasiou,

107 2836 337 2882 Harmonia,
358 2837 405 2873 de
422 2839 562 2885 quibus
582 2841 707 2888 agitur
724 2842 762 2879 in
783 2842 830 2880 fr.
853 2842 901 2879 58
920 2852 956 2880 ct
982 2859 1068 2895 ¹29·
1086 2850 1154 2885 Po.

105 2896 264 2931 steriore
283 2897 370 2932 loco
394 2897 571 2933 laudatur
590 2896 792 2942 Ἑλλάνικος
824 2901 859 2937 ἐν
882 2902 915 2938 α’
933 2904 1153 2955 Τρωικῶν.

107 2952 196 2988 Haec
210 2966 286 2989 non
305 2955 454 2990 diversa
475 2968 552 2992 esse
573 2969 595 2993 a
613 2957 721 2995 libris
739 2959 891 2997 duobus
912 2964 1153 3012 Atlantiadis,

106 3011 213 3060 cujus
229 3013 330 3049 libro
346 3015 475 3062 primo
485 3014 563 3062 jam
591 3016 641 3052 ad
666 3018 822 3054 Electrae
840 3021 996 3069 stirpem
1023 3033 1156 3062 auctor

149 3120 191 3160 (*)
211 3123 278 3153 Hoc
291 3121 504 3163 fragmentum
522 3125 562 3157 ad
591 3126 716 3158 Persica
739 3129 837 3160 refert
864 3131 1022 3163 Prellerus
1047 3142 1078 3173 p.
1102 3131 1156 3166 32.

105 3168 136 3200 Si
153 3169 370 3208 genealogiam
388 3174 529 3212 spectes,
547 3172 587 3204 ad
603 3174 816 3207 Plioronidem
833 3186 983 3209 revocare
1000 3181 1109 3218 possis.

148 3213 206 3253 (**)
224 3215 324 3246 Aliter
353 3218 512 3249 Prellerus
538 3228 568 3258 p.
590 3223 624 3251 18
643 3229 650 3250 :
672 3233 688 3249 «ι
706 3222 938 3263 Apollodorus,
965 3225 1030 3263 ait,
1049 3228 1152 3258 nomi-

106 3261 182 3290 nato
197 3261 364 3300 Mercurio,
381 3264 472 3303 Majae
491 3266 657 3298 Atlantidis
677 3267 742 3299 tilio
755 3293 764 3308 ,
782 3269 924 3301 fabulam
948 3274 1096 3304 Mercurii
1115 3275 1152 3306 il·

106 3304 220 3336 lustrat
230 3308 274 3337 'ex
294 3307 413 3347 hymno
429 3312 577 3351 llomeri;
592 3313 679 3353 quod
693 3315 718 3345 si
735 3315 776 3346 ab
790 3316 956 3348 Hellanico
972 3328 1101 3359 quoque
1117 3321 1153 3352 si·

105 3351 223 3382 militer
237 3352 358 3386 sactum
381 3364 450 3388 esse
470 3359 613 3398 statuas,
638 3360 788 3392 idoneum
809 3363 916 3394 locum
934 3367 1049 3397 nactus
1072 3367 1148 3407 eris,

107 3397 160 3429 ulii
175 3398 216 3430 de
232 3401 478 3435 Homeridarum
493 3406 587 3444 gente
601 3406 755 3447 disputari
775 3410 890 3449 potuit.
906 3424 920 3437 ν

1228 545 1316 580 Haec
1347 544 1425 582 filia
1457 554 1535 582 erat
1554 549 1691 583 Teucri
1717 550 1925 598 (Apollod.
1955 554 2028 598 111,
2063 567 2130 599 12,
2157 569 2170 591 1
2193 584 2202 601 ,
2228 557 2268 602 53

1226 602 1393 639 Mnaseas
1422 616 1485 653 ap.
1516 606 1570 643 St.
1594 607 1635 641 B.
1661 619 1697 644 v,
1719 605 1914 658 Δάρδανος;
1935 612 2084 650 Arrian.
2111 626 2172 662 ap.
2199 617 2270 650 liu·

1226 662 1336 699 stath.
1372 663 1420 699 ad
1440 665 1553 700 Hom.
1576 677 1615 712 p.
1644 664 1713 701 351
1730 694 1740 710 ‚
1763 666 1847 715 30).
1866 669 1992 717 Nepos
2020 671 2183 707 Dardani
2204 674 2273 708 suit

1226 721 1337 766 Tros,
1359 721 1406 758 de
1426 722 1532 768 cujus
1553 722 1639 759 filiis
1658 724 1757 760 adde
1783 725 1911 761 locum
1933 729 1973 762 in
1994 728 2126 778 fragm.
2159 733 2271 767 omis-

1224 790 1307 814 sum
1326 792 1388 828 ap.
1411 781 1528 818 schol.
1547 782 1589 818 11.
1609 796 1641 827 0,
1663 782 1736 818 332
1750 809 1760 827 ‚
1783 784 1852 819 ubi
1870 785 1916 820 ad
1943 787 2059 823 verba
2088 790 2243 825 Homeri
2260 804 2269 828 t

1225 835 1348 887 Τρωὸς
1368 836 1397 874 δ’
1426 834 1469 875 αὖ
1490 844 1581 888 τρεῖς
1600 840 1721 883 παῖδες
1741 841 1917 891 ἀμύμονες
1941 842 2152 894 ἐξεγένοντο,
2179 840 2273 890 Ἶλός

1225 896 1258 931 τ’
1280 894 1495 948 Ἀσσαρακός
1513 912 1549 934 τε
1577 897 1636 935 καὶ
1657 898 1808 942 ἀντίθεος
1828 901 2052 950 Γανυμήδης,
2074 907 2273 944 scholiasta

1224 962 1334 991 notat
1358 967 1367 993 :
1389 955 1508 1006 Τρωὸς
1523 955 1582 993 καὶ
1611 957 1832 1010 Καλλιρρόης
1851 962 1912 1006 τῆς
1942 960 2196 1014 Σκαμάνδρου,
2227 966 2273 1006 ὡς

1225 1009 1442 1057 Ἑλλάνικος.
1466 1016 1591 1064 Pergit
1617 1024 1734 1065 poeta
1764 1030 1799 1054 v.
1825 1019 1899 1055 236
1935 1032 1944 1058 :
1967 1012 2060 1061 Ἶλος
2089 1020 2117 1058 δ’
2147 1014 2191 1058 οιῧ
2217 1022 2272 1058 τέ·

1223 1070 1293 1108 χεῦ’
1313 1070 1385 1109 υἱὸν
1408 1072 1571 1123 ἀμύμονα
1589 1073 1830 1123 Λαομέδοντα.
1853 1078 1913 1115 Ad
1929 1079 2008 1115 haec
2029 1081 2172 1116 scholia
2192 1082 2270 1117 duo

1223 1131 1461 1177 Victoriana3
1491 1145 1656 1180 quorum
1684 1134 1845 1170 alterum
1874 1149 1882 1171 z
1906 1134 1966 1179 Ἐξ
2000 1137 2191 1188 Εὐρυδίκης
2212 1141 2273 1184 τῆς

1224 1186 1414 1239 Ἀδράστου
1432 1190 1505 1239 (sic
1516 1193 1628 1228 etiam
1640 1193 1907 1242 Apollodor.);
1924 1195 2082 1231 alterum
2099 1210 2106 1232 ε
2121 1195 2188 1234 'Ex
2201 1199 2272 1235 Βα·

1223 1245 1314 1289 τείας
1333 1249 1394 1293 τῆς
1408 1247 1565 1300 Τεύκρου
1579 1278 1589 1295 ,
1607 1251 1653 1292 ὡς
1673 1248 1891 1293 Ἑλλάνικος.
1905 1255 1954 1289 At
1966 1263 2044 1289 non
2059 1257 2183 1302 potuit
2196 1257 2270 1292 hoe

1224 1306 1440 1343 Hellanicus
1451 1308 1590 1346 dicere.
1608 1310 1767 1345 Diversa
1780 1311 1978 1348 scholiasta
1994 1313 2206 1352 confundit.
2217 1335 2271 1342 —-
2291 1320 2297 1323 ”

1223 1365 1284 1402 Fr.
1310 1365 1381 1401 136
1402 1374 1439 1403 et
1463 1367 1554 1412 138,
1575 1368 1622 1403 de
1646 1368 1901 1406 Laodamante
1928 1371 1970 1407 in
1988 1372 2208 1420 Neptunum
2235 1382 2271 1410 et

1223 1423 1437 1471 Apollinem
1449 1451 1459 1469 ,
1482 1424 1618 1461 deinde
1639 1427 1677 1461 in
1692 1427 1896 1463 Herculem
1910 1429 2077 1477 ingrat03
2095 1430 2142 1466 de
2155 1433 2269 1479 Troja

1223 1481 1270 1515 ab
1287 1483 1448 1518 Hercule
1461 1491 1586 1531 capto,
1598 1504 1651 1511 —
1663 1485 1728 1522 Fr.
1749 1485 1834 1530 137.
1851 1490 1937 1528 142.
1956 1491 2042 1532 140,
2057 1488 2103 1524 de
2118 1490 2268 1526 Priamo

1223 1539 1392 1586 Strymus
1412 1539 1492 1576 filio
1505 1568 1515 1586 ,
1534 1542 1647 1578 fratre
1670 1544 1821 1578 Tithoni
1836 1571 1846 1588 ,
1863 1546 1923 1580 cui
1943 1547 2102 1582 Hemera
2120 1550 2271 1596 peperit

1222 1598 1476 1636 Memnonem.
1498 1622 1550 1627 ——
1567 1602 1629 1639 Fr.
1651 1601 1746 1650 139,
1767 1603 1987 1647 oraculum,
2009 1617 2086 1651 quo
2114 1606 2271 1652 Trojani

1222 1668 1245 1692 a
1260 1659 1355 1692 mari
1373 1659 1561 1695 abstinere
1567 1659 1762 1706 jubentur.
1777 1681 1830 1687 —
1851 1661 1934 1697 Haec
1951 1663 2078 1698 omnia
2093 1664 2269 1711 legeban-

1223 1722 1284 1751 tur
1300 1717 1338 1751 in
1355 1717 1454 1752 libro
1473 1719 1622 1766 priore;
1643 1720 1703 1754 cui
1719 1721 1899 1756 insertum
1912 1722 1971 1756 vel
1991 1721 2180 1768 adjectum
2194 1724 2270 1760 fue-

1220 1774 1270 1809 rit
1290 1783 1420 1823 caput,
1439 1777 1546 1824 quod
1564 1775 1604 1814 'A
1616 1791 1670 1813 σω
1682 1776 1804 1820 πίδος
1814 1780 1968 1815 nomine
1984 1779 2160 1829 indigitat
2172 1783 2270 1818 Mar-

1221 1833 1377 1868 cellinus
1408 1832 1476 1882 (fr.
1509 1838 1551 1876 14
1571 1832 1596 1884 ).
1636 1836 1816 1872 Praeclare
1851 1837 1925 1872 hoc
1960 1839 2057 1873 eruit
2085 1840 2269 1876 Prcllerus

1220 1904 1260 1939 p.
1294 1904 1354 1939 19·
1383 1907 1399 1924 «
1423 1893 1683 1941 Apollodorus
1701 1893 1793 1942 (III,
1821 1907 1887 1936 12.
1908 1894 1964 1945 6),
1998 1897 2073 1940 ait,
2094 1897 2152 1932 his
2191 1898 2264 1946 (sc.

1220 1949 1333 1985 rebus
1349 1952 1495 1986 Troicis
1514 1964 1634 1998 usque
1648 1952 1697 1987 ad
1711 1954 1816 1989 initia
1830 1955 1918 1990 belli
1941 1954 2116 2005 Trojani)
2133 1970 2266 1994 narra-

1222 2008 1286 2052 tis,
1329 2010 1603 2057 transgreditur
1637 2011 1686 2045 ad
1722 2023 1837 2059 genus
1871 2013 1972 2048 AEaci
2004 2021 2118 2062 atque
2145 2015 2241 2051 Pelei
2254 2044 2264 2061 ,

1221 2078 1334 2113 quam
1350 2069 1556 2103 sectionem
1569 2069 1749 2116 praefatur
1765 2071 1817 2105 sic
1840 2083 1848 2105 :
1866 2068 1911 2108 ‘O
1927 2069 1962 2106 δὲ
1978 2069 2134 2114 Ἀσωπὸς
2151 2087 2265 2109 ποτα-

1220 2122 1282 2171 μὸς
1304 2122 1478 2161 Ὠκεανοῦ
1509 2124 1568 2162 καὶ
1588 2125 1722 2170 Τήθυος
1749 2127 1826 2164 κτλ.
1841 2158 1850 2174 ,
1871 2129 1973 2165 unde
2000 2132 2152 2179 colligas
2173 2133 2267 2180 quid

1217 2183 1290 2219 sibi
1309 2184 1400 2219 velit
1419 2185 1441 2228 ἠ
1464 2181 1612 2226 Ἀσωπίς
1627 2186 1834 2232 Hellanici‚
1864 2200 1979 2235 quam
2010 2190 2138 2225 laudat
2166 2192 2266 2227 Mar-

1219 2242 1373 2277 cellinus
1392 2243 1431 2277 in
1450 2244 1525 2280 Vit.
1543 2244 1662 2282 Thuc.
1683 2244 1705 2293 §
1725 2249 1763 2293 li,
1781 2258 1818 2294 p.
1840 2245 1913 2282 313
1934 2248 2068 2296 Poppo
2090 2260 2099 2285 τ
2124 2250 2266 2300 Μαρτυ·

1221 2298 1273 2348 ρεῒ
1294 2298 1425 2341 τούτοις
1445 2299 1505 2336 καὶ
1524 2299 1730 2344 Ἑλλάνικος
1753 2303 1786 2338 ἐν
1803 2305 1845 2354 τῇ
1873 2304 2132 2358 ἐπιγραφομένῃ
2158 2306 2265 2345 Ἀσω-

1220 2356 1307 2395 πίδι.
1332 2360 1422 2394 Erat
1441 2372 1527 2408 pars
1540 2362 1785 2409 Troicorum,
1805 2375 1878 2410 qua
1896 2365 2002 2400 AEaci
2015 2368 2192 2414 prosapia
2206 2381 2266 2403 re-

1218 2416 1454 2461 censebatur,
1476 2416 1668 2466 adjunctis
1688 2420 1824 2456 fabulis
1854 2421 1901 2458 de
1925 2424 2060 2471 Peleo,
2090 2425 2264 2471 Thetide,

1218 2475 1384 2521 Achille,
1407 2478 1597 2514 Patroclo.
1617 2479 1702 2525 Quo
1723 2488 1895 2527 spectant
1914 2494 1997 2529 quae
2011 2483 2186 2531 leguntur
2200 2497 2260 2533 ap.

1218 2533 1271 2569 St.
1289 2535 1332 2570 B.
1350 2547 1387 2572 v,
1412 2534 1615 2572 Θεστίδειον
1633 2536 1699 2587 (fr.
1731 2539 1840 2587 loo),
1869 2551 1932 2588 ap.
1961 2541 2079 2577 schol.
2108 2544 2152 2580 ll.
2177 2558 2214 2591 μ,
2245 2557 2260 2579 1

1219 2590 1286 2639 (fr.
1308 2591 1380 2641 37)
1403 2593 1450 2629 de
1470 2595 1634 2630 Patrocli
1650 2595 1737 2644 fuga
1758 2597 1808 2632 ad
1835 2599 1988 2635 Peleum
2020 2598 2126 2648 (coll.
2146 2603 2265 2650 Apol—

1218 2650 1344 2686 lodor.
1362 2653 1437 2700 ΙΙΙ,
1460 2654 1518 2697 13,
1545 2653 1608 2701 8);
1631 2654 1735 2702 apud
1755 2655 1873 2693 schol.
1896 2658 1942 2693 ΙΙ,
1963 2671 1996 2702 ο,
2021 2658 2095 2695 336
2114 2659 2161 2695 de
2182 2673 2263 2696 ma-

1219 2715 1273 2743 tre
1293 2708 1418 2755 Ajacis
1448 2708 1626 2759 (Ὁμοίως
1646 2713 1694 2762 τῷ
1712 2714 1840 2763 ποιητῇ
1874 2714 1933 2751 καὶ
1965 2714 2166 2759 Ἑλλάνικος
2200 2717 2262 2762 τὴν

1217 2763 1394 2816 Ἐριώπην
1413 2766 1546 2818 μητέρα
1578 2767 1721 2811 Αἴαντός
1744 2771 1867 2820 φησι).
1888 2771 2015 2810 Res'tat
2032 2775 2138 2811 locus
2160 2777 2262 2824 apud

1217 2826 1447 2872 Harpocrat.
1470 2839 1506 2862 v.
1533 2825 1695 2876 Κριθώτη
1717 2828 1781 2876 (fr.
1808 2828 1875 2864 131
1891 2830 1922 2878 )·
1944 2829 2006 2879 μία
2027 2831 2125 2874 πόλις
2143 2834 2210 2870 τῶν
2226 2834 2260 2870 ἐν

1218 2881 1452 2933 Χερσονήσῳ,
1476 2883 1565 2921 καθά
1582 2899 1685 2936 φησιν
1716 2884 1923 2930 Ἑλλάνικος
1953 2889 1987 2926 ἐν
2019 2889 2052 2925 α’
2073 2892 2256 2941 Τρωικῶν,

1217 2954 1299 2988 quae
1316 2954 1361 2977 ex
1382 2949 1488 2990 parte
1505 2951 1728 2991 repetuntur
1748 2957 1769 2981 a
1791 2947 1961 2983 Marcell.
1984 2949 2008 2986 l.
2027 2950 2053 2987 l.
2076 2961 2084 2987 Ξ
2107 2950 2260 2987 Μιλτιά·

1216 2997 1299 3047 δης,
1320 2997 1354 3040 ὃς
1373 2998 1478 3050 ᾤκισε
1500 2999 1718 3052 Χερρόνησον
1731 3017 1738 3026 ·
1758 3007 1929 3056 μαρτυρεῖ
1945 3005 2074 3050 τούτοις
2094 3007 2152 3044 καὶ
2171 3007 2259 3046 Ἑλ·-

1215 3056 1353 3098 λάνικος
1369 3059 1403 3094 ἐν
1420 3060 1462 3109 τῇ
1480 3059 1740 3111 ἐπιγραφομένῃ
1762 3061 1947 3110 Ἂσωπίδι,
1965 3068 2052 3102 coll.
2081 3068 2197 3103 Suida
2214 3082 2252 3107 V.

1220 3114 1378 3165 Κριθώτη
1391 3145 1401 3164 ,
1418 3117 1516 3160 πόλις
1531 3120 1600 3155 τῶν
1621 3119 1656 3155 ἐν
1668 3120 1898 3173 Χερρονήσῳ,
1921 3127 2178 3162 κατοικισθεῖσα
2192 3126 2257 3162 ὑπὸ

1216 3171 1401 3218 Ἀθηναίων
1424 3176 1492 3212 τῶν
1514 3175 1604 3224 μετὰ
1621 3178 1799 3229 Μιλτιάδῃ
1820 3181 1889 3217 ἐκεῖ
1916 3182 2220 3233 παραγενομένων.
2241 3200 2255 3215 ν

1218 3254 1263 3258 -
1287 3233 1315 3267 Ε
1335 3245 1448 3269 muno
1479 3236 1516 3270 ΙΙ
1541 3248 1549 3270 2
1579 3237 1641 3271 Fr.
1673 3237 1743 3272 132
1762 3237 1813 3288 (β’
1835 3238 1941 3289 Τρ.),
1962 3240 2009 3275 de
2026 3241 2184 3289 Achille.
2204 3262 2255 3269 —-

1214 3291 1275 3328 Fr.
1299 3290 1362 3336 31,
1385 3292 1432 3328 de
1456 3293 1582 3340 Cycno
1598 3295 1645 3329 ab
1660 3297 1804 3332 Achille
1822 3298 2030 3334 interfecto.
2056 3319 2108 3324 —
2123 3300 2163 3335 F.
2185 3300 2254 3334 126

1217 3347 1274 3397 (β’
1287 3349 1355 3399 Τρ.
1368 3350 1395 3397 ),
1413 3351 1460 3387 de
1471 3352 1660 3402 Corytho,
1679 3355 1830 3390 Helenae
1848 3364 2027 3393 amatore.
2040 3377 2092 3383 --
2105 3358 2164 3397 Fr.
2184 3356 2253 3395 125

1212 3402 1448 3444 memoratur
1461 3409 1657 3457 Cabassus‚
1667 3414 1790 3460 Lyciae
1805 3415 1894 3451 urbs
1908 3414 1918 3462 (
1930 3426 1973 3452 ex
1988 3426 2063 3462 qua
2071 3415 2253 3451 oriundus
