2326 3724
987 209 1314 249 FRAGMENTA.

77 302 301 355 διαδέχεσθαι
325 301 468 372 φίλους,
498 315 559 339 και
582 298 701 352 ωσπερ
729 300 890 349 ἡγεῖσθαι
917 295 977 335 καὶ
998 295 1122 340 αὐτους

77 364 200 412 κτῆμα
227 363 390 414 πατρῷον
406 353 507 407 εἶναι,
527 357 631 397 ὁπότε
649 357 710 395 καὶ
728 355 953 402 Διλζίὸουλος
969 357 988 392 6
1005 354 1123 407 πατὴρ

77 420 96 456 ὁ
111 419 189 468 σὸς,
211 421 398 472 αὐθαίρετα
417 415 654 470 προσδραμὼν
674 418 718 467 τῇ
737 416 816 454 καθ’
830 417 926 466 ἡμᾶς
944 413 1103 452 πολιτεία
1115 443 1125 461 ,

76 477 118 517 τὸ
133 477 368 532 φιλορώμαιος
393 478 527 529 μᾶλλον
552 475 575 523 ἢ
605 474 814 530 φιλοπέρσης
840 466 972 530 [εἶναι]
1002 472 1124 520 ἠσπά-

78 552 181 577 σατο.
209 537 398 588 Μεμένηκε
419 550 599 588 τοιγαρουν
622 534 706 608 υμῖν
730 532 776 572 τὰ
811 533 896 584 (τοῦ)
926 531 1004 570 καθ’
1031 534 1125 583 ἡμᾶς

79 595 162 648 ἄχρι
181 595 241 635 καὶ
261 599 321 634 νῦν
340 593 501 649 ἄφθαρτά
524 609 563 633 τε
594 594 655 632 καὶ
681 591 858 630 ἀσάλευτα
873 620 884 638 ,
913 589 974 629 καὶ
1003 591 1045 638 δὴ
1065 607 1126 637 της

80 656 187 702 αὐτῆς
207 654 368 707 ἐχόμενοι
397 652 657 727 φιλοφροσύνης
668 652 893 701 διατελουμεν
912 651 1027 698 ἡμεῖς.
1049 650 1127 689 Οὔκ

79 711 194 757 ἄλλως
209 712 246 752 δὲ
262 711 380 752 καὶτὰ
395 711 471 751 καθ’
487 714 600 763 ὑμᾶς,
620 705 657 750 ευ
673 704 769 759 οἶδα,
782 711 832 762 τῶ
853 708 985 762 βεὸαίω
999 707 1122 755 στήσε-

77 786 158 809 ται·
174 770 343 824 ὀρθότατα
362 770 430 823 γὰρ
451 770 586 808 διάνοια
599 768 865 822 προσφερομένη
883 766 969 819 πρὸς
988 766 1046 805 τὸν
1061 765 1125 804 πέ-

78 830 162 883 λας,
178 829 238 869 καὶ
259 828 308 881 μὴ
326 830 539 881 ἐκτραπεῖσα
557 831 617 866 τοῦ
637 827 830 880 πρέποντος
842 855 853 877 ,
873 827 936 864 οὐκ
955 826 1125 875 ἄγνωμο-

79 888 267 936 νηθήσεται
293 891 344 941 τῷ
364 887 484 941 ἀδήλῳ
509 890 571 940 τῆς
596 887 711 938 ψυχῆς
733 884 862 937 (τύχης
889 898 963 922 em.
986 883 1126 934 Bekk.)

81 947 365 1000 ἀνταλλᾶγματι.
402 965 417 982 ι»
451 945 558 986 Ούτω
586 945 622 983 δὲ
657 943 890 984 Οὐαλεντίνου
928 942 1128 995 εἰρηκότος,

55 1053 64 1061 0
79 1007 99 1044 6
113 1005 364 1058 Τούρξανθος”
345 1021 411 1058 εφη
431 1007 478 1049 ὡς
501 1023 516 1040 α
532 1004 648 1043 Δέονε
636 1009 727 1054 υμᾶς
745 1004 922 1041 ἐνταῦθα
907 1000 1127 1074 αφιγμένους,

79 1058 109 1104 ὠ
151 1064 349 1116 Ῥωμαῖοι,
389 1066 424 1103 ἐν
461 1064 619 1120 μεγίστῳ
647 1078 684 1101 τε
717 1061 836 1100 πένθει
868 1060 1028 1114 ευρόντας
1068 1058 1131 1110 ἐμὲ

83 1121 289 1175 (ἀρτιθανὴς
319 1122 388 1175 γάρ
409 1138 468 1174 μοι
494 1121 717 1167 Διλζίὸουλος
745 1122 763 1159 6
789 1119 937 1173 πατήρ)
969 1134 1133 1172 καταχα-

83 1181 219 1234 ράττειν
235 1179 280 1219 τὰ
303 1180 477 1234 πρόσωπα
505 1181 583 1224 ταῖς
611 1178 827 1232 μαχαίραις,
861 1176 1050 1229 ἑπομένους
1080 1178 1131 1230 τῷ

82 1238 167 1292 παρ’
189 1242 275 1290 ἡμῖν
291 1239 349 1277 ἐπὶ
362 1239 433 1283 τοῖς
450 1242 632 1277 τεθνεῶσιν
655 1237 811 1290 ἰσχύοντι
832 1236 940 1289 νόμῳ.
959 1252 975 1269 υ
998 1235 1069 1274 Καὶ
1089 1235 1130 1283 δὴ

85 1297 211 1336 αὐτίκα
231 1299 464 1342 Οὖαλεντῒνος
475 1328 486 1347 ,
500 1297 561 1336 καὶ
575 1297 650 1336 ὅσοι
666 1312 705 1347 γε
720 1297 814 1349 αὐτῷ
828 1294 1130 1344 ἐπηκολούθησαν,

86 1359 158 1402 τοῖς
183 1358 298 1395 αὑτῶν
331 1355 505 1410 ξιφειδίοις
531 1355 784 1408 διεχαράξαντο
805 1353 867 1397 τὰς
902 1359 991 1406 σφᾶς
1018 1354 1131 1390 αὐτῶν

84 1415 246 1468 παρειάς.
273 1415 364 1455 Τότε
380 1415 417 1454 δὲ
434 1416 469 1454 ἐν
490 1421 555 1467 μιᾷ
573 1417 643 1453 τῶν
669 1413 847 1464 πενθίμων
867 1412 983 1465 ἡμέρᾳ
1003 1411 1132 1451 τέττα-

85 1489 147 1527 ρας
166 1473 403 1526 δορυαλώτους
421 1472 574 1516 Οὔννους
600 1470 782 1523 δεσμώτας
802 1469 944 1523 ἀγαγὼν
965 1485 1129 1522 κατοιχο-

86 1531 180 1585 μένῳ
195 1531 264 1580 ἤδη
280 1534 330 1585 τῷ
346 1531 454 1586 πατρὶ
476 1531 598 1584 (δόχια
619 1530 654 1568 δὲ
665 1533 708 1582 τῇ
731 1529 843 1582 οἰκείᾳ
863 1528 1002 1581 γλώττῃ
1023 1543 1131 1581 προσ-

86 1590 290 1643 αγορεύουσι
305 1590 350 1629 τὰ
367 1593 424 1629 ἐπὶ
443 1591 514 1636 τοῖς
533 1591 696 1630 τεθνεῶσι
724 1589 899 1641 νόμιμα),
925 1587 1065 1631 τούτους
1088 1586 1131 1634 δὴ

87 1643 145 1688 οὖν
162 1649 240 1694 τοὺς
256 1649 425 1693 δειλαίους
439 1651 472 1693 ἐς
487 1650 592 1701 μέσον
615 1648 756 1701 ἀγαγὼν
773 1647 849 1699 ἅμα
872 1653 944 1692 τοῖς
960 1645 1134 1700 πατρῴοις

89 1707 222 1756 ἵπποις,
244 1711 288 1762 τῇ
308 1708 476 1761 βαρὸοἱρῳ
487 1707 705 1747 ἐνεκελεύετο
726 1711 822 1761 φωνῇ
843 1707 955 1746 ἐκεῖσε
974 1709 1134 1745 ἀπιοῦσιν

88 1768 292 1819 ἀναγγεῖλαι
305 1766 523 1820 Διλζιὸούλῳ
542 1770 592 1820 τῷ
607 1767 737 1819 πατρὶ,
755 1766 886 1813 ὁπόσην
909 1767 1005 1819 αὐτῷ
1029 1795 1037 1803 .
1091 1795 1100 1803 .

90 1824 242 1873 Ἐπειδὴ
263 1824 300 1864 δὲ
315 1825 360 1864 τὰ
376 1842 437 1872 της
456 1825 623 1879 πατρῴας
641 1828 753 1878 ταφῆς
767 1825 967 1863 ἐπετέλεσεν
984 1826 1001 1861 6
1021 1822 1136 1876 Τούρ-

92 1882 210 1928 ξανθος
222 1913 234 1934 ,
264 1883 366 1936 ἕτερα
399 1885 547 1923 πλεῖστα
578 1883 642 1922 ὅσα
666 1883 858 1935 διαλεχθεὶς
889 1881 1133 1932 Οὐαλεντίνῳ,

90 1945 166 1981 εἶτα
194 1944 326 1995 ἀφῆκεν
347 1944 380 1987 ἐς
395 1941 472 1985 τοὺς
491 1942 657 1994 ἐνδοτέρω
675 1942 851 1992 ἡγεμόνας
879 1938 1101 1993 Τούρκο)ν,”
1083 1954 1135 1977 ετι

92 2016 128 2039 τε
145 2000 205 2039 καὶ
228 2003 276 2044 ὡς
293 2016 351 2038 τον
372 2003 478 2039 αὑτοῦ
503 2000 668 2050 ὅμαιμον,
691 2000 749 2038 τὸν
768 1999 955 2051 λεγόμενον
973 1998 1135 2051 Τάρδου,

91 2059 297 2109 ποιούμενον
317 2058 377 2103 τὰς
393 2058 526 2103 διαίτας
542 2058 634 2098 κατὰ
648 2058 690 2106 δὴ
710 2058 749 2097 τὸ
766 2058 893 2098 Ἐκτὲλ
912 2058 1009 2111 ὄρος·
1029 2057 1135 2095 δύνα-

90 2133 149 2156 ται
174 2117 211 2156 δὲ
241 2117 281 2156 τὸ
308 2117 437 2157 Ἐκτὲλ
468 2121 635 2170 χρυσοῦν.
666 2118 807 2157 Ἔκεῒσε
834 2115 946 2155 τοίνυν
975 2114 1068 2154 κατὰ
1096 2115 1136 2154 τὸ

93 2232 152 2265 tibi
168 2242 209 2265 ex
219 2233 288 2272 ejus
297 2233 496 2264 successione
505 2233 673 2264 obvenisse
685 2231 848 2264 existimes
863 2232 1001 2272 oportet.
1017 2230 1142 2262 Etenim

93 2287 185 2326 pater
198 2286 277 2317 tuus
291 2287 406 2326 sponte
421 2294 480 2317 sua
501 2285 542 2316 ad
557 2286 676 2317 nostrae
693 2285 878 2325 reipublicae
896 2284 1069 2316 amicitiam
1088 2291 1143 2314 ac-

93 2347 244 2378 currens,
257 2338 358 2378 magis
373 2340 590 2370 Romanorum
610 2337 750 2376 amicus,
770 2345 869 2378 quam
885 2339 1052 2369 Persarum
1077 2344 1145 2368 esse

93 2390 253 2431 cupiebat.
281 2391 393 2430 ltaque
406 2391 438 2422 el:
456 2389 549 2421 vobis
573 2389 692 2421 foedera
713 2389 882 2420 nobiscum
902 2388 943 2419 ad
965 2388 1027 2419 hoc
1043 2396 1144 2428 usque

93 2442 221 2482 tempus
233 2441 385 2474 inviolata
400 2441 593 2481 manebant,
609 2442 643 2473 et
658 2449 716 2472 nos
732 2440 766 2472 in
782 2440 892 2472 eadem
911 2439 1144 2471 benevolentiae

95 2494 261 2527 voluntate
273 2495 462 2534 perstamus.
483 2497 549 2526 Vos
563 2502 695 2534 quoque
706 2493 740 2524 in
756 2502 815 2525 nos
828 2493 941 2525 eodem
951 2493 1059 2524 animo
1073 2501 1145 2533 per-

95 2548 298 2581 severaturos
322 2556 390 2579 esse
412 2546 616 2579 confidimus.
646 2549 728 2579 Nam
755 2555 830 2577 vera
855 2546 953 2577 animi
984 2546 1144 2586 probitas,

96 2609 170 2640 quae
181 2609 348 2640 nunquam
361 2599 407 2631 alr
415 2599 551 2631 honesto
569 2599 750 2637 aberravit,
773 2608 836 2630 non
848 2599 978 2639 propter
992 2599 1145 2630 incertam

96 2651 239 2692 aliquam
261 2651 399 2683 fortunae
413 2651 625 2683 mutationem
640 2650 735 2681 tidem
754 2650 851 2682 fallet.
870 2663 885 2679 ι»
905 2652 982 2682 llaec
996 2650 1145 2682 Valenti·

95 2712 169 2735 nus.
187 2703 362 2743 Respondit
375 2702 583 2735 Turxanthus
600 2711 608 2733 :
631 2714 647 2729 (ι
666 2701 949 2742 Quandoquidem,
961 2711 980 2733 ο
997 2701 1145 2742 Romani,

96 2754 221 2795 inquit,
239 2754 301 2786 huc
315 2754 480 2786 venientes
506 2762 559 2785 me
587 2753 621 2785 in
647 2754 790 2785 maximo
817 2754 907 2785 luctu
934 2754 1146 2785 constitutum

97 2806 297 2846 offendistis(
311 2814 412 2846 nuper
426 2806 511 2838 euim
522 2807 611 2847 pater
624 2814 716 2837 meus
728 2806 776 2837 est
783 2806 932 2843 mortuus
940 2805 965 2845 ),
979 2805 1148 2845 oportebat

97 2867 156 2891 vos
178 2859 276 2891 facies
290 2860 413 2890 vestras
427 2858 539 2898 gladiis
564 2858 730 2898 deradere,
753 2859 784 2890 et
802 2858 874 2898 legi,
891 2867 964 2898 quae
983 2858 1067 2898 apud
1090 2867 1148 2890 nos

98 2911 132 2943 in
144 2910 238 2951 iustis
255 2911 459 2942 mortuorum
473 2910 628 2950 invaluit,
651 2910 885 2949 obtemperare.
904 2922 920 2938 ι»
937 2911 1019 2942 Tum
1039 2911 1148 2942 conse-

99 2964 176 2996 stim
189 2963 379 2995 Valentinus
403 2964 436 2995 et
451 2972 573 3001 omnes,
588 2963 643 3003 qui
660 2972 734 2994 cum
757 2971 795 2994 eo
811 2964 918 3002 erant,
933 2963 1078 3002 gladiolis
1094 2972 1148 3003 ge·

99 3023 158 3048 uas
174 3023 248 3047 suas
269 3015 461 3046 lacerarunt.
487 3015 656 3047 Unoetiam
673 3023 711 3047 ex
737 3015 845 3047 luctus
867 3014 981 3047 diebus
994 3017 1149 3056 quattuor

101 3067 246 3108 captivos
262 3067 396 3097 Hunnos
417 3067 543 3098 vinctos
555 3066 737 3105 adducens,
766 3067 848 3107 patri
865 3069 994 3098 mortuo
1016 3067 1150 3107 (doehia

101 3126 216 3151 eorum
230 3117 337 3158 lingua
350 3121 484 3157 vocant,
511 3118 631 3158 quaein
651 3118 744 3158 iustis
763 3120 964 3150 mortuorum
988 3119 1150 3151 observari

101 3169 187 3210 apud
203 3177 259 3202 eos
278 3169 400 3208 solent)
430 3169 514 3208 illos,
534 3169 687 3209 inquam,
715 3170 847 3202 miseros
865 3170 897 3201 in
917 3170 1059 3202 medium
1080 3179 1151 3211 pro-

103 3221 208 3253 ferens
221 3228 286 3252 una
310 3228 385 3251 cum
411 3221 551 3260 paternis
566 3220 678 3260 equis,
697 3221 833 3253 barbara
853 3230 933 3253 voce
957 3222 1050 3261 jussit
1078 3222 1152 3255 hinc

103 3273 260 3306 abeuntes
283 3272 366 3314 patri
390 3281 448 3304 suo
475 3274 677 3313 renuntiare,
703 3276 858 3314 quantam
875 3274 934 3314 ipsi
954 3300 960 3306 .
979 3298 986 3305 .
1005 3300 1012 3306 .
1028 3276 1152 3306 Funere

105 3325 203 3366 patris
223 3326 353 3365 curato,
381 3325 588 3356 Turxauthus
610 3326 730 3357 multos
756 3326 834 3357 alios
859 3334 1022 3358 sermones
1041 3326 1152 3358 liabuit

106 3377 406 3417 cum-valentino,
432 3378 465 3409 et
494 3385 568 3409 eum
585 3377 704 3409 dimisit
731 3378 764 3408 in
793 3377 945 3409 interiora
970 3378 1153 3410 dominatus

270 3493 302 3514 d

2158 217 2231 251 247

1184 296 1226 336 Γ
1230 296 1349 335 κτὲλ
1329 312 1405 349 ορος
1426 296 1586 341 ἀπιόντος
1605 297 1856 345 Οὐαλεντίνου,
1875 297 2062 345 ἠπείλησεν
2082 302 2099 337 6
2119 298 2190 339 Γ
2154 315 2230 352 ουρ

1185 355 1302 400 ξανθος
1337 359 1359 403 ἠ
1388 354 1459 406 μὴν
1489 355 1615 394 αυτίκα
1643 356 1927 409 ἐκπολιορκήσειν
1956 358 2014 395 τὸν
2046 357 2228 410 Βόσπορον

1184 413 1439 467 ἀρξαμένων.
1459 416 1653 467 Ἰοιγαροῦν
1671 430 1894 467 παραχρημα
1914 416 1972 465 ὅγε
1999 432 2060 454 συν
2081 418 2231 470 πλείστῃ
2252 445 2254 447 -

1185 473 1330 523 δυνάμει
1343 472 1511 526 Τούρκων
1527 472 1698 526 ἐξέπεμψε
1712 473 1770 511 τὸν
1789 473 1957 526 Βώχανον
1974 475 2234 527 καθαιρήσοντα

1185 532 1379 584 Βόσπορον,
1395 531 1579 584 Ἀναγαίου
1594 531 1662 579 ἤδη
1675 530 1814 583 περὶτὰ
1830 532 1942 570 ἐκεῖσε
1957 535 2228 584 στρατοπεδευο-

1185 590 1288 642 μένου
1305 590 1366 628 σὺν
1387 590 1488 643 ἑτέρᾳ
1507 590 1651 640 δυνάμει
1674 589 1862 642 Τούρκων.

1670 677 1734 717 44.

1240 757 1316 794 Exc
1353 759 1411 794 De
1438 763 1531 793 sent.
1560 769 1602 805 p.
1635 755 1707 792 361
1744 768 1752 793 :
1783 751 1873 792 ‘On
1903 749 2077 806 ’ὀρθότατα
2105 754 2238 793 διάνοια

1187 813 1456 867 προσφερομένη
1473 811 1559 866 πρὸς
1578 811 1636 850 τὸν
1661 811 1771 856 πέλας
1794 812 1854 850 καὶ
1874 811 1924 862 μὴ
1945 813 2158 865 ἐκτραπεῒσα
2178 817 2237 851 τοῦ

1189 872 1391 926 πρέποντος,
1408 873 1471 911 οὐκ
1488 869 1822 924 ἀγνωμονηθήσεται
1833 873 1883 923 τῷ
1899 871 2020 924 ἀδήλῳ
2040 874 2101 918 τῆς
2122 874 2239 925 ψυχῆς

1189 932 1309 987 (τύχης
1322 932 1441 970 Bekk.
1454 932 1464 982 )
1487 930 1769 982 ἀνταλλάγματι.

1242 990 1330 1030 ‘'Ou
1355 989 1468 1028 ἐλπίδι
1488 992 1549 1027 τοῦ
1571 994 1670 1027 νικᾶν
1686 991 1746 1026 τοῦ
1766 987 1922 1032 πλείονος
1940 987 2161 1040 ὀρεγόμενος,
2177 991 2239 1035 τῆς

1191 1050 1321 1097 ἀδήλου
1352 1051 1460 1101 ῥοπῆς
1485 1046 1780 1098 ἀναλογισάμενος
1802 1046 1842 1085 τὸ
1875 1047 2062 1101 σφαλερὸν,
2087 1046 2154 1092 ἔξει
2181 1047 2241 1094 τὴν

1192 1111 1296 1148 αὐτοῦ
1318 1107 1459 1155 δόκησιν
1487 1106 1653 1150 ἀδουλίας
1674 1105 1852 1144 ὑπόθεσιν.

1243 1168 1330 1209 “On
1351 1170 1382 1206 οἳ
1405 1167 1582 1219 ἅνθρωποι
1602 1167 1640 1205 οὗ
1666 1167 1745 1204 καθ’
1764 1165 1886 1210 αὖτοὺς
1898 1168 2100 1206 ἀδικοῦνται
2116 1166 2239 1216 μόνον,

1193 1228 1284 1268 ἀλλὰ
1312 1228 1577 1272 συναδικοῦνται
1601 1225 1661 1264 καὶ
1698 1225 1819 1279 φίλων,
1846 1227 1892 1269 ὡς
1915 1224 2022 1276 εἰκὸς,
2044 1227 2100 1278 ὑφ’
2117 1226 2243 1279 ἑτέρων

1191 1285 1400 1338 πασχόντων
1425 1287 1554 1328 κακῶς.

1244 1343 1332 1384 ‘'Ott
1361 1346 1427 1396 οὐχ
1440 1342 1534 1386 ὅστις
1555 1341 1840 1381 ἀντεπιὸουλεύει
1861 1345 1921 1380 τοῦ
1946 1341 2080 1380 δικαίου
2097 1342 2244 1380 κατόπιν

1192 1401 1398 1455 ὀφθήσεται,
1417 1401 1494 1439 ἀλλ’
1512 1399 1547 1444 ὃς
1569 1399 1786 1439 ἐπιδουλεύει
1803 1402 1874 1437 τῶν
1895 1401 2061 1452 χαλεπῶν
2080 1400 2243 1444 ὑπόθεσις

1220 1460 1228 1473 l

1192 1475 1341 1512 γινεται.

1246 1518 1331 1557 “ou
1361 1517 1623 1571 ἀφιλοπρωτεία
1642 1517 1731 1568 μόνη
1753 1517 1813 1556 καὶ
1830 1517 1954 1570 φθόνου
1986 1517 2177 1561 κατάλυσις
2200 1517 2245 1555 τὰ

1194 1576 1413 1631 καιριώτατα
1429 1583 1587 1630 συνιστᾷ.

1248 1637 1334 1677 ‘'Ou
1361 1637 1398 1675 τὸ
1418 1635 1582 1687 εὔδαιμον
1604 1637 1667 1675 οὔκ
1692 1635 1727 1680 ἐξ
1747 1634 1946 1686 αὐτομάτου
1972 1634 2060 1678 τινὸς
2089 1636 2244 1687 ἐπιρρεῖ,

1202 1698 1281 1735 ἀλλ’
1300 1695 1353 1734 ὅτι
1370 1699 1430 1743 τῆς
1445 1697 1594 1743 ἀληθοῦς
1614 1694 1776 1746 εὐτυχίας
1790 1696 1821 1732 οἱ
1842 1693 1940 1732 πόνοι
1955 1694 2080 1745 γονεῖς·
2096 1693 2171 1731 ὅθεν
2186 1693 2246 1732 καὶ

1198 1756 1349 1809 ἡδυτέρα
1366 1771 1416 1799 τις
1435 1758 1458 1802 ἡ
1480 1757 1519 1793 ἐκ
1538 1757 1605 1792 τῶν
1618 1754 1733 1792 πόνων
1750 1752 1952 1796 ἀπόλαυσις.

1250 1817 1413 1852 Primam
1421 1815 1647 1852 sententiam
1657 1814 1776 1850 modo
1784 1815 1943 1862 legimus
1961 1815 2000 1848 in
2013 1813 2150 1862 fragm.
2176 1819 2195 1856 l,
2208 1813 2243 1849 3.

1195 1879 1251 1913 De
1264 1876 1421 1923 reliquis
1447 1875 1542 1910 nihil
1556 1887 1700 1922 quaero,

1689 1966 1736 2008 45

1251 2058 1412 2094 Exc.De
1425 2056 1498 2104 leg.
1514 2057 1626 2091 Rom.
1641 2069 1682 2104 p.
1698 2055 1769 2098 164
1790 2052 1943 2092 ;“Ὀτιέν
1958 2047 2239 2106 ᾧήπόλις(καἰ)

1199 2117 1217 2152 6
1231 2114 1408 2166 Βόσπορος
1423 2112 1500 2159 ἥλω
1511 2143 1522 2162 ,
1551 2115 1581 2150 οἱ
1597 2111 1762 2165 πρέσὸεις
1779 2112 1901 2164 ἔτυχον
1917 2112 2014 2165 παρὰ
2034 2111 2203 2165 Τούρκοις
2216 2114 2247 2150 οἱ

1204 2231 1397 2268 Turcorum‚
1409 2229 1441 2260 et
1454 2227 1495 2259 ad
1505 2227 1624 2268 Tardu,
1634 2228 1904 2268 consanguineum
1915 2237 2021 2260 suum.
2037 2229 2067 2259 ls
2079 2227 2169 2260 sedes
2181 2236 2254 2259 suas

1204 2281 1345 2312 babebat
1364 2281 1397 2311 in
1413 2281 1524 2312 monte
1551 2280 1660 2319 Ectel;
1686 2279 1775 2311 Ectel
1795 2281 1904 2312 autern
1931 2279 2089 2320 significat
2118 2288 2247 2310 aureus.

1206 2335 1251 2365 Eo
1266 2341 1367 2373 quum
1386 2332 1574 2364 Valentinus
1584 2331 1850 2372 proficisceretur,
1862 2332 1889 2364 ei
1904 2331 2044 2363 minatus
2053 2333 2253 2363 estTurxan·

1204 2384 1300 2423 thus,
1318 2392 1352 2415 se
1368 2392 1467 2424 quam
1486 2383 1628 2423 primum
1652 2385 1830 2424 Bosporum
1850 2385 2120 2424 expugnaturum.
2147 2385 2185 2414 Et
2205 2393 2254 2414 re-

1204 2445 1281 2468 vera
1306 2436 1492 2468 Bochanum
1510 2435 1618 2466 statim
1632 2443 1707 2466 cum
1725 2435 1830 2466 valida
1844 2437 2023 2467 Turcorum
2040 2444 2137 2466 manu
2161 2435 2254 2467 mise-

1204 2489 1270 2527 rat,
1286 2487 1343 2528 qui
1359 2489 1536 2527 Bosporum
1547 2488 1686 2527 caperet.
1706 2488 1866 2519 Praeterea
1883 2490 2039 2527 Anagaeus
2049 2486 2116 2524 jam
2130 2487 2252 2518 dudum

1205 2548 1280 2571 cum
1297 2539 1359 2571 alio
1372 2540 1554 2571 Turcorum
1570 2539 1714 2571 exercitu
1731 2540 1836 2571 castra
1851 2539 1884 2570 in
1904 2539 1952 2571 bis
1963 2539 2040 2570 locis
2057 2539 2204 2571 habebat.

1702 2595 1763 2628 44.

1247 2649 1311 2686 Qui
1326 2657 1382 2690 spe
1404 2648 1547 2681 victoriae
1570 2648 1715 2680 animum
1731 2648 1772 2680 ad
1790 2649 1882 2689 plura
1907 2649 2065 2689 cupienda
2084 2649 2211 2689 adjicit,
2230 2649 2256 2679 is

1206 2701 1231 2733 si
1246 2701 1442 2732 incertorum
1459 2702 1635 2733 eventuum
1651 2700 1867 2732 lubricitatem
1887 2709 1997 2733 secum
2015 2703 2162 2742 reputet,
2179 2701 2255 2733 salsa

1206 2753 1246 2785 de
1264 2753 1375 2792 seipso
1391 2753 1540 2793 opinione
1555 2752 1595 2783 ad
1610 2761 1707 2792 prava
1720 2753 1853 2784 consilia
1868 2752 2018 2784 ducetur.

1249 2804 1402 2837 Homines
1426 2812 1491 2835 non
1509 2805 1540 2835 in
1559 2804 1687 2844 propria
1713 2805 1841 2836 tantum
1856 2813 1990 2845 persona
2008 2804 2179 2844 laeduntur,
2200 2814 2256 2836 ve-

1208 2866 1279 2888 rum
1299 2857 1394 2889 etiam
1412 2857 1444 2888 in
1458 2857 1560 2889 aliena
1570 2881 1578 2897 ‚
1593 2866 1695 2898 quum
1711 2857 1804 2889 amici
1816 2858 1916 2890 nostri
1932 2857 2082 2890 videlicet
2095 2857 2135 2889 ab
2148 2858 2256 2898 aliquo

1205 2909 1354 2949 injuriam
1371 2910 1550 2951 patiuntur.

1251 2963 1322 2994 Non
1335 2963 1391 3003 qui
1405 2963 1534 2995 insidias
1551 2963 1618 3003 pari
1638 2964 1709 2994 astu
1728 2964 1870 3004 repellit,
1884 2963 2039 3002 justitiam
2053 2963 2196 2995 deserere
2213 2965 2256 2994 vi-

1208 3014 1322 3054 detur;
1336 3014 1391 3046 sed
1407 3014 1463 3054 qui
1479 3015 1566 3055 prior
1580 3014 1760 3054 insidiatur,
1774 3015 1800 3046 is
1816 3014 1892 3046 mali
1906 3023 2000 3046 causa
2014 3016 2072 3046 est.

1252 3066 1327 3097 Sola
1351 3065 1534 3098 ambitionis
1552 3066 1624 3106 suga
1641 3067 1674 3098 et
1689 3066 1819 3098 invidiae
1835 3066 1966 3098 omissio
1980 3075 2030 3098 res
2045 3066 2255 3106 deploratissi-

1209 3124 1278 3147 mas
1291 3116 1465 3155 corrigunt.

1251 3167 1398 3199 Felicitas
1411 3167 1497 3199 haud
1511 3177 1529 3199 a
1541 3176 1628 3199 cneco
1647 3173 1763 3200 eventu
1780 3167 1866 3207 fluit,
1886 3168 1940 3200 sed
1959 3177 2065 3208 reapse
2082 3168 2174 3199 bonae
2194 3168 2255 3198 sor·

1210 3220 1298 3250 tunae
1316 3220 1462 3259 parentes
1475 3219 1599 3251 labores
1608 3221 1694 3251 sunt.
1711 3221 1816 3256 Quare
1834 3222 1865 3251 et
1877 3220 2004 3251 suavior
2014 3221 2061 3250 est
2076 3221 2146 3259 post
2160 3228 2254 3250 exau-

1210 3271 1326 3302 tlatum
1344 3271 1485 3303 laborem
1499 3272 1656 3312 voluptas.

1698 3327 1758 3359 45.

1255 3381 1338 3411 Dum
1359 3381 1518 3419 Bosporus
1536 3379 1689 3420 oppidum
1714 3381 1893 3421 caperetur,
1923 3380 2013 3411 erant
2037 3380 2254 3410 Romanorum
