<?xml version="1.0" encoding="UTF-8"?>
<!DOCTYPE html PUBLIC "-//W3C//DTD XHTML 1.0 Transitional//EN"
    "http://www.w3.org/TR/xhtml1/DTD/xhtml1-transitional.dtd">
<html xmlns="http://www.w3.org/1999/xhtml" xml:lang="en" lang="en">
 <head>
  <title>
</title>
<meta http-equiv="Content-Type" content="text/html;charset=utf-8" />
  <meta name='ocr-system' content='tesseract 3.04.00' />
  <meta name='ocr-capabilities' content='ocr_page ocr_carea ocr_par ocr_line ocrx_word'/>
</head>
<body>
  <div class='ocr_page' id='page_1' title='image "./fragmentahistori04mueluoft_0161.png"; bbox 0 0 2326 3724; ppageno 0'>
   <div class='ocr_carea' id='block_1_1' title="bbox 974 205 1308 267">
    <p class='ocr_par' dir='ltr' id='par_1_1' title="bbox 974 205 1308 267">
     <span class='ocr_line' id='line_1_1' title="bbox 974 205 1308 267; baseline -0.003 0"><span class='ocrx_word' id='word_1_1' title='bbox 974 205 1308 267; x_wconf 63' lang='lat' dir='ltr'><strong>FRAGMENTA.</strong></span> 
     </span>
    </p>
   </div>
   <div class='ocr_carea' id='block_1_2' title="bbox 66 309 1126 2592">
    <p class='ocr_par' dir='ltr' id='par_1_2' title="bbox 66 309 1119 1890">
     <span class='ocr_line' id='line_1_2' title="bbox 67 309 1110 365; baseline -0.006 -13"><span class='ocrx_word' id='word_1_2' title='bbox 67 312 216 364; x_wconf 86' lang='grc' dir='ltr'>γούντων</span> <span class='ocrx_word' id='word_1_3' title='bbox 249 314 469 365; x_wconf 74' lang='grc' dir='ltr'>ἀνοικοδομεῖ</span> <span class='ocrx_word' id='word_1_4' title='bbox 498 312 542 351; x_wconf 82' lang='grc' dir='ltr'>τὰ</span> <span class='ocrx_word' id='word_1_5' title='bbox 574 312 673 364; x_wconf 86' lang='grc' dir='ltr'>τείχη</span> <span class='ocrx_word' id='word_1_6' title='bbox 686 341 696 361; x_wconf 95' lang='grc'>,</span> <span class='ocrx_word' id='word_1_7' title='bbox 726 309 829 360; x_wconf 84' lang='grc' dir='ltr'>λόγου</span> <span class='ocrx_word' id='word_1_8' title='bbox 866 309 947 363; x_wconf 88' lang='grc' dir='ltr'>(τε)</span> <span class='ocrx_word' id='word_1_9' title='bbox 982 309 1110 352; x_wconf 83' lang='grc' dir='ltr'>παντὸς</span> 
     </span>
     <span class='ocr_line' id='line_1_3' title="bbox 67 368 1103 426; baseline -0.005 -16"><span class='ocrx_word' id='word_1_10' title='bbox 67 373 244 424; x_wconf 86' lang='grc' dir='ltr'>κρείττονα</span> <span class='ocrx_word' id='word_1_11' title='bbox 263 373 529 426; x_wconf 79' lang='grc' dir='ltr'>μηχανώμενος.</span> <span class='ocrx_word' id='word_1_12' title='bbox 575 372 633 424; x_wconf 73' lang='lat'>(1³)</span> <span class='ocrx_word' id='word_1_13' title='bbox 655 369 746 413; x_wconf 76' lang='grc' dir='ltr'>Τοὺς</span> <span class='ocrx_word' id='word_1_14' title='bbox 762 370 829 421; x_wconf 83' lang='grc' dir='ltr'>γὰρ</span> <span class='ocrx_word' id='word_1_15' title='bbox 849 371 884 407; x_wconf 83' lang='grc' dir='ltr'>ἐν</span> <span class='ocrx_word' id='word_1_16' title='bbox 904 370 999 420; x_wconf 82' lang='grc' dir='ltr'>αὐτῷ</span> <span class='ocrx_word' id='word_1_17' title='bbox 1018 368 1103 420; x_wconf 89' lang='grc' dir='ltr'>πύρ-</span> 
     </span>
     <span class='ocr_line' id='line_1_4' title="bbox 66 426 1111 484; baseline -0.005 -16"><span class='ocrx_word' id='word_1_18' title='bbox 66 446 146 482; x_wconf 84' lang='grc' dir='ltr'>γους</span> <span class='ocrx_word' id='word_1_19' title='bbox 159 430 246 470; x_wconf 81' lang='grc' dir='ltr'>ἑπτὰ</span> <span class='ocrx_word' id='word_1_20' title='bbox 258 431 359 475; x_wconf 80' lang='grc' dir='ltr'>ὄντας</span> <span class='ocrx_word' id='word_1_21' title='bbox 373 428 659 484; x_wconf 76' lang='grc' dir='ltr'>ἅντιφθέγγεσθαί</span> <span class='ocrx_word' id='word_1_22' title='bbox 671 444 709 466; x_wconf 87' lang='grc' dir='ltr'>τε</span> <span class='ocrx_word' id='word_1_23' title='bbox 722 428 782 466; x_wconf 85' lang='grc' dir='ltr'>καὶ</span> <span class='ocrx_word' id='word_1_24' title='bbox 799 429 932 479; x_wconf 85' lang='grc' dir='ltr'>διηχεῒν</span> <span class='ocrx_word' id='word_1_25' title='bbox 947 426 1111 473; x_wconf 79' lang='grc' dir='ltr'>ἀλλήλοις</span> 
     </span>
     <span class='ocr_line' id='line_1_5' title="bbox 67 483 1112 541; baseline -0.006 -14"><span class='ocrx_word' id='word_1_26' title='bbox 67 490 296 541; x_wconf 68' lang='grc' dir='ltr'>συν-ἥρμοζεν.</span> <span class='ocrx_word' id='word_1_27' title='bbox 318 490 449 530; x_wconf 87' lang='grc' dir='ltr'>Εἴποτε</span> <span class='ocrx_word' id='word_1_28' title='bbox 465 488 532 541; x_wconf 83' lang='grc' dir='ltr'>γὰρ</span> <span class='ocrx_word' id='word_1_29' title='bbox 547 485 732 538; x_wconf 54' lang='grc' dir='ltr'>σάλπιγξῖὲΙ</span> <span class='ocrx_word' id='word_1_30' title='bbox 751 485 846 539; x_wconf 85' lang='grc' dir='ltr'>φωνή</span> <span class='ocrx_word' id='word_1_31' title='bbox 860 501 911 529; x_wconf 86' lang='grc' dir='ltr'>τις</span> <span class='ocrx_word' id='word_1_32' title='bbox 924 483 1025 537; x_wconf 79' lang='grc' dir='ltr'>ἑτέρα</span> <span class='ocrx_word' id='word_1_33' title='bbox 1042 489 1112 528; x_wconf 90' lang='grc' dir='ltr'>τοῖς</span> 
     </span>
     <span class='ocr_line' id='line_1_6' title="bbox 68 542 1112 604; baseline -0.005 -19"><span class='ocrx_word' id='word_1_34' title='bbox 68 546 211 604; x_wconf 78' lang='grc' dir='ltr'>πύργοις</span> <span class='ocrx_word' id='word_1_35' title='bbox 228 548 392 601; x_wconf 79' lang='grc' dir='ltr'>ἐπεφοίτα</span> <span class='ocrx_word' id='word_1_36' title='bbox 405 578 415 598; x_wconf 88' lang='grc'>,</span> <span class='ocrx_word' id='word_1_37' title='bbox 436 548 547 599; x_wconf 81' lang='grc' dir='ltr'>ἕτερος</span> <span class='ocrx_word' id='word_1_38' title='bbox 567 546 601 590; x_wconf 82' lang='grc' dir='ltr'>ἐξ</span> <span class='ocrx_word' id='word_1_39' title='bbox 622 546 738 599; x_wconf 82' lang='grc' dir='ltr'>ἑτέρου</span> <span class='ocrx_word' id='word_1_40' title='bbox 756 544 820 592; x_wconf 81' lang='grc' dir='ltr'>τὴν</span> <span class='ocrx_word' id='word_1_41' title='bbox 836 543 917 597; x_wconf 82' lang='grc' dir='ltr'>ἠχὼ</span> <span class='ocrx_word' id='word_1_42' title='bbox 935 542 1112 594; x_wconf 89' lang='grc' dir='ltr'>μετελάμ-</span> 
     </span>
     <span class='ocr_line' id='line_1_7' title="bbox 68 601 1109 660; baseline -0.005 -15"><span class='ocrx_word' id='word_1_43' title='bbox 68 607 171 654; x_wconf 68' lang='lat' dir='ltr'><strong>Cave,</strong></span> <span class='ocrx_word' id='word_1_44' title='bbox 201 608 260 646; x_wconf 88' lang='grc' dir='ltr'>καὶ</span> <span class='ocrx_word' id='word_1_45' title='bbox 293 609 342 660; x_wconf 80' lang='grc' dir='ltr'>τῷ</span> <span class='ocrx_word' id='word_1_46' title='bbox 366 606 450 659; x_wconf 85' lang='grc' dir='ltr'>πρὸς</span> <span class='ocrx_word' id='word_1_47' title='bbox 479 606 519 644; x_wconf 77' lang='grc' dir='ltr'>τὸ</span> <span class='ocrx_word' id='word_1_48' title='bbox 548 604 656 658; x_wconf 85' lang='grc' dir='ltr'>πέρας</span> <span class='ocrx_word' id='word_1_49' title='bbox 686 604 834 657; x_wconf 81' lang='grc' dir='ltr'>κειμένῳ</span> <span class='ocrx_word' id='word_1_50' title='bbox 862 601 1109 655; x_wconf 83' lang='grc' dir='ltr'>παρέπεμπον.</span> 
     </span>
     <span class='ocr_line' id='line_1_8' title="bbox 68 661 1111 718; baseline -0.008 -13"><span class='ocrx_word' id='word_1_51' title='bbox 68 668 130 718; x_wconf 70' lang='lat'><strong>(¹⁴)</strong></span> <span class='ocrx_word' id='word_1_52' title='bbox 151 666 255 705; x_wconf 83' lang='grc' dir='ltr'>Ἀλλὰ</span> <span class='ocrx_word' id='word_1_53' title='bbox 277 665 347 716; x_wconf 83' lang='grc' dir='ltr'>μὴν</span> <span class='ocrx_word' id='word_1_54' title='bbox 362 665 421 703; x_wconf 84' lang='grc' dir='ltr'>καὶ</span> <span class='ocrx_word' id='word_1_55' title='bbox 439 664 526 702; x_wconf 84' lang='grc' dir='ltr'>ἄλλο</span> <span class='ocrx_word' id='word_1_56' title='bbox 541 680 574 701; x_wconf 92' lang='grc' dir='ltr'>τι</span> <span class='ocrx_word' id='word_1_57' title='bbox 589 664 658 707; x_wconf 80' lang='grc' dir='ltr'>τοῖς</span> <span class='ocrx_word' id='word_1_58' title='bbox 674 666 784 700; x_wconf 79' lang='grc' dir='ltr'>ταῦτα</span> <span class='ocrx_word' id='word_1_59' title='bbox 803 662 1044 713; x_wconf 80' lang='grc' dir='ltr'>συγγράψασιν</span> <span class='ocrx_word' id='word_1_60' title='bbox 1059 661 1111 697; x_wconf 89' lang='grc' dir='ltr'>εἷ-</span> 
     </span>
     <span class='ocr_line' id='line_1_9' title="bbox 69 719 1109 778; baseline -0.008 -14"><span class='ocrx_word' id='word_1_61' title='bbox 69 725 216 778; x_wconf 86' lang='grc' dir='ltr'>ρημένον</span> <span class='ocrx_word' id='word_1_62' title='bbox 232 726 270 764; x_wconf 84' lang='grc' dir='ltr'>οὗ</span> <span class='ocrx_word' id='word_1_63' title='bbox 287 723 563 776; x_wconf 77' lang='grc' dir='ltr'>παραλείψομεν.</span> <span class='ocrx_word' id='word_1_64' title='bbox 582 721 651 761; x_wconf 87' lang='grc' dir='ltr'>Τὸν</span> <span class='ocrx_word' id='word_1_65' title='bbox 665 720 732 773; x_wconf 85' lang='grc' dir='ltr'>γὰρ</span> <span class='ocrx_word' id='word_1_66' title='bbox 748 720 964 774; x_wconf 79' lang='grc' dir='ltr'>Ἡρακλέους</span> <span class='ocrx_word' id='word_1_67' title='bbox 982 719 1109 757; x_wconf 89' lang='grc' dir='ltr'>καλού-</span> 
     </span>
     <span class='ocr_line' id='line_1_10' title="bbox 69 773 1113 836; baseline -0.008 -14"><span class='ocrx_word' id='word_1_68' title='bbox 69 799 171 834; x_wconf 89' lang='grc' dir='ltr'>μενον</span> <span class='ocrx_word' id='word_1_69' title='bbox 185 782 314 836; x_wconf 82' lang='grc' dir='ltr'>πύργον</span> <span class='ocrx_word' id='word_1_70' title='bbox 333 781 378 820; x_wconf 80' lang='grc' dir='ltr'>τὰ</span> <span class='ocrx_word' id='word_1_71' title='bbox 390 785 458 819; x_wconf 86' lang='grc' dir='ltr'>τῶν</span> <span class='ocrx_word' id='word_1_72' title='bbox 475 780 653 831; x_wconf 89' lang='grc' dir='ltr'>πολεμίων</span> <span class='ocrx_word' id='word_1_73' title='bbox 672 785 743 823; x_wconf 87' lang='grc' dir='ltr'>τοῖς</span> <span class='ocrx_word' id='word_1_74' title='bbox 763 778 854 822; x_wconf 78' lang='grc' dir='ltr'>ἐντὸς</span> <span class='ocrx_word' id='word_1_75' title='bbox 870 773 946 816; x_wconf 70' lang='grc' dir='ltr'>οῧσι</span> <span class='ocrx_word' id='word_1_76' title='bbox 965 781 1025 817; x_wconf 81' lang='grc' dir='ltr'>τοῦ</span> <span class='ocrx_word' id='word_1_77' title='bbox 1039 777 1113 815; x_wconf 89' lang='grc' dir='ltr'>τεί-</span> 
     </span>
     <span class='ocr_line' id='line_1_11' title="bbox 67 835 1112 895; baseline -0.008 -14"><span class='ocrx_word' id='word_1_78' title='bbox 67 857 151 895; x_wconf 85' lang='grc' dir='ltr'>χους</span> <span class='ocrx_word' id='word_1_79' title='bbox 168 840 390 892; x_wconf 85' lang='grc' dir='ltr'>μεταδιδόναι</span> <span class='ocrx_word' id='word_1_80' title='bbox 407 839 583 891; x_wconf 82' lang='grc' dir='ltr'>μυστήρια</span> <span class='ocrx_word' id='word_1_81' title='bbox 602 838 754 889; x_wconf 86' lang='grc' dir='ltr'>λέγουσι.</span> <span class='ocrx_word' id='word_1_82' title='bbox 796 838 855 889; x_wconf 68' lang='lat'>(15)</span> <span class='ocrx_word' id='word_1_83' title='bbox 877 835 977 875; x_wconf 84' lang='grc' dir='ltr'>Μετὰ</span> <span class='ocrx_word' id='word_1_84' title='bbox 995 835 1030 874; x_wconf 84' lang='grc' dir='ltr'>δὲ</span> <span class='ocrx_word' id='word_1_85' title='bbox 1050 835 1112 882; x_wconf 84' lang='grc' dir='ltr'>τὴν</span> 
     </span>
     <span class='ocr_line' id='line_1_12' title="bbox 69 896 1116 952; baseline -0.007 -14"><span class='ocrx_word' id='word_1_86' title='bbox 69 904 129 939; x_wconf 80' lang='grc' dir='ltr'>τοῦ</span> <span class='ocrx_word' id='word_1_87' title='bbox 146 899 280 952; x_wconf 85' lang='grc' dir='ltr'>τείχους</span> <span class='ocrx_word' id='word_1_88' title='bbox 296 899 469 952; x_wconf 83' lang='grc' dir='ltr'>στεφάνην</span> <span class='ocrx_word' id='word_1_89' title='bbox 482 898 542 936; x_wconf 81' lang='grc' dir='ltr'>καὶ</span> <span class='ocrx_word' id='word_1_90' title='bbox 557 897 651 950; x_wconf 85' lang='grc' dir='ltr'>[τὰ]</span> <span class='ocrx_word' id='word_1_91' title='bbox 664 896 792 946; x_wconf 81' lang='grc' dir='ltr'>τεμένη</span> <span class='ocrx_word' id='word_1_92' title='bbox 809 899 878 934; x_wconf 85' lang='grc' dir='ltr'>τῶν</span> <span class='ocrx_word' id='word_1_93' title='bbox 896 897 981 934; x_wconf 86' lang='grc' dir='ltr'>θεῶν</span> <span class='ocrx_word' id='word_1_94' title='bbox 997 896 1116 947; x_wconf 86' lang='grc' dir='ltr'>ἀπειρ-</span> 
     </span>
     <span class='ocr_line' id='line_1_13' title="bbox 71 954 1113 1009; baseline -0.006 -12"><span class='ocrx_word' id='word_1_95' title='bbox 71 959 212 1009; x_wconf 88' lang='grc' dir='ltr'>γάζετο·</span> <span class='ocrx_word' id='word_1_96' title='bbox 232 958 336 1002; x_wconf 86' lang='grc' dir='ltr'>Ῥέας</span> <span class='ocrx_word' id='word_1_97' title='bbox 356 958 419 1008; x_wconf 86' lang='grc' dir='ltr'>μὲν</span> <span class='ocrx_word' id='word_1_98' title='bbox 439 956 532 995; x_wconf 84' lang='grc' dir='ltr'>κατὰ</span> <span class='ocrx_word' id='word_1_99' title='bbox 551 957 609 995; x_wconf 88' lang='grc' dir='ltr'>τὸν</span> <span class='ocrx_word' id='word_1_100' title='bbox 632 959 693 1003; x_wconf 77' lang='grc' dir='ltr'>τῆς</span> <span class='ocrx_word' id='word_1_101' title='bbox 717 957 909 1001; x_wconf 77' lang='grc' dir='ltr'>Βασιλικῆς</span> <span class='ocrx_word' id='word_1_102' title='bbox 928 954 1113 1005; x_wconf 90' lang='grc' dir='ltr'>λεγόμενον</span> 
     </span>
     <span class='ocr_line' id='line_1_14' title="bbox 68 1012 1113 1067; baseline -0.006 -12"><span class='ocrx_word' id='word_1_103' title='bbox 68 1017 173 1055; x_wconf 86' lang='grc' dir='ltr'>τόπον</span> <span class='ocrx_word' id='word_1_104' title='bbox 183 1016 268 1054; x_wconf 86' lang='grc' dir='ltr'>νεών</span> <span class='ocrx_word' id='word_1_105' title='bbox 283 1031 319 1054; x_wconf 90' lang='grc' dir='ltr'>τε</span> <span class='ocrx_word' id='word_1_106' title='bbox 331 1015 390 1054; x_wconf 80' lang='grc' dir='ltr'>καὶ</span> <span class='ocrx_word' id='word_1_107' title='bbox 405 1015 550 1066; x_wconf 89' lang='grc' dir='ltr'>ἄγαλμα</span> <span class='ocrx_word' id='word_1_108' title='bbox 562 1014 807 1067; x_wconf 81' lang='grc' dir='ltr'>καθιδρύσατο,</span> <span class='ocrx_word' id='word_1_109' title='bbox 819 1012 869 1051; x_wconf 78' lang='grc' dir='ltr'>ὅτι</span> <span class='ocrx_word' id='word_1_110' title='bbox 881 1012 941 1051; x_wconf 78' lang='grc' dir='ltr'>καὶ</span> <span class='ocrx_word' id='word_1_111' title='bbox 956 1012 1113 1064; x_wconf 82' lang='grc' dir='ltr'>Τύχαιον</span> 
     </span>
     <span class='ocr_line' id='line_1_15' title="bbox 68 1070 1114 1124; baseline -0.005 -12"><span class='ocrx_word' id='word_1_112' title='bbox 68 1079 138 1118; x_wconf 86' lang='grc' dir='ltr'>τοῖς</span> <span class='ocrx_word' id='word_1_113' title='bbox 154 1074 311 1117; x_wconf 84' lang='grc' dir='ltr'>πολίταις</span> <span class='ocrx_word' id='word_1_114' title='bbox 324 1072 509 1124; x_wconf 86' lang='grc' dir='ltr'>τετίμητο,</span> <span class='ocrx_word' id='word_1_115' title='bbox 527 1075 741 1115; x_wconf 82' lang='grc' dir='ltr'>Ποσειδῶνος</span> <span class='ocrx_word' id='word_1_116' title='bbox 761 1073 796 1110; x_wconf 88' lang='grc' dir='ltr'>δὲ</span> <span class='ocrx_word' id='word_1_117' title='bbox 812 1071 955 1121; x_wconf 88' lang='grc' dir='ltr'>τέμενος</span> <span class='ocrx_word' id='word_1_118' title='bbox 972 1070 1057 1123; x_wconf 77' lang='grc' dir='ltr'>πρὸς</span> <span class='ocrx_word' id='word_1_119' title='bbox 1072 1073 1114 1120; x_wconf 81' lang='grc' dir='ltr'>τῇ</span> 
     </span>
     <span class='ocr_line' id='line_1_16' title="bbox 71 1124 1116 1185; baseline -0.004 -14"><span class='ocrx_word' id='word_1_120' title='bbox 71 1132 222 1185; x_wconf 77' lang='grc' dir='ltr'>θαλάττῃ</span> <span class='ocrx_word' id='word_1_121' title='bbox 238 1132 433 1184; x_wconf 76' lang='grc' dir='ltr'>ἀνήγειρεν,</span> <span class='ocrx_word' id='word_1_122' title='bbox 446 1132 526 1170; x_wconf 85' lang='grc' dir='ltr'>ἔνθα</span> <span class='ocrx_word' id='word_1_123' title='bbox 540 1136 598 1169; x_wconf 83' lang='grc' dir='ltr'>νῦν</span> <span class='ocrx_word' id='word_1_124' title='bbox 611 1134 628 1170; x_wconf 89' lang='lat'><strong>6</strong></span> <span class='ocrx_word' id='word_1_125' title='bbox 640 1135 701 1170; x_wconf 81' lang='grc' dir='ltr'>τοῦ</span> <span class='ocrx_word' id='word_1_126' title='bbox 718 1130 890 1183; x_wconf 86' lang='grc' dir='ltr'>μάρτυρος</span> <span class='ocrx_word' id='word_1_127' title='bbox 901 1133 1010 1176; x_wconf 84' lang='grc' dir='ltr'>Μηνᾶ</span> <span class='ocrx_word' id='word_1_128' title='bbox 1025 1124 1116 1173; x_wconf 70' lang='grc' dir='ltr'>οἶκος</span> 
     </span>
     <span class='ocr_line' id='line_1_17' title="bbox 70 1187 1116 1241; baseline -0.004 -12"><span class='ocrx_word' id='word_1_129' title='bbox 70 1191 366 1241; x_wconf 79' lang='grc' dir='ltr'>διακεκόσμηται,</span> <span class='ocrx_word' id='word_1_130' title='bbox 390 1190 544 1238; x_wconf 83' lang='grc' dir='ltr'>Ἑκάτης</span> <span class='ocrx_word' id='word_1_131' title='bbox 564 1190 599 1228; x_wconf 84' lang='grc' dir='ltr'>δὲ</span> <span class='ocrx_word' id='word_1_132' title='bbox 622 1189 712 1229; x_wconf 85' lang='grc' dir='ltr'>κατὰ</span> <span class='ocrx_word' id='word_1_133' title='bbox 731 1189 788 1227; x_wconf 84' lang='grc' dir='ltr'>τὸν</span> <span class='ocrx_word' id='word_1_134' title='bbox 809 1193 867 1227; x_wconf 76' lang='grc' dir='ltr'>τοῦ</span> <span class='ocrx_word' id='word_1_135' title='bbox 885 1187 1116 1241; x_wconf 81' lang='grc' dir='ltr'>ἱπποδρομίου</span> 
     </span>
     <span class='ocr_line' id='line_1_18' title="bbox 69 1247 1115 1301; baseline -0.002 -14"><span class='ocrx_word' id='word_1_136' title='bbox 69 1249 190 1298; x_wconf 81' lang='grc' dir='ltr'>τόπον,</span> <span class='ocrx_word' id='word_1_137' title='bbox 207 1248 278 1288; x_wconf 75' lang='grc' dir='ltr'>ιτῶν</span> <span class='ocrx_word' id='word_1_138' title='bbox 295 1249 331 1287; x_wconf 86' lang='grc' dir='ltr'>δὲ</span> <span class='ocrx_word' id='word_1_139' title='bbox 350 1248 585 1301; x_wconf 81' lang='grc' dir='ltr'>Διοσκούρων,</span> <span class='ocrx_word' id='word_1_140' title='bbox 610 1248 788 1300; x_wconf 84' lang='grc' dir='ltr'>Κάστορός</span> <span class='ocrx_word' id='word_1_141' title='bbox 807 1247 845 1286; x_wconf 87' lang='grc' dir='ltr'>τέ</span> <span class='ocrx_word' id='word_1_142' title='bbox 861 1263 952 1301; x_wconf 82' lang='grc' dir='ltr'>φημι</span> <span class='ocrx_word' id='word_1_143' title='bbox 970 1247 1030 1286; x_wconf 87' lang='grc' dir='ltr'>καὶ</span> <span class='ocrx_word' id='word_1_144' title='bbox 1050 1249 1115 1285; x_wconf 84' lang='grc' dir='ltr'>Πο-</span> 
     </span>
     <span class='ocr_line' id='line_1_19' title="bbox 70 1306 1116 1360; baseline -0.003 -14"><span class='ocrx_word' id='word_1_145' title='bbox 70 1307 274 1355; x_wconf 85' lang='grc' dir='ltr'>λυδεύκους,</span> <span class='ocrx_word' id='word_1_146' title='bbox 306 1309 342 1346; x_wconf 85' lang='grc' dir='ltr'>ἐν</span> <span class='ocrx_word' id='word_1_147' title='bbox 366 1310 416 1360; x_wconf 80' lang='grc' dir='ltr'>τῷ</span> <span class='ocrx_word' id='word_1_148' title='bbox 436 1310 498 1354; x_wconf 73' lang='grc' dir='ltr'>τῆς</span> <span class='ocrx_word' id='word_1_149' title='bbox 523 1306 726 1359; x_wconf 84' lang='grc' dir='ltr'>Σεμέστρης</span> <span class='ocrx_word' id='word_1_150' title='bbox 754 1309 864 1359; x_wconf 80' lang='grc' dir='ltr'>βωμῷ</span> <span class='ocrx_word' id='word_1_151' title='bbox 886 1306 947 1344; x_wconf 83' lang='grc' dir='ltr'>καὶ</span> <span class='ocrx_word' id='word_1_152' title='bbox 972 1309 1015 1358; x_wconf 83' lang='grc' dir='ltr'>τῇ</span> <span class='ocrx_word' id='word_1_153' title='bbox 1046 1307 1116 1343; x_wconf 78' lang='grc' dir='ltr'>τῶν</span> 
     </span>
     <span class='ocr_line' id='line_1_20' title="bbox 70 1361 1117 1417; baseline -0.001 -14"><span class='ocrx_word' id='word_1_154' title='bbox 70 1369 239 1416; x_wconf 83' lang='grc' dir='ltr'>ποταμῶν</span> <span class='ocrx_word' id='word_1_155' title='bbox 259 1365 368 1416; x_wconf 81' lang='grc' dir='ltr'>μίξει,</span> <span class='ocrx_word' id='word_1_156' title='bbox 386 1361 458 1417; x_wconf 66' lang='grc' dir='ltr'>ἕνῇ</span> <span class='ocrx_word' id='word_1_157' title='bbox 477 1365 538 1403; x_wconf 85' lang='grc' dir='ltr'>καὶ</span> <span class='ocrx_word' id='word_1_158' title='bbox 554 1365 651 1409; x_wconf 83' lang='grc' dir='ltr'>λύσις</span> <span class='ocrx_word' id='word_1_159' title='bbox 667 1368 735 1403; x_wconf 84' lang='grc' dir='ltr'>τῶν</span> <span class='ocrx_word' id='word_1_160' title='bbox 754 1367 874 1403; x_wconf 86' lang='grc' dir='ltr'>παθῶν</span> <span class='ocrx_word' id='word_1_161' title='bbox 889 1365 959 1408; x_wconf 82' lang='grc' dir='ltr'>τοῖς</span> <span class='ocrx_word' id='word_1_162' title='bbox 979 1363 1117 1416; x_wconf 84' lang='grc' dir='ltr'>ἀνθρώ-</span> 
     </span>
     <span class='ocr_line' id='line_1_21' title="bbox 70 1422 1116 1475; baseline -0.001 -14"><span class='ocrx_word' id='word_1_163' title='bbox 70 1439 148 1468; x_wconf 91' lang='grc' dir='ltr'>ποις</span> <span class='ocrx_word' id='word_1_164' title='bbox 162 1423 307 1475; x_wconf 83' lang='grc' dir='ltr'>έγίνετο.</span> <span class='ocrx_word' id='word_1_165' title='bbox 333 1426 390 1475; x_wconf 78' lang='grc'>(16)</span> <span class='ocrx_word' id='word_1_166' title='bbox 410 1423 537 1474; x_wconf 78' lang='grc' dir='ltr'>Ἐγγὺς</span> <span class='ocrx_word' id='word_1_167' title='bbox 553 1423 589 1462; x_wconf 80' lang='grc' dir='ltr'>δὲ</span> <span class='ocrx_word' id='word_1_168' title='bbox 601 1427 661 1462; x_wconf 78' lang='grc' dir='ltr'>τοῦ</span> <span class='ocrx_word' id='word_1_169' title='bbox 676 1422 891 1473; x_wconf 85' lang='grc' dir='ltr'>καλουμένου</span> <span class='ocrx_word' id='word_1_170' title='bbox 905 1423 1116 1475; x_wconf 87' lang='grc' dir='ltr'>στρατηγίου</span> 
     </span>
     <span class='ocr_line' id='line_1_22' title="bbox 70 1481 1116 1534; baseline -0.002 -12"><span class='ocrx_word' id='word_1_171' title='bbox 70 1481 220 1526; x_wconf 85' lang='grc' dir='ltr'>Αἴαντός</span> <span class='ocrx_word' id='word_1_172' title='bbox 233 1498 269 1520; x_wconf 90' lang='grc' dir='ltr'>τε</span> <span class='ocrx_word' id='word_1_173' title='bbox 286 1498 346 1520; x_wconf 92' lang='grc' dir='ltr'>και</span> <span class='ocrx_word' id='word_1_174' title='bbox 362 1482 546 1534; x_wconf 82' lang='grc' dir='ltr'>Ἀχιλλέως</span> <span class='ocrx_word' id='word_1_175' title='bbox 564 1481 702 1534; x_wconf 79' lang='grc' dir='ltr'>βωμοὺς</span> <span class='ocrx_word' id='word_1_176' title='bbox 719 1482 912 1529; x_wconf 81' lang='grc' dir='ltr'>ἀνεθήκατο</span> <span class='ocrx_word' id='word_1_177' title='bbox 924 1498 932 1506; x_wconf 92' lang='grc'><em>·</em></span> <span class='ocrx_word' id='word_1_178' title='bbox 957 1481 1036 1520; x_wconf 82' lang='grc' dir='ltr'>ἔνθα</span> <span class='ocrx_word' id='word_1_179' title='bbox 1057 1481 1116 1520; x_wconf 81' lang='grc' dir='ltr'>καὶ</span> 
     </span>
     <span class='ocr_line' id='line_1_23' title="bbox 71 1539 1116 1594; baseline 0 -16"><span class='ocrx_word' id='word_1_180' title='bbox 71 1541 180 1592; x_wconf 74' lang='grc' dir='ltr'>[νῦν]</span> <span class='ocrx_word' id='word_1_181' title='bbox 196 1540 236 1578; x_wconf 85' lang='grc' dir='ltr'>τὸ</span> <span class='ocrx_word' id='word_1_182' title='bbox 253 1541 441 1593; x_wconf 79' lang='grc' dir='ltr'>Ἀχιλλέως</span> <span class='ocrx_word' id='word_1_183' title='bbox 459 1541 670 1593; x_wconf 86' lang='grc' dir='ltr'>χρηματίζει</span> <span class='ocrx_word' id='word_1_184' title='bbox 687 1541 843 1593; x_wconf 84' lang='grc' dir='ltr'>λουτρόν.</span> <span class='ocrx_word' id='word_1_185' title='bbox 867 1540 1066 1594; x_wconf 78' lang='grc' dir='ltr'>Ἀμφιάρεω</span> <span class='ocrx_word' id='word_1_186' title='bbox 1080 1539 1116 1578; x_wconf 81' lang='grc' dir='ltr'>δὲ</span> 
     </span>
     <span class='ocr_line' id='line_1_24' title="bbox 70 1599 1119 1653; baseline 0.001 -16"><span class='ocrx_word' id='word_1_187' title='bbox 70 1603 131 1638; x_wconf 73' lang='grc' dir='ltr'>τοῦ</span> <span class='ocrx_word' id='word_1_188' title='bbox 150 1599 263 1652; x_wconf 79' lang='grc' dir='ltr'>ἥρωος</span> <span class='ocrx_word' id='word_1_189' title='bbox 286 1601 320 1637; x_wconf 83' lang='grc' dir='ltr'>ἐν</span> <span class='ocrx_word' id='word_1_190' title='bbox 341 1600 416 1643; x_wconf 81' lang='grc' dir='ltr'>ταῖς</span> <span class='ocrx_word' id='word_1_191' title='bbox 439 1599 644 1651; x_wconf 83' lang='grc' dir='ltr'>λεγομέναις</span> <span class='ocrx_word' id='word_1_192' title='bbox 665 1601 796 1644; x_wconf 84' lang='grc' dir='ltr'>Συκαῖς</span> <span class='ocrx_word' id='word_1_193' title='bbox 823 1600 1061 1653; x_wconf 82' lang='grc' dir='ltr'>ᾠκοδόμησεν,</span> <span class='ocrx_word' id='word_1_194' title='bbox 1081 1599 1119 1638; x_wconf 84' lang='grc' dir='ltr'>αἳ</span> 
     </span>
     <span class='ocr_line' id='line_1_25' title="bbox 71 1657 1115 1711; baseline 0.002 -15"><span class='ocrx_word' id='word_1_195' title='bbox 71 1657 136 1704; x_wconf 83' lang='grc' dir='ltr'>τὴν</span> <span class='ocrx_word' id='word_1_196' title='bbox 161 1657 361 1708; x_wconf 83' lang='grc' dir='ltr'>ἐπωνυμίαν</span> <span class='ocrx_word' id='word_1_197' title='bbox 382 1659 421 1696; x_wconf 82' lang='grc' dir='ltr'>ἐκ</span> <span class='ocrx_word' id='word_1_198' title='bbox 439 1660 508 1696; x_wconf 83' lang='grc' dir='ltr'>τῶν</span> <span class='ocrx_word' id='word_1_199' title='bbox 529 1659 728 1711; x_wconf 80' lang='grc' dir='ltr'>συκοφόρων</span> <span class='ocrx_word' id='word_1_200' title='bbox 762 1658 910 1711; x_wconf 82' lang='grc' dir='ltr'>δένδρων</span> <span class='ocrx_word' id='word_1_201' title='bbox 942 1658 1115 1703; x_wconf 80' lang='grc' dir='ltr'>ἐδέξαντο.</span> 
     </span>
     <span class='ocr_line' id='line_1_26' title="bbox 71 1716 1119 1770; baseline 0.001 -15"><span class='ocrx_word' id='word_1_202' title='bbox 71 1716 248 1769; x_wconf 82' lang='grc' dir='ltr'>Ἀνωτέρω</span> <span class='ocrx_word' id='word_1_203' title='bbox 268 1716 305 1755; x_wconf 83' lang='grc' dir='ltr'>δὲ</span> <span class='ocrx_word' id='word_1_204' title='bbox 335 1717 457 1770; x_wconf 84' lang='grc' dir='ltr'>μικρὸν</span> <span class='ocrx_word' id='word_1_205' title='bbox 482 1721 541 1756; x_wconf 72' lang='grc' dir='ltr'>τοῦ</span> <span class='ocrx_word' id='word_1_206' title='bbox 564 1719 781 1762; x_wconf 84' lang='grc' dir='ltr'>Ποσειδῶνος</span> <span class='ocrx_word' id='word_1_207' title='bbox 801 1722 882 1756; x_wconf 82' lang='grc' dir='ltr'>ναοῦ</span> <span class='ocrx_word' id='word_1_208' title='bbox 896 1749 905 1767; x_wconf 92' lang='grc'>,</span> <span class='ocrx_word' id='word_1_209' title='bbox 925 1719 984 1756; x_wconf 76' lang='grc' dir='ltr'>καὶ</span> <span class='ocrx_word' id='word_1_210' title='bbox 1004 1718 1119 1765; x_wconf 76' lang='grc' dir='ltr'>τὸτῆς</span> 
     </span>
     <span class='ocr_line' id='line_1_27' title="bbox 72 1775 1118 1830; baseline 0 -15"><span class='ocrx_word' id='word_1_211' title='bbox 72 1775 272 1829; x_wconf 83' lang='grc' dir='ltr'>Ἀφροδίτης</span> <span class='ocrx_word' id='word_1_212' title='bbox 289 1777 584 1830; x_wconf 82' lang='grc' dir='ltr'>προσαγορεύεται</span> <span class='ocrx_word' id='word_1_213' title='bbox 601 1777 760 1827; x_wconf 87' lang='grc' dir='ltr'>τέμενος,</span> <span class='ocrx_word' id='word_1_214' title='bbox 774 1777 974 1830; x_wconf 80' lang='grc' dir='ltr'>Ἀρτέμιδος</span> <span class='ocrx_word' id='word_1_215' title='bbox 991 1778 1027 1815; x_wconf 81' lang='grc' dir='ltr'>δὲ</span> <span class='ocrx_word' id='word_1_216' title='bbox 1043 1778 1118 1829; x_wconf 86' lang='grc' dir='ltr'>[καὶ</span> 
     </span>
     <span class='ocr_line' id='line_1_28' title="bbox 72 1828 744 1890; baseline 0.006 -18"><span class='ocrx_word' id='word_1_217' title='bbox 72 1833 214 1882; x_wconf 75' lang='grc' dir='ltr'>Ἀθηνᾶς</span> <span class='ocrx_word' id='word_1_218' title='bbox 227 1835 244 1886; x_wconf 85' lang='lat'>]</span> <span class='ocrx_word' id='word_1_219' title='bbox 258 1835 341 1886; x_wconf 84' lang='grc' dir='ltr'>πρὸς</span> <span class='ocrx_word' id='word_1_220' title='bbox 359 1835 399 1874; x_wconf 84' lang='grc' dir='ltr'>τὸ</span> <span class='ocrx_word' id='word_1_221' title='bbox 418 1839 480 1883; x_wconf 75' lang='grc' dir='ltr'>τῆς</span> <span class='ocrx_word' id='word_1_222' title='bbox 497 1835 639 1890; x_wconf 74' lang='grc' dir='ltr'>Θρᾴκης</span> <span class='ocrx_word' id='word_1_223' title='bbox 649 1828 744 1889; x_wconf 63' lang='grc' dir='ltr'>δρος.</span> 
     </span>
    </p>

    <p class='ocr_par' dir='ltr' id='par_1_3' title="bbox 71 1893 1126 2592">
     <span class='ocr_line' id='line_1_29' title="bbox 126 1893 1120 1948; baseline 0.002 -17"><span class='ocrx_word' id='word_1_224' title='bbox 126 1907 172 1933; x_wconf 89' lang='grc'>17.</span> <span class='ocrx_word' id='word_1_225' title='bbox 203 1893 308 1933; x_wconf 77' lang='grc' dir='ltr'>Ἐπεὶ</span> <span class='ocrx_word' id='word_1_226' title='bbox 328 1893 364 1932; x_wconf 85' lang='grc' dir='ltr'>δὲ</span> <span class='ocrx_word' id='word_1_227' title='bbox 383 1898 493 1933; x_wconf 80' lang='grc' dir='ltr'>ταῦτα</span> <span class='ocrx_word' id='word_1_228' title='bbox 513 1895 598 1945; x_wconf 86' lang='grc' dir='ltr'>πρὸς</span> <span class='ocrx_word' id='word_1_229' title='bbox 621 1895 683 1942; x_wconf 80' lang='grc' dir='ltr'>τὴν</span> <span class='ocrx_word' id='word_1_230' title='bbox 701 1898 806 1933; x_wconf 80' lang='grc' dir='ltr'>αὓτοῧ</span> <span class='ocrx_word' id='word_1_231' title='bbox 833 1894 1029 1948; x_wconf 85' lang='grc' dir='ltr'>διῳκήσατο</span> <span class='ocrx_word' id='word_1_232' title='bbox 1054 1895 1120 1933; x_wconf 88' lang='grc' dir='ltr'>πό-</span> 
     </span>
     <span class='ocr_line' id='line_1_30' title="bbox 71 1953 1117 2008; baseline 0.003 -19"><span class='ocrx_word' id='word_1_233' title='bbox 71 1953 141 2000; x_wconf 88' lang='grc' dir='ltr'>λιν,</span> <span class='ocrx_word' id='word_1_234' title='bbox 169 1953 275 2004; x_wconf 71' lang='grc' dir='ltr'>ἐχρῆν</span> <span class='ocrx_word' id='word_1_235' title='bbox 299 1953 418 1991; x_wconf 84' lang='grc' dir='ltr'>λοιπὸν</span> <span class='ocrx_word' id='word_1_236' title='bbox 446 1953 526 1998; x_wconf 77' lang='grc' dir='ltr'>τοὺς</span> <span class='ocrx_word' id='word_1_237' title='bbox 554 1954 714 1997; x_wconf 83' lang='grc' dir='ltr'>ἐπιόντας</span> <span class='ocrx_word' id='word_1_238' title='bbox 743 1956 957 1993; x_wconf 75' lang='grc' dir='ltr'>ἀπωθεῖσθαι</span> <span class='ocrx_word' id='word_1_239' title='bbox 982 1954 1117 2008; x_wconf 72' lang='grc' dir='ltr'>βαρὸά-</span> 
     </span>
     <span class='ocr_line' id='line_1_31' title="bbox 75 2007 1121 2071; baseline 0.002 -23"><span class='ocrx_word' id='word_1_240' title='bbox 75 2026 172 2071; x_wconf 69' lang='grc' dir='ltr'>ρους,</span> <span class='ocrx_word' id='word_1_241' title='bbox 185 2009 275 2064; x_wconf 75' lang='grc' dir='ltr'>[καὶ]</span> <span class='ocrx_word' id='word_1_242' title='bbox 289 2011 442 2061; x_wconf 85' lang='grc' dir='ltr'>μάλιστα</span> <span class='ocrx_word' id='word_1_243' title='bbox 457 2012 515 2050; x_wconf 79' lang='grc' dir='ltr'>τὸν</span> <span class='ocrx_word' id='word_1_244' title='bbox 530 2007 654 2063; x_wconf 70' lang='grc' dir='ltr'>Αἷμον,</span> <span class='ocrx_word' id='word_1_245' title='bbox 674 2012 709 2056; x_wconf 87' lang='grc' dir='ltr'>ὃς</span> <span class='ocrx_word' id='word_1_246' title='bbox 723 2016 783 2059; x_wconf 79' lang='grc' dir='ltr'>τ’ἧς</span> <span class='ocrx_word' id='word_1_247' title='bbox 797 2012 941 2066; x_wconf 73' lang='grc' dir='ltr'>Θρᾴκης</span> <span class='ocrx_word' id='word_1_248' title='bbox 957 2013 1121 2065; x_wconf 83' lang='grc' dir='ltr'>τύραννος</span> 
     </span>
     <span class='ocr_line' id='line_1_32' title="bbox 74 2064 1119 2122; baseline 0.003 -16"><span class='ocrx_word' id='word_1_249' title='bbox 74 2072 130 2116; x_wconf 86' lang='grc' dir='ltr'>ἠν,</span> <span class='ocrx_word' id='word_1_250' title='bbox 147 2069 206 2106; x_wconf 83' lang='grc' dir='ltr'>καὶ</span> <span class='ocrx_word' id='word_1_251' title='bbox 223 2068 308 2122; x_wconf 83' lang='grc' dir='ltr'>πρὸς</span> <span class='ocrx_word' id='word_1_252' title='bbox 324 2069 430 2116; x_wconf 78' lang='grc' dir='ltr'>αὐτὴν</span> <span class='ocrx_word' id='word_1_253' title='bbox 446 2064 529 2116; x_wconf 69' lang='grc' dir='ltr'>ἧκεν</span> <span class='ocrx_word' id='word_1_254' title='bbox 543 2070 606 2116; x_wconf 84' lang='grc' dir='ltr'>τὴν</span> <span class='ocrx_word' id='word_1_255' title='bbox 621 2074 680 2108; x_wconf 79' lang='grc' dir='ltr'>τοῦ</span> <span class='ocrx_word' id='word_1_256' title='bbox 696 2070 867 2115; x_wconf 83' lang='grc' dir='ltr'>Βύζαντος</span> <span class='ocrx_word' id='word_1_257' title='bbox 881 2071 997 2119; x_wconf 88' lang='grc' dir='ltr'>πόλιν,</span> <span class='ocrx_word' id='word_1_258' title='bbox 1018 2071 1119 2109; x_wconf 79' lang='grc' dir='ltr'>αὐτόν</span> 
     </span>
     <span class='ocr_line' id='line_1_33' title="bbox 72 2127 1122 2181; baseline 0.001 -16"><span class='ocrx_word' id='word_1_259' title='bbox 72 2143 111 2165; x_wconf 88' lang='grc' dir='ltr'>τε</span> <span class='ocrx_word' id='word_1_260' title='bbox 130 2127 188 2165; x_wconf 87' lang='grc' dir='ltr'>τὸν</span> <span class='ocrx_word' id='word_1_261' title='bbox 206 2127 306 2181; x_wconf 81' lang='grc' dir='ltr'>ἥρωα</span> <span class='ocrx_word' id='word_1_262' title='bbox 326 2128 607 2180; x_wconf 88' lang='grc' dir='ltr'>προκαλούμενος</span> <span class='ocrx_word' id='word_1_263' title='bbox 626 2130 672 2172; x_wconf 88' lang='grc' dir='ltr'>εἷς</span> <span class='ocrx_word' id='word_1_264' title='bbox 692 2129 825 2180; x_wconf 87' lang='grc' dir='ltr'>μάχην,</span> <span class='ocrx_word' id='word_1_265' title='bbox 845 2129 905 2167; x_wconf 86' lang='grc' dir='ltr'>καὶ</span> <span class='ocrx_word' id='word_1_266' title='bbox 926 2130 1122 2181; x_wconf 84' lang='grc' dir='ltr'>διαπορθεῖν</span> 
     </span>
     <span class='ocr_line' id='line_1_34' title="bbox 73 2185 1121 2239; baseline 0.002 -16"><span class='ocrx_word' id='word_1_267' title='bbox 73 2185 214 2224; x_wconf 74' lang='grc' dir='ltr'>ἅπαντα</span> <span class='ocrx_word' id='word_1_268' title='bbox 242 2186 538 2238; x_wconf 84' lang='grc' dir='ltr'>προθυμούμενος.</span> <span class='ocrx_word' id='word_1_269' title='bbox 572 2186 633 2239; x_wconf 89' lang='grc' dir='ltr'>[Ὁ</span> <span class='ocrx_word' id='word_1_270' title='bbox 657 2186 708 2238; x_wconf 81' lang='grc' dir='ltr'>δὲ]</span> <span class='ocrx_word' id='word_1_271' title='bbox 739 2189 804 2239; x_wconf 78' lang='grc' dir='ltr'>οὐχ</span> <span class='ocrx_word' id='word_1_272' title='bbox 836 2187 1025 2238; x_wconf 85' lang='grc' dir='ltr'>ὑπομείνας</span> <span class='ocrx_word' id='word_1_273' title='bbox 1059 2188 1121 2235; x_wconf 79' lang='grc' dir='ltr'>τὴν</span> 
     </span>
     <span class='ocr_line' id='line_1_35' title="bbox 75 2243 1121 2298; baseline 0.003 -17"><span class='ocrx_word' id='word_1_274' title='bbox 75 2243 195 2296; x_wconf 80' lang='grc' dir='ltr'>ἔφοδον</span> <span class='ocrx_word' id='word_1_275' title='bbox 213 2248 271 2284; x_wconf 80' lang='grc' dir='ltr'>τοῦ</span> <span class='ocrx_word' id='word_1_276' title='bbox 296 2245 496 2298; x_wconf 72' lang='grc' dir='ltr'>βαρὸάρου,</span> <span class='ocrx_word' id='word_1_277' title='bbox 514 2246 614 2296; x_wconf 87' lang='grc' dir='ltr'>μόνος</span> <span class='ocrx_word' id='word_1_278' title='bbox 633 2246 718 2298; x_wconf 84' lang='grc' dir='ltr'>πρὸς</span> <span class='ocrx_word' id='word_1_279' title='bbox 739 2247 841 2295; x_wconf 91' lang='grc' dir='ltr'>μόνον</span> <span class='ocrx_word' id='word_1_280' title='bbox 862 2247 1121 2297; x_wconf 87' lang='grc' dir='ltr'>διαγωνίζεται,</span> 
     </span>
     <span class='ocr_line' id='line_1_36' title="bbox 74 2298 1123 2355; baseline 0.004 -15"><span class='ocrx_word' id='word_1_281' title='bbox 74 2303 134 2341; x_wconf 75' lang='grc' dir='ltr'>καὶ</span> <span class='ocrx_word' id='word_1_282' title='bbox 159 2303 378 2342; x_wconf 71' lang='grc' dir='ltr'>καταὸάλλει</span> <span class='ocrx_word' id='word_1_283' title='bbox 405 2304 464 2343; x_wconf 83' lang='grc' dir='ltr'>τὸν</span> <span class='ocrx_word' id='word_1_284' title='bbox 496 2298 610 2353; x_wconf 68' lang='grc' dir='ltr'>Αἶμον</span> <span class='ocrx_word' id='word_1_285' title='bbox 631 2305 689 2342; x_wconf 83' lang='grc' dir='ltr'>ἐπὶ</span> <span class='ocrx_word' id='word_1_286' title='bbox 717 2303 775 2343; x_wconf 82' lang='grc' dir='ltr'>τὸν</span> <span class='ocrx_word' id='word_1_287' title='bbox 805 2304 986 2355; x_wconf 83' lang='grc' dir='ltr'>ἐπώνυμον</span> <span class='ocrx_word' id='word_1_288' title='bbox 1018 2307 1123 2344; x_wconf 70' lang='grc' dir='ltr'>αὐτοῦ</span> 
     </span>
     <span class='ocr_line' id='line_1_37' title="bbox 75 2357 1122 2414; baseline 0.003 -15"><span class='ocrx_word' id='word_1_289' title='bbox 75 2361 192 2414; x_wconf 81' lang='grc' dir='ltr'>λόφον.</span> <span class='ocrx_word' id='word_1_290' title='bbox 217 2364 275 2414; x_wconf 81' lang='lat'><em>(18)</em></span> <span class='ocrx_word' id='word_1_291' title='bbox 288 2362 333 2402; x_wconf 88' lang='grc' dir='ltr'>Ὁ</span> <span class='ocrx_word' id='word_1_292' title='bbox 349 2361 411 2413; x_wconf 81' lang='grc' dir='ltr'>μὲν</span> <span class='ocrx_word' id='word_1_293' title='bbox 433 2357 491 2401; x_wconf 71' lang='grc' dir='ltr'>οῧν</span> <span class='ocrx_word' id='word_1_294' title='bbox 510 2363 623 2409; x_wconf 86' lang='grc' dir='ltr'>Βύζας</span> <span class='ocrx_word' id='word_1_295' title='bbox 639 2362 729 2414; x_wconf 80' lang='grc' dir='ltr'>μετὰ</span> <span class='ocrx_word' id='word_1_296' title='bbox 739 2363 802 2410; x_wconf 81' lang='grc' dir='ltr'>τὴν</span> <span class='ocrx_word' id='word_1_297' title='bbox 820 2363 1006 2414; x_wconf 84' lang='grc' dir='ltr'>εἰρημένην</span> <span class='ocrx_word' id='word_1_298' title='bbox 1024 2364 1122 2412; x_wconf 90' lang='grc' dir='ltr'>νίκην</span> 
     </span>
     <span class='ocr_line' id='line_1_38' title="bbox 74 2420 1126 2477; baseline 0.004 -19"><span class='ocrx_word' id='word_1_299' title='bbox 74 2423 120 2465; x_wconf 84' lang='grc' dir='ltr'>ὡς</span> <span class='ocrx_word' id='word_1_300' title='bbox 139 2420 196 2459; x_wconf 75' lang='grc' dir='ltr'>ἐπὶ</span> <span class='ocrx_word' id='word_1_301' title='bbox 215 2420 277 2468; x_wconf 78' lang='grc' dir='ltr'>τὴν</span> <span class='ocrx_word' id='word_1_302' title='bbox 297 2420 443 2475; x_wconf 69' lang='grc' dir='ltr'>Θράκην</span> <span class='ocrx_word' id='word_1_303' title='bbox 464 2422 594 2470; x_wconf 86' lang='grc' dir='ltr'>ἤλαυνε</span> <span class='ocrx_word' id='word_1_304' title='bbox 618 2421 697 2467; x_wconf 80' lang='grc' dir='ltr'>τοὺς</span> <span class='ocrx_word' id='word_1_305' title='bbox 715 2422 925 2474; x_wconf 86' lang='grc' dir='ltr'>πολεμίους,</span> <span class='ocrx_word' id='word_1_306' title='bbox 950 2423 1126 2477; x_wconf 82' lang='grc' dir='ltr'>Ὀδρύσης</span> 
     </span>
     <span class='ocr_line' id='line_1_39' title="bbox 75 2479 1126 2534; baseline 0.003 -18"><span class='ocrx_word' id='word_1_307' title='bbox 75 2481 93 2516; x_wconf 88' lang='lat'><strong>6</strong></span> <span class='ocrx_word' id='word_1_308' title='bbox 112 2481 180 2516; x_wconf 83' lang='grc' dir='ltr'>τῶν</span> <span class='ocrx_word' id='word_1_309' title='bbox 201 2481 346 2518; x_wconf 79' lang='grc' dir='ltr'>Σκυθῶν</span> <span class='ocrx_word' id='word_1_310' title='bbox 381 2479 544 2532; x_wconf 81' lang='grc' dir='ltr'>βασιλεὺς</span> <span class='ocrx_word' id='word_1_311' title='bbox 575 2480 779 2533; x_wconf 76' lang='grc' dir='ltr'>περαιωθεὶς</span> <span class='ocrx_word' id='word_1_312' title='bbox 806 2480 863 2519; x_wconf 77' lang='grc' dir='ltr'>τὸν</span> <span class='ocrx_word' id='word_1_313' title='bbox 894 2481 1045 2534; x_wconf 81' lang='grc' dir='ltr'>Ἴστρον,</span> <span class='ocrx_word' id='word_1_314' title='bbox 1066 2482 1126 2522; x_wconf 86' lang='grc' dir='ltr'>καὶ</span> 
     </span>
     <span class='ocr_line' id='line_1_40' title="bbox 74 2536 1126 2592; baseline 0.004 -18"><span class='ocrx_word' id='word_1_315' title='bbox 74 2536 160 2588; x_wconf 83' lang='grc' dir='ltr'>πρὸς</span> <span class='ocrx_word' id='word_1_316' title='bbox 187 2538 275 2575; x_wconf 82' lang='grc' dir='ltr'>αὐτὰ</span> <span class='ocrx_word' id='word_1_317' title='bbox 295 2537 438 2576; x_wconf 81' lang='grc' dir='ltr'>διελθὼν</span> <span class='ocrx_word' id='word_1_318' title='bbox 470 2538 515 2576; x_wconf 87' lang='grc' dir='ltr'>τὰ</span> <span class='ocrx_word' id='word_1_319' title='bbox 533 2541 595 2585; x_wconf 76' lang='grc' dir='ltr'>τῆς</span> <span class='ocrx_word' id='word_1_320' title='bbox 624 2539 758 2583; x_wconf 87' lang='grc' dir='ltr'>πόλεως</span> <span class='ocrx_word' id='word_1_321' title='bbox 783 2539 905 2592; x_wconf 85' lang='grc' dir='ltr'>τείχη,</span> <span class='ocrx_word' id='word_1_322' title='bbox 932 2540 1126 2592; x_wconf 84' lang='grc' dir='ltr'>ἐπολιόρκει</span> 
     </span>
    </p>
   </div>
   <div class='ocr_carea' id='block_1_3' title="bbox 1173 231 2237 1798">
    <p class='ocr_par' dir='ltr' id='par_1_4' title="bbox 1173 231 2237 1798">
     <span class='ocr_line' id='line_1_41' title="bbox 2143 231 2215 265; baseline 0 -1"><span class='ocrx_word' id='word_1_323' title='bbox 2143 231 2215 265; x_wconf 74' lang='grc'>149</span> 
     </span>
     <span class='ocr_line' id='line_1_42' title="bbox 1173 313 2218 356; baseline -0.004 -9"><span class='ocrx_word' id='word_1_324' title='bbox 1173 315 1261 347; x_wconf 91' lang='lat' dir='ltr'><strong>omni</strong></span> <span class='ocrx_word' id='word_1_325' title='bbox 1286 314 1513 356; x_wconf 83' lang='lat' dir='ltr'><strong>praedicatione</strong></span> <span class='ocrx_word' id='word_1_326' title='bbox 1537 313 1764 346; x_wconf 82' lang='lat' dir='ltr'><strong>excellentiora</strong></span> <span class='ocrx_word' id='word_1_327' title='bbox 1791 314 1962 347; x_wconf 73' lang='lat' dir='ltr'>exstruxit.</span> <span class='ocrx_word' id='word_1_328' title='bbox 1992 313 2057 354; x_wconf 79' lang='lat'>(13)</span> <span class='ocrx_word' id='word_1_329' title='bbox 2089 315 2218 354; x_wconf 79' lang='lat' dir='ltr'><strong>Septem</strong></span> 
     </span>
     <span class='ocr_line' id='line_1_43' title="bbox 1173 389 2221 431; baseline -0.004 -8"><span class='ocrx_word' id='word_1_330' title='bbox 1173 391 1269 431; x_wconf 88' lang='lat' dir='ltr'><strong>enim,</strong></span> <span class='ocrx_word' id='word_1_331' title='bbox 1277 399 1351 431; x_wconf 82' lang='lat' dir='ltr'>quoe</span> <span class='ocrx_word' id='word_1_332' title='bbox 1365 390 1399 422; x_wconf 89' lang='lat' dir='ltr'>in</span> <span class='ocrx_word' id='word_1_333' title='bbox 1412 390 1449 422; x_wconf 93' lang='lat' dir='ltr'>iis</span> <span class='ocrx_word' id='word_1_334' title='bbox 1458 391 1546 430; x_wconf 88' lang='lat' dir='ltr'><strong>sunt,</strong></span> <span class='ocrx_word' id='word_1_335' title='bbox 1557 390 1664 422; x_wconf 87' lang='lat' dir='ltr'><strong>turres</strong></span> <span class='ocrx_word' id='word_1_336' title='bbox 1672 389 1714 421; x_wconf 87' lang='lat' dir='ltr'>ita</span> <span class='ocrx_word' id='word_1_337' title='bbox 1722 389 1896 430; x_wconf 87' lang='lat' dir='ltr'><strong>coaptavit,</strong></span> <span class='ocrx_word' id='word_1_338' title='bbox 1906 390 1942 421; x_wconf 86' lang='lat' dir='ltr'>ut</span> <span class='ocrx_word' id='word_1_339' title='bbox 1952 389 2038 430; x_wconf 87' lang='lat' dir='ltr'><strong>loqui</strong></span> <span class='ocrx_word' id='word_1_340' title='bbox 2051 389 2132 421; x_wconf 88' lang='lat' dir='ltr'><strong>inter</strong></span> <span class='ocrx_word' id='word_1_341' title='bbox 2145 398 2178 420; x_wconf 88' lang='lat' dir='ltr'>se</span> <span class='ocrx_word' id='word_1_342' title='bbox 2188 390 2221 420; x_wconf 84' lang='lat' dir='ltr'>et</span> 
     </span>
     <span class='ocr_line' id='line_1_44' title="bbox 1173 465 2223 508; baseline -0.004 -9"><span class='ocrx_word' id='word_1_343' title='bbox 1173 476 1358 508; x_wconf 87' lang='lat' dir='ltr'><strong>responsare</strong></span> <span class='ocrx_word' id='word_1_344' title='bbox 1367 466 1569 499; x_wconf 88' lang='lat' dir='ltr'><strong>viderentur:</strong></span> <span class='ocrx_word' id='word_1_345' title='bbox 1580 466 1698 507; x_wconf 84' lang='lat' dir='ltr'><strong>quippe</strong></span> <span class='ocrx_word' id='word_1_346' title='bbox 1707 466 1734 498; x_wconf 88' lang='lat' dir='ltr'>si</span> <span class='ocrx_word' id='word_1_347' title='bbox 1743 465 1832 497; x_wconf 86' lang='lat' dir='ltr'><strong>tubae</strong></span> <span class='ocrx_word' id='word_1_348' title='bbox 1844 466 1901 496; x_wconf 88' lang='lat' dir='ltr'>aut</span> <span class='ocrx_word' id='word_1_349' title='bbox 1911 465 1992 496; x_wconf 83' lang='lat' dir='ltr'><strong>alius</strong></span> <span class='ocrx_word' id='word_1_350' title='bbox 2002 465 2117 505; x_wconf 85' lang='lat' dir='ltr'><strong>aliquis</strong></span> <span class='ocrx_word' id='word_1_351' title='bbox 2126 473 2223 496; x_wconf 81' lang='lat' dir='ltr'><strong>sonus</strong></span> 
     </span>
     <span class='ocr_line' id='line_1_45' title="bbox 1173 540 2223 584; baseline -0.004 -9"><span class='ocrx_word' id='word_1_352' title='bbox 1173 544 1279 576; x_wconf 89' lang='lat' dir='ltr'><strong>turres</strong></span> <span class='ocrx_word' id='word_1_353' title='bbox 1290 543 1361 575; x_wconf 82' lang='lat' dir='ltr'><strong>illas</strong></span> <span class='ocrx_word' id='word_1_354' title='bbox 1375 543 1576 584; x_wconf 86' lang='lat' dir='ltr'><strong>percuteret,</strong></span> <span class='ocrx_word' id='word_1_355' title='bbox 1591 542 1692 574; x_wconf 86' lang='lat' dir='ltr'><strong>altera</strong></span> <span class='ocrx_word' id='word_1_356' title='bbox 1705 541 1798 574; x_wconf 84' lang='lat' dir='ltr'><strong>alteri</strong></span> <span class='ocrx_word' id='word_1_357' title='bbox 1818 549 1934 573; x_wconf 90' lang='lat' dir='ltr'><strong>sonum</strong></span> <span class='ocrx_word' id='word_1_358' title='bbox 1951 540 1992 572; x_wconf 85' lang='lat' dir='ltr'>ad</span> <span class='ocrx_word' id='word_1_359' title='bbox 2008 541 2156 572; x_wconf 88' lang='lat' dir='ltr'><strong>ultimam</strong></span> <span class='ocrx_word' id='word_1_360' title='bbox 2172 549 2223 572; x_wconf 91' lang='lat' dir='ltr'>us-</span> 
     </span>
     <span class='ocr_line' id='line_1_46' title="bbox 1174 595 2224 662; baseline -0.006 -10"><span class='ocrx_word' id='word_1_361' title='bbox 1174 628 1237 662; x_wconf 86' lang='lat' dir='ltr'>que</span> <span class='ocrx_word' id='word_1_362' title='bbox 1253 619 1526 652; x_wconf 82' lang='lat' dir='ltr'><strong>transmittebant.</strong></span> <span class='ocrx_word' id='word_1_363' title='bbox 1553 595 1617 659; x_wconf 67' lang='grc'>(14)</span> <span class='ocrx_word' id='word_1_364' title='bbox 1634 617 1690 650; x_wconf 84' lang='lat' dir='ltr'>Est</span> <span class='ocrx_word' id='word_1_365' title='bbox 1708 618 1804 650; x_wconf 86' lang='lat' dir='ltr'><strong>etiam</strong></span> <span class='ocrx_word' id='word_1_366' title='bbox 1830 616 1919 649; x_wconf 88' lang='lat' dir='ltr'><strong>aliud</strong></span> <span class='ocrx_word' id='word_1_367' title='bbox 1938 616 2027 657; x_wconf 84' lang='lat' dir='ltr'><strong>quod</strong></span> <span class='ocrx_word' id='word_1_368' title='bbox 2043 616 2085 647; x_wconf 88' lang='lat' dir='ltr'>ab</span> <span class='ocrx_word' id='word_1_369' title='bbox 2109 616 2224 647; x_wconf 88' lang='lat' dir='ltr'><strong>harum</strong></span> 
     </span>
     <span class='ocr_line' id='line_1_47' title="bbox 1175 672 2227 736; baseline -0.005 -8"><span class='ocrx_word' id='word_1_370' title='bbox 1175 705 1281 728; x_wconf 89' lang='lat' dir='ltr'><strong>rerum</strong></span> <span class='ocrx_word' id='word_1_371' title='bbox 1295 695 1503 736; x_wconf 83' lang='lat' dir='ltr'><strong>scriptoribus</strong></span> <span class='ocrx_word' id='word_1_372' title='bbox 1513 694 1678 726; x_wconf 85' lang='lat' dir='ltr'><strong>memoriae</strong></span> <span class='ocrx_word' id='word_1_373' title='bbox 1689 672 1852 735; x_wconf 72' lang='lat' dir='ltr'><strong>proditum</strong></span> <span class='ocrx_word' id='word_1_374' title='bbox 1863 693 1996 724; x_wconf 89' lang='lat' dir='ltr'><strong>minime</strong></span> <span class='ocrx_word' id='word_1_375' title='bbox 2009 692 2135 724; x_wconf 88' lang='lat' dir='ltr'><strong>silentio</strong></span> <span class='ocrx_word' id='word_1_376' title='bbox 2149 700 2227 732; x_wconf 66' lang='lat' dir='ltr'><strong>prze-</strong></span> 
     </span>
     <span class='ocr_line' id='line_1_48' title="bbox 1175 769 2224 812; baseline -0.006 -7"><span class='ocrx_word' id='word_1_377' title='bbox 1175 773 1343 806; x_wconf 87' lang='lat' dir='ltr'><strong>teribimus</strong></span> <span class='ocrx_word' id='word_1_378' title='bbox 1362 785 1370 804; x_wconf 87' lang='lat'><strong>:</strong></span> <span class='ocrx_word' id='word_1_379' title='bbox 1387 772 1503 804; x_wconf 87' lang='lat' dir='ltr'><strong>turrim</strong></span> <span class='ocrx_word' id='word_1_380' title='bbox 1519 772 1658 810; x_wconf 87' lang='lat' dir='ltr'><strong>scilicet,</strong></span> <span class='ocrx_word' id='word_1_381' title='bbox 1671 780 1746 812; x_wconf 80' lang='lat' dir='ltr'>quae</span> <span class='ocrx_word' id='word_1_382' title='bbox 1768 770 1913 803; x_wconf 82' lang='lat' dir='ltr'><strong>Herculis</strong></span> <span class='ocrx_word' id='word_1_383' title='bbox 1931 770 2149 810; x_wconf 87' lang='lat' dir='ltr'><strong>nuncupatur,</strong></span> <span class='ocrx_word' id='word_1_384' title='bbox 2166 769 2224 800; x_wconf 89' lang='lat' dir='ltr'><strong>ho-</strong></span> 
     </span>
     <span class='ocr_line' id='line_1_49' title="bbox 1176 847 2228 889; baseline -0.004 -7"><span class='ocrx_word' id='word_1_385' title='bbox 1176 850 1273 882; x_wconf 89' lang='lat' dir='ltr'><strong>stium</strong></span> <span class='ocrx_word' id='word_1_386' title='bbox 1285 858 1402 881; x_wconf 85' lang='lat' dir='ltr'><strong>arcana</strong></span> <span class='ocrx_word' id='word_1_387' title='bbox 1412 849 1536 881; x_wconf 85' lang='lat' dir='ltr'><strong>civibus</strong></span> <span class='ocrx_word' id='word_1_388' title='bbox 1546 848 1681 889; x_wconf 83' lang='lat' dir='ltr'><strong>prodere</strong></span> <span class='ocrx_word' id='word_1_389' title='bbox 1690 847 1818 880; x_wconf 84' lang='lat' dir='ltr'><strong>solitam</strong></span> <span class='ocrx_word' id='word_1_390' title='bbox 1831 849 1975 879; x_wconf 88' lang='lat' dir='ltr'><strong>narrant.</strong></span> <span class='ocrx_word' id='word_1_391' title='bbox 1992 847 2058 887; x_wconf 81' lang='lat'>(15)</span> <span class='ocrx_word' id='word_1_392' title='bbox 2071 847 2228 879; x_wconf 83' lang='lat' dir='ltr'><strong>Absolute</strong></span> 
     </span>
     <span class='ocr_line' id='line_1_50' title="bbox 1177 916 2230 966; baseline -0.005 -8"><span class='ocrx_word' id='word_1_393' title='bbox 1177 916 1260 958; x_wconf 86' lang='lat' dir='ltr'><strong>muri</strong></span> <span class='ocrx_word' id='word_1_394' title='bbox 1279 926 1416 966; x_wconf 88' lang='lat' dir='ltr'><strong>ambitu,</strong></span> <span class='ocrx_word' id='word_1_395' title='bbox 1437 925 1570 958; x_wconf 87' lang='lat' dir='ltr'><strong>delubra</strong></span> <span class='ocrx_word' id='word_1_396' title='bbox 1583 933 1714 965; x_wconf 87' lang='lat' dir='ltr'><strong>quoque</strong></span> <span class='ocrx_word' id='word_1_397' title='bbox 1740 922 1885 956; x_wconf 79' lang='lat' dir='ltr'><strong>condidit</strong></span> <span class='ocrx_word' id='word_1_398' title='bbox 1892 934 1902 964; x_wconf 91' lang='lat'>;</span> <span class='ocrx_word' id='word_1_399' title='bbox 1918 924 1951 955; x_wconf 90' lang='lat' dir='ltr'>et</span> <span class='ocrx_word' id='word_1_400' title='bbox 1974 923 2072 955; x_wconf 85' lang='lat' dir='ltr'><strong>Rheae</strong></span> <span class='ocrx_word' id='word_1_401' title='bbox 2098 922 2230 963; x_wconf 83' lang='lat' dir='ltr'><strong>quidem</strong></span> 
     </span>
     <span class='ocr_line' id='line_1_51' title="bbox 1177 998 2230 1043; baseline -0.003 -8"><span class='ocrx_word' id='word_1_402' title='bbox 1177 1003 1335 1043; x_wconf 88' lang='lat' dir='ltr'><strong>templum</strong></span> <span class='ocrx_word' id='word_1_403' title='bbox 1348 1004 1380 1034; x_wconf 86' lang='lat' dir='ltr'>et</span> <span class='ocrx_word' id='word_1_404' title='bbox 1392 1001 1605 1034; x_wconf 82' lang='lat' dir='ltr'><strong>simulacrum</strong></span> <span class='ocrx_word' id='word_1_405' title='bbox 1618 1001 1652 1032; x_wconf 91' lang='lat' dir='ltr'>in</span> <span class='ocrx_word' id='word_1_406' title='bbox 1666 1000 1737 1032; x_wconf 86' lang='lat' dir='ltr'><strong>loco</strong></span> <span class='ocrx_word' id='word_1_407' title='bbox 1752 1000 1941 1040; x_wconf 85' lang='lat' dir='ltr'><strong>nuncupato</strong></span> <span class='ocrx_word' id='word_1_408' title='bbox 1956 998 2098 1032; x_wconf 78' lang='lat' dir='ltr'><strong>Basilicoe</strong></span> <span class='ocrx_word' id='word_1_409' title='bbox 2113 999 2230 1039; x_wconf 81' lang='lat' dir='ltr'><strong>erexit,</strong></span> 
     </span>
     <span class='ocr_line' id='line_1_52' title="bbox 1177 1057 2231 1121; baseline -0.005 -9"><span class='ocrx_word' id='word_1_410' title='bbox 1177 1079 1264 1121; x_wconf 90' lang='lat' dir='ltr'><strong>quod</strong></span> <span class='ocrx_word' id='word_1_411' title='bbox 1276 1079 1374 1112; x_wconf 90' lang='lat' dir='ltr'><strong>etiam</strong></span> <span class='ocrx_word' id='word_1_412' title='bbox 1384 1080 1421 1111; x_wconf 86' lang='lat' dir='ltr'>ut</span> <span class='ocrx_word' id='word_1_413' title='bbox 1434 1078 1586 1111; x_wconf 76' lang='lat' dir='ltr'><strong>Fortunae</strong></span> <span class='ocrx_word' id='word_1_414' title='bbox 1600 1077 1711 1109; x_wconf 76' lang='lat' dir='ltr'><strong>fanum</strong></span> <span class='ocrx_word' id='word_1_415' title='bbox 1723 1086 1742 1109; x_wconf 91' lang='lat' dir='ltr'>a</span> <span class='ocrx_word' id='word_1_416' title='bbox 1752 1076 1877 1109; x_wconf 88' lang='lat' dir='ltr'><strong>civibus</strong></span> <span class='ocrx_word' id='word_1_417' title='bbox 1890 1057 2076 1116; x_wconf 85' lang='lat' dir='ltr'><strong>colebatur;</strong></span> <span class='ocrx_word' id='word_1_418' title='bbox 2091 1075 2231 1117; x_wconf 86' lang='lat' dir='ltr'><strong>Neptuni</strong></span> 
     </span>
     <span class='ocr_line' id='line_1_53' title="bbox 1179 1153 2233 1197; baseline -0.005 -8"><span class='ocrx_word' id='word_1_419' title='bbox 1179 1159 1290 1190; x_wconf 87' lang='lat' dir='ltr'><strong>autem</strong></span> <span class='ocrx_word' id='word_1_420' title='bbox 1305 1157 1463 1197; x_wconf 89' lang='lat' dir='ltr'><strong>templum</strong></span> <span class='ocrx_word' id='word_1_421' title='bbox 1473 1156 1567 1196; x_wconf 82' lang='lat' dir='ltr'><strong>juxta</strong></span> <span class='ocrx_word' id='word_1_422' title='bbox 1581 1164 1669 1187; x_wconf 88' lang='lat' dir='ltr'><strong>mare</strong></span> <span class='ocrx_word' id='word_1_423' title='bbox 1681 1153 1856 1194; x_wconf 82' lang='lat' dir='ltr'><strong>exstruxit,</strong></span> <span class='ocrx_word' id='word_1_424' title='bbox 1871 1154 1924 1186; x_wconf 92' lang='lat' dir='ltr'><strong>ubi</strong></span> <span class='ocrx_word' id='word_1_425' title='bbox 1939 1162 2025 1185; x_wconf 85' lang='lat' dir='ltr'><strong>nunc</strong></span> <span class='ocrx_word' id='word_1_426' title='bbox 2036 1155 2139 1185; x_wconf 81' lang='lat' dir='ltr'><strong>Menae</strong></span> <span class='ocrx_word' id='word_1_427' title='bbox 2150 1162 2233 1184; x_wconf 85' lang='lat' dir='ltr'><strong>mar·</strong></span> 
     </span>
     <span class='ocr_line' id='line_1_54' title="bbox 1178 1230 2234 1275; baseline -0.004 -9"><span class='ocrx_word' id='word_1_428' title='bbox 1178 1235 1257 1275; x_wconf 88' lang='lat' dir='ltr'><strong>tyris</strong></span> <span class='ocrx_word' id='word_1_429' title='bbox 1277 1234 1363 1266; x_wconf 83' lang='lat' dir='ltr'><strong>aedes</strong></span> <span class='ocrx_word' id='word_1_430' title='bbox 1375 1235 1442 1272; x_wconf 87' lang='lat' dir='ltr'><strong>est;</strong></span> <span class='ocrx_word' id='word_1_431' title='bbox 1470 1242 1567 1274; x_wconf 86' lang='lat' dir='ltr'><strong>porro</strong></span> <span class='ocrx_word' id='word_1_432' title='bbox 1592 1234 1729 1265; x_wconf 86' lang='lat' dir='ltr'><strong>Hecates</strong></span> <span class='ocrx_word' id='word_1_433' title='bbox 1739 1256 1748 1272; x_wconf 86' lang='lat'>‚</span> <span class='ocrx_word' id='word_1_434' title='bbox 1775 1231 1830 1263; x_wconf 88' lang='lat' dir='ltr'><strong>ubi</strong></span> <span class='ocrx_word' id='word_1_435' title='bbox 1854 1231 2094 1272; x_wconf 85' lang='lat' dir='ltr'><strong>Hippodromus</strong></span> <span class='ocrx_word' id='word_1_436' title='bbox 2103 1241 2113 1270; x_wconf 87' lang='lat'>;</span> <span class='ocrx_word' id='word_1_437' title='bbox 2142 1230 2234 1262; x_wconf 84' lang='lat' dir='ltr'><strong>Dios-</strong></span> 
     </span>
     <span class='ocr_line' id='line_1_55' title="bbox 1179 1307 2234 1343; baseline -0.004 -1"><span class='ocrx_word' id='word_1_438' title='bbox 1179 1319 1332 1343; x_wconf 89' lang='lat' dir='ltr'><strong>curorum</strong></span> <span class='ocrx_word' id='word_1_439' title='bbox 1354 1310 1495 1343; x_wconf 83' lang='lat' dir='ltr'><strong>Castoris</strong></span> <span class='ocrx_word' id='word_1_440' title='bbox 1517 1311 1549 1342; x_wconf 88' lang='lat' dir='ltr'>et</span> <span class='ocrx_word' id='word_1_441' title='bbox 1564 1309 1703 1342; x_wconf 86' lang='lat' dir='ltr'><strong>Pollucis</strong></span> <span class='ocrx_word' id='word_1_442' title='bbox 1718 1309 1759 1340; x_wconf 89' lang='lat' dir='ltr'>ad</span> <span class='ocrx_word' id='word_1_443' title='bbox 1777 1310 1947 1341; x_wconf 84' lang='lat' dir='ltr'><strong>semestrae</strong></span> <span class='ocrx_word' id='word_1_444' title='bbox 1963 1317 2056 1340; x_wconf 83' lang='lat' dir='ltr'><strong>aram</strong></span> <span class='ocrx_word' id='word_1_445' title='bbox 2076 1309 2109 1340; x_wconf 82' lang='lat' dir='ltr'>et</span> <span class='ocrx_word' id='word_1_446' title='bbox 2126 1307 2234 1339; x_wconf 77' lang='lat' dir='ltr'><strong>lluini-</strong></span> 
     </span>
     <span class='ocr_line' id='line_1_56' title="bbox 1178 1385 2236 1427; baseline -0.003 -7"><span class='ocrx_word' id='word_1_447' title='bbox 1178 1397 1258 1420; x_wconf 90' lang='lat' dir='ltr'>num</span> <span class='ocrx_word' id='word_1_448' title='bbox 1285 1387 1483 1420; x_wconf 85' lang='lat' dir='ltr'><strong>confluentes</strong></span> <span class='ocrx_word' id='word_1_449' title='bbox 1495 1411 1504 1427; x_wconf 93' lang='lat'>,</span> <span class='ocrx_word' id='word_1_450' title='bbox 1531 1387 1587 1418; x_wconf 93' lang='lat' dir='ltr'><strong>ubi</strong></span> <span class='ocrx_word' id='word_1_451' title='bbox 1609 1387 1707 1419; x_wconf 87' lang='lat' dir='ltr'><strong>etiam</strong></span> <span class='ocrx_word' id='word_1_452' title='bbox 1735 1395 1754 1418; x_wconf 92' lang='lat' dir='ltr'>a</span> <span class='ocrx_word' id='word_1_453' title='bbox 1774 1386 1866 1419; x_wconf 89' lang='lat' dir='ltr'><strong>malis</strong></span> <span class='ocrx_word' id='word_1_454' title='bbox 1892 1385 2020 1418; x_wconf 86' lang='lat' dir='ltr'><strong>liberari</strong></span> <span class='ocrx_word' id='word_1_455' title='bbox 2050 1386 2236 1418; x_wconf 84' lang='lat' dir='ltr'><strong>hominibus</strong></span> 
     </span>
     <span class='ocr_line' id='line_1_57' title="bbox 1179 1458 2236 1501; baseline -0.003 -9"><span class='ocrx_word' id='word_1_456' title='bbox 1179 1459 1392 1501; x_wconf 87' lang='lat' dir='ltr'><strong>contingebat.</strong></span> <span class='ocrx_word' id='word_1_457' title='bbox 1421 1459 1487 1500; x_wconf 86' lang='lat'><strong>(16)</strong></span> <span class='ocrx_word' id='word_1_458' title='bbox 1511 1461 1614 1499; x_wconf 83' lang='lat' dir='ltr'><strong>Prope</strong></span> <span class='ocrx_word' id='word_1_459' title='bbox 1639 1459 1833 1498; x_wconf 81' lang='lat' dir='ltr'><strong>Strategium</strong></span> <span class='ocrx_word' id='word_1_460' title='bbox 1859 1458 1948 1498; x_wconf 84' lang='lat' dir='ltr'><strong>Ajaci</strong></span> <span class='ocrx_word' id='word_1_461' title='bbox 1975 1459 2008 1490; x_wconf 90' lang='lat' dir='ltr'>et</span> <span class='ocrx_word' id='word_1_462' title='bbox 2031 1458 2145 1490; x_wconf 84' lang='lat' dir='ltr'><strong>Achilli</strong></span> <span class='ocrx_word' id='word_1_463' title='bbox 2164 1467 2236 1490; x_wconf 87' lang='lat' dir='ltr'><strong>aras</strong></span> 
     </span>
     <span class='ocr_line' id='line_1_58' title="bbox 1179 1535 2233 1575; baseline -0.003 -6"><span class='ocrx_word' id='word_1_464' title='bbox 1179 1536 1299 1575; x_wconf 80' lang='lat' dir='ltr'><strong>erexit,</strong></span> <span class='ocrx_word' id='word_1_465' title='bbox 1315 1536 1370 1569; x_wconf 90' lang='lat' dir='ltr'><strong>ubi</strong></span> <span class='ocrx_word' id='word_1_466' title='bbox 1379 1536 1555 1568; x_wconf 86' lang='lat' dir='ltr'><strong>etiamnum</strong></span> <span class='ocrx_word' id='word_1_467' title='bbox 1568 1535 1717 1568; x_wconf 82' lang='lat' dir='ltr'><strong>Thermae</strong></span> <span class='ocrx_word' id='word_1_468' title='bbox 1728 1535 1878 1567; x_wconf 74' lang='lat' dir='ltr'><strong>Achillem</strong></span> <span class='ocrx_word' id='word_1_469' title='bbox 1889 1560 1898 1575; x_wconf 91' lang='lat'><strong>‚</strong></span> <span class='ocrx_word' id='word_1_470' title='bbox 1912 1543 1993 1575; x_wconf 88' lang='lat' dir='ltr'><strong>quas</strong></span> <span class='ocrx_word' id='word_1_471' title='bbox 2002 1537 2132 1575; x_wconf 88' lang='lat' dir='ltr'><strong>vocant,</strong></span> <span class='ocrx_word' id='word_1_472' title='bbox 2147 1536 2233 1566; x_wconf 84' lang='lat' dir='ltr'><strong>sunt.</strong></span> 
     </span>
     <span class='ocr_line' id='line_1_59' title="bbox 1182 1609 2236 1650; baseline -0.004 -7"><span class='ocrx_word' id='word_1_473' title='bbox 1182 1611 1339 1643; x_wconf 83' lang='lat' dir='ltr'><strong>Praeterea</strong></span> <span class='ocrx_word' id='word_1_474' title='bbox 1353 1609 1546 1650; x_wconf 84' lang='lat' dir='ltr'><strong>Amphiarao</strong></span> <span class='ocrx_word' id='word_1_475' title='bbox 1562 1609 1651 1641; x_wconf 87' lang='lat' dir='ltr'><strong>heroi</strong></span> <span class='ocrx_word' id='word_1_476' title='bbox 1666 1609 1699 1640; x_wconf 93' lang='lat' dir='ltr'>in</span> <span class='ocrx_word' id='word_1_477' title='bbox 1713 1609 1839 1649; x_wconf 83' lang='lat' dir='ltr'><strong>regione</strong></span> <span class='ocrx_word' id='word_1_478' title='bbox 1854 1611 1988 1649; x_wconf 81' lang='lat' dir='ltr'><strong>Sycaena</strong></span> <span class='ocrx_word' id='word_1_479' title='bbox 1998 1633 2007 1648; x_wconf 95' lang='lat'>,</span> <span class='ocrx_word' id='word_1_480' title='bbox 2027 1617 2100 1649; x_wconf 84' lang='lat' dir='ltr'><strong>quae</strong></span> <span class='ocrx_word' id='word_1_481' title='bbox 2113 1617 2132 1640; x_wconf 87' lang='lat' dir='ltr'>a</span> <span class='ocrx_word' id='word_1_482' title='bbox 2156 1609 2236 1640; x_wconf 87' lang='lat' dir='ltr'><strong>lieu-</strong></span> 
     </span>
     <span class='ocr_line' id='line_1_60' title="bbox 1180 1681 2237 1722; baseline -0.002 -8"><span class='ocrx_word' id='word_1_483' title='bbox 1180 1683 1239 1715; x_wconf 90' lang='lat' dir='ltr'>bus</span> <span class='ocrx_word' id='word_1_484' title='bbox 1255 1691 1373 1714; x_wconf 81' lang='lat' dir='ltr'><strong>nomen</strong></span> <span class='ocrx_word' id='word_1_485' title='bbox 1386 1682 1502 1722; x_wconf 89' lang='lat' dir='ltr'><strong>habet,</strong></span> <span class='ocrx_word' id='word_1_486' title='bbox 1518 1690 1645 1713; x_wconf 83' lang='lat' dir='ltr'><strong>sacrum</strong></span> <span class='ocrx_word' id='word_1_487' title='bbox 1660 1681 1831 1713; x_wconf 83' lang='lat' dir='ltr'><strong>dedicavit.</strong></span> <span class='ocrx_word' id='word_1_488' title='bbox 1853 1681 1964 1713; x_wconf 82' lang='lat' dir='ltr'><strong>Paullo</strong></span> <span class='ocrx_word' id='word_1_489' title='bbox 1983 1690 2079 1722; x_wconf 85' lang='lat' dir='ltr'><strong>supra</strong></span> <span class='ocrx_word' id='word_1_490' title='bbox 2095 1681 2237 1721; x_wconf 86' lang='lat' dir='ltr'><strong>Neptuni</strong></span> 
     </span>
     <span class='ocr_line' id='line_1_61' title="bbox 1180 1755 2237 1798; baseline -0.002 -9"><span class='ocrx_word' id='word_1_491' title='bbox 1180 1757 1339 1798; x_wconf 86' lang='lat' dir='ltr'><strong>templum</strong></span> <span class='ocrx_word' id='word_1_492' title='bbox 1355 1755 1471 1788; x_wconf 87' lang='lat' dir='ltr'><strong>Veneri</strong></span> <span class='ocrx_word' id='word_1_493' title='bbox 1495 1755 1603 1786; x_wconf 71' lang='lat' dir='ltr'><strong>sanum</strong></span> <span class='ocrx_word' id='word_1_494' title='bbox 1622 1756 1857 1794; x_wconf 88' lang='lat' dir='ltr'><strong>consecratum,</strong></span> <span class='ocrx_word' id='word_1_495' title='bbox 1876 1755 1986 1787; x_wconf 82' lang='lat' dir='ltr'><strong>Dianae</strong></span> <span class='ocrx_word' id='word_1_496' title='bbox 1998 1757 2107 1788; x_wconf 83' lang='lat' dir='ltr'><strong>autem</strong></span> <span class='ocrx_word' id='word_1_497' title='bbox 2131 1757 2163 1787; x_wconf 84' lang='lat' dir='ltr'>et</span> <span class='ocrx_word' id='word_1_498' title='bbox 2177 1756 2237 1787; x_wconf 86' lang='lat' dir='ltr'><strong>Mi-</strong></span> 
     </span>
    </p>
   </div>
   <div class='ocr_carea' id='block_1_4' title="bbox 1181 1828 1666 1862">
    <p class='ocr_par' dir='ltr' id='par_1_5' title="bbox 1181 1828 1666 1862">
     <span class='ocr_line' id='line_1_62' title="bbox 1181 1828 1666 1862; baseline -0.008 0"><span class='ocrx_word' id='word_1_499' title='bbox 1181 1838 1290 1862; x_wconf 72' lang='lat' dir='ltr'><strong>nervae</strong></span> <span class='ocrx_word' id='word_1_500' title='bbox 1302 1829 1341 1860; x_wconf 85' lang='lat' dir='ltr'>ad</span> <span class='ocrx_word' id='word_1_501' title='bbox 1358 1828 1497 1861; x_wconf 86' lang='lat' dir='ltr'><strong>Thraces</strong></span> <span class='ocrx_word' id='word_1_502' title='bbox 1510 1829 1666 1859; x_wconf 85' lang='lat' dir='ltr'><strong>montem.</strong></span> 
     </span>
    </p>
   </div>
   <div class='ocr_carea' id='block_1_5' title="bbox 1182 1899 2241 2507">
    <p class='ocr_par' dir='ltr' id='par_1_6' title="bbox 1182 1899 2241 2507">
     <span class='ocr_line' id='line_1_63' title="bbox 1228 1899 2240 1940; baseline -0.004 -6"><span class='ocrx_word' id='word_1_503' title='bbox 1228 1905 1276 1934; x_wconf 85' lang='lat'>17.</span> <span class='ocrx_word' id='word_1_504' title='bbox 1299 1901 1384 1933; x_wconf 87' lang='lat' dir='ltr'><strong>Urbe</strong></span> <span class='ocrx_word' id='word_1_505' title='bbox 1393 1901 1438 1932; x_wconf 92' lang='lat' dir='ltr'>sic</span> <span class='ocrx_word' id='word_1_506' title='bbox 1446 1900 1622 1932; x_wconf 88' lang='lat' dir='ltr'><strong>constituta</strong></span> <span class='ocrx_word' id='word_1_507' title='bbox 1631 1924 1640 1939; x_wconf 96' lang='lat'>,</span> <span class='ocrx_word' id='word_1_508' title='bbox 1649 1901 1815 1940; x_wconf 86' lang='lat' dir='ltr'><strong>supererat</strong></span> <span class='ocrx_word' id='word_1_509' title='bbox 1829 1901 1864 1932; x_wconf 88' lang='lat' dir='ltr'>ut</span> <span class='ocrx_word' id='word_1_510' title='bbox 1875 1900 2074 1931; x_wconf 81' lang='lat' dir='ltr'><strong>incurrentes</strong></span> <span class='ocrx_word' id='word_1_511' title='bbox 2086 1899 2240 1931; x_wconf 84' lang='lat' dir='ltr'><strong>barbaros</strong></span> 
     </span>
     <span class='ocr_line' id='line_1_64' title="bbox 1182 1983 2239 2024; baseline -0.001 -9"><span class='ocrx_word' id='word_1_512' title='bbox 1182 1984 1405 2024; x_wconf 86' lang='lat' dir='ltr'><strong>submoveret,</strong></span> <span class='ocrx_word' id='word_1_513' title='bbox 1422 1985 1454 2016; x_wconf 88' lang='lat' dir='ltr'>et</span> <span class='ocrx_word' id='word_1_514' title='bbox 1476 1983 1621 2024; x_wconf 88' lang='lat' dir='ltr'><strong>inprimis</strong></span> <span class='ocrx_word' id='word_1_515' title='bbox 1636 1986 1786 2017; x_wconf 80' lang='lat' dir='ltr'><strong>Haemum</strong></span> <span class='ocrx_word' id='word_1_516' title='bbox 1800 1984 1946 2015; x_wconf 78' lang='lat' dir='ltr'><strong>Thraciae</strong></span> <span class='ocrx_word' id='word_1_517' title='bbox 1968 1985 2160 2024; x_wconf 84' lang='lat' dir='ltr'><strong>tyrannum,</strong></span> <span class='ocrx_word' id='word_1_518' title='bbox 2184 1983 2239 2023; x_wconf 87' lang='lat' dir='ltr'><strong>qui</strong></span> 
     </span>
     <span class='ocr_line' id='line_1_65' title="bbox 1183 2063 2239 2104; baseline 0.002 -11"><span class='ocrx_word' id='word_1_519' title='bbox 1183 2063 1222 2094; x_wconf 78' lang='lat' dir='ltr'>ad</span> <span class='ocrx_word' id='word_1_520' title='bbox 1241 2063 1342 2103; x_wconf 84' lang='lat' dir='ltr'><strong>ipsam</strong></span> <span class='ocrx_word' id='word_1_521' title='bbox 1356 2064 1507 2104; x_wconf 84' lang='lat' dir='ltr'><strong>Byzantis</strong></span> <span class='ocrx_word' id='word_1_522' title='bbox 1516 2063 1630 2095; x_wconf 86' lang='lat' dir='ltr'><strong>urbem</strong></span> <span class='ocrx_word' id='word_1_523' title='bbox 1641 2072 1824 2104; x_wconf 85' lang='lat' dir='ltr'><strong>progressus</strong></span> <span class='ocrx_word' id='word_1_524' title='bbox 1834 2087 1844 2102; x_wconf 89' lang='lat'>,</span> <span class='ocrx_word' id='word_1_525' title='bbox 1858 2064 1955 2095; x_wconf 86' lang='lat' dir='ltr'><strong>heroe</strong></span> <span class='ocrx_word' id='word_1_526' title='bbox 1969 2064 2030 2095; x_wconf 89' lang='lat' dir='ltr'>hoc</span> <span class='ocrx_word' id='word_1_527' title='bbox 2043 2064 2082 2097; x_wconf 88' lang='lat' dir='ltr'>ad</span> <span class='ocrx_word' id='word_1_528' title='bbox 2099 2072 2239 2104; x_wconf 83' lang='lat' dir='ltr'><strong>pugnam</strong></span> 
     </span>
     <span class='ocr_line' id='line_1_66' title="bbox 1184 2146 2240 2188; baseline 0 -10"><span class='ocrx_word' id='word_1_529' title='bbox 1184 2148 1377 2187; x_wconf 83' lang='lat' dir='ltr'><strong>provocato,</strong></span> <span class='ocrx_word' id='word_1_530' title='bbox 1395 2147 1511 2178; x_wconf 81' lang='lat' dir='ltr'><strong>cuncta</strong></span> <span class='ocrx_word' id='word_1_531' title='bbox 1530 2147 1656 2178; x_wconf 76' lang='lat' dir='ltr'><strong>vastare</strong></span> <span class='ocrx_word' id='word_1_532' title='bbox 1672 2146 1869 2179; x_wconf 81' lang='lat' dir='ltr'><strong>decreverat.</strong></span> <span class='ocrx_word' id='word_1_533' title='bbox 1892 2148 1933 2179; x_wconf 88' lang='lat' dir='ltr'>At</span> <span class='ocrx_word' id='word_1_534' title='bbox 1949 2149 2050 2188; x_wconf 86' lang='lat' dir='ltr'><strong>Byzas</strong></span> <span class='ocrx_word' id='word_1_535' title='bbox 2066 2146 2240 2178; x_wconf 88' lang='lat' dir='ltr'><strong>barbarum</strong></span> 
     </span>
     <span class='ocr_line' id='line_1_67' title="bbox 1184 2228 2240 2269; baseline -0.001 -9"><span class='ocrx_word' id='word_1_536' title='bbox 1184 2229 1399 2260; x_wconf 84' lang='lat' dir='ltr'><strong>incursantem</strong></span> <span class='ocrx_word' id='word_1_537' title='bbox 1418 2228 1616 2268; x_wconf 80' lang='lat' dir='ltr'><strong>indignatus,</strong></span> <span class='ocrx_word' id='word_1_538' title='bbox 1646 2228 1800 2268; x_wconf 83' lang='lat' dir='ltr'><strong>solusque</strong></span> <span class='ocrx_word' id='word_1_539' title='bbox 1819 2236 1895 2260; x_wconf 90' lang='lat' dir='ltr'>eum</span> <span class='ocrx_word' id='word_1_540' title='bbox 1909 2228 1978 2260; x_wconf 85' lang='lat' dir='ltr'><strong>solo</strong></span> <span class='ocrx_word' id='word_1_541' title='bbox 2003 2236 2192 2269; x_wconf 81' lang='lat' dir='ltr'><strong>congressus</strong></span> <span class='ocrx_word' id='word_1_542' title='bbox 2207 2229 2240 2259; x_wconf 90' lang='lat' dir='ltr'>in</span> 
     </span>
     <span class='ocr_line' id='line_1_68' title="bbox 1185 2307 2240 2348; baseline 0 -9"><span class='ocrx_word' id='word_1_543' title='bbox 1185 2310 1295 2339; x_wconf 87' lang='lat' dir='ltr'><strong>monte</strong></span> <span class='ocrx_word' id='word_1_544' title='bbox 1307 2308 1496 2348; x_wconf 80' lang='lat' dir='ltr'><strong>cognomine</strong></span> <span class='ocrx_word' id='word_1_545' title='bbox 1509 2316 1583 2339; x_wconf 89' lang='lat' dir='ltr'>eum</span> <span class='ocrx_word' id='word_1_546' title='bbox 1598 2307 1782 2348; x_wconf 85' lang='lat' dir='ltr'><strong>prosternit.</strong></span> <span class='ocrx_word' id='word_1_547' title='bbox 1801 2308 1827 2348; x_wconf 85' lang='lat' dir='ltr'>(t</span> <span class='ocrx_word' id='word_1_548' title='bbox 1836 2307 1868 2347; x_wconf 92' lang='lat'>8)</span> <span class='ocrx_word' id='word_1_549' title='bbox 1886 2309 1960 2339; x_wconf 88' lang='lat' dir='ltr'><strong>Post</strong></span> <span class='ocrx_word' id='word_1_550' title='bbox 1973 2307 2054 2339; x_wconf 82' lang='lat' dir='ltr'><strong>hanc</strong></span> <span class='ocrx_word' id='word_1_551' title='bbox 2067 2307 2240 2339; x_wconf 86' lang='lat' dir='ltr'><strong>victoriam</strong></span> 
     </span>
     <span class='ocr_line' id='line_1_69' title="bbox 1187 2386 2241 2428; baseline 0.003 -11"><span class='ocrx_word' id='word_1_552' title='bbox 1187 2396 1287 2428; x_wconf 85' lang='lat' dir='ltr'><strong>quum</strong></span> <span class='ocrx_word' id='word_1_553' title='bbox 1301 2387 1407 2418; x_wconf 90' lang='lat' dir='ltr'><strong>hostes</strong></span> <span class='ocrx_word' id='word_1_554' title='bbox 1425 2387 1457 2417; x_wconf 92' lang='lat' dir='ltr'>in</span> <span class='ocrx_word' id='word_1_555' title='bbox 1475 2386 1643 2418; x_wconf 85' lang='lat' dir='ltr'><strong>Thraciam</strong></span> <span class='ocrx_word' id='word_1_556' title='bbox 1661 2396 1764 2428; x_wconf 87' lang='lat' dir='ltr'><strong>usque</strong></span> <span class='ocrx_word' id='word_1_557' title='bbox 1778 2389 1879 2428; x_wconf 78' lang='lat' dir='ltr'><strong>Byzas</strong></span> <span class='ocrx_word' id='word_1_558' title='bbox 1893 2389 2149 2428; x_wconf 80' lang='lat' dir='ltr'><strong>persequeretur,</strong></span> <span class='ocrx_word' id='word_1_559' title='bbox 2167 2390 2241 2428; x_wconf 86' lang='lat' dir='ltr'><strong>Scy·</strong></span> 
     </span>
     <span class='ocr_line' id='line_1_70' title="bbox 1187 2465 2240 2507; baseline 0 -9"><span class='ocrx_word' id='word_1_560' title='bbox 1187 2467 1317 2499; x_wconf 89' lang='lat' dir='ltr'><strong>tharum</strong></span> <span class='ocrx_word' id='word_1_561' title='bbox 1332 2475 1385 2498; x_wconf 86' lang='lat' dir='ltr'>rex</span> <span class='ocrx_word' id='word_1_562' title='bbox 1402 2466 1558 2507; x_wconf 82' lang='lat' dir='ltr'><strong>Odryses,</strong></span> <span class='ocrx_word' id='word_1_563' title='bbox 1570 2466 1705 2506; x_wconf 84' lang='lat' dir='ltr'><strong>trajecto</strong></span> <span class='ocrx_word' id='word_1_564' title='bbox 1722 2468 1816 2505; x_wconf 90' lang='lat' dir='ltr'><strong>lstro,</strong></span> <span class='ocrx_word' id='word_1_565' title='bbox 1830 2465 1869 2497; x_wconf 91' lang='lat' dir='ltr'>ad</span> <span class='ocrx_word' id='word_1_566' title='bbox 1884 2466 1950 2506; x_wconf 88' lang='lat' dir='ltr'><strong>ipsa</strong></span> <span class='ocrx_word' id='word_1_567' title='bbox 1960 2466 2078 2497; x_wconf 82' lang='lat' dir='ltr'><strong>moenia</strong></span> <span class='ocrx_word' id='word_1_568' title='bbox 2094 2475 2240 2506; x_wconf 84' lang='lat' dir='ltr'><strong>progres-</strong></span> 
     </span>
    </p>
   </div>
   <div class='ocr_carea' id='block_1_6' title="bbox 1189 2543 2242 2584">
    <p class='ocr_par' dir='ltr' id='par_1_7' title="bbox 1189 2543 2242 2584">
     <span class='ocr_line' id='line_1_71' title="bbox 1189 2543 2242 2584; baseline -0.001 -7"><span class='ocrx_word' id='word_1_569' title='bbox 1189 2555 1244 2577; x_wconf 86' lang='lat' dir='ltr'>sus</span> <span class='ocrx_word' id='word_1_570' title='bbox 1257 2545 1371 2577; x_wconf 82' lang='lat' dir='ltr'><strong>urbem</strong></span> <span class='ocrx_word' id='word_1_571' title='bbox 1382 2544 1524 2583; x_wconf 84' lang='lat' dir='ltr'><strong>obsedit;</strong></span> <span class='ocrx_word' id='word_1_572' title='bbox 1541 2553 1616 2575; x_wconf 91' lang='lat' dir='ltr'>cum</span> <span class='ocrx_word' id='word_1_573' title='bbox 1630 2553 1695 2584; x_wconf 87' lang='lat' dir='ltr'><strong>quo</strong></span> <span class='ocrx_word' id='word_1_574' title='bbox 1709 2544 1860 2584; x_wconf 81' lang='lat' dir='ltr'><strong>Byzantis</strong></span> <span class='ocrx_word' id='word_1_575' title='bbox 1869 2553 1963 2584; x_wconf 79' lang='lat' dir='ltr'><strong>uxor,</strong></span> <span class='ocrx_word' id='word_1_576' title='bbox 1978 2543 2175 2576; x_wconf 84' lang='lat' dir='ltr'><strong>admirabilis</strong></span> <span class='ocrx_word' id='word_1_577' title='bbox 2188 2544 2242 2576; x_wconf 92' lang='lat' dir='ltr'><strong>illa</strong></span> 
     </span>
    </p>
   </div>
   <div class='ocr_carea' id='block_1_7' title="bbox 75 2654 2243 3452">
    <p class='ocr_par' dir='ltr' id='par_1_8' title="bbox 75 2654 2243 3452">
     <span class='ocr_line' id='line_1_72' title="bbox 75 2654 2238 2699; baseline 0 -13"><span class='ocrx_word' id='word_1_578' title='bbox 75 2670 116 2679; x_wconf 56' lang='grc' dir='ltr'>υ-</span> <span class='ocrx_word' id='word_1_579' title='bbox 125 2654 202 2695; x_wconf 82' lang='lat'>§.1:3.</span> <span class='ocrx_word' id='word_1_580' title='bbox 218 2657 256 2687; x_wconf 83' lang='grc' dir='ltr'>ἐν</span> <span class='ocrx_word' id='word_1_581' title='bbox 273 2656 344 2687; x_wconf 83' lang='grc' dir='ltr'>αὐτ</span> <span class='ocrx_word' id='word_1_582' title='bbox 354 2655 401 2697; x_wconf 83' lang='grc' dir='ltr'>ᾤ]</span> <span class='ocrx_word' id='word_1_583' title='bbox 416 2657 446 2687; x_wconf 85' lang='grc' dir='ltr'>ἐν</span> <span class='ocrx_word' id='word_1_584' title='bbox 457 2657 536 2698; x_wconf 82' lang='grc' dir='ltr'>αὐτῇ</span> <span class='ocrx_word' id='word_1_585' title='bbox 547 2656 660 2689; x_wconf 88' lang='lat' dir='ltr'><strong>Codin.</strong></span> <span class='ocrx_word' id='word_1_586' title='bbox 672 2659 841 2690; x_wconf 79' lang='lat' dir='ltr'><strong>Praestaret</strong></span> <span class='ocrx_word' id='word_1_587' title='bbox 854 2658 884 2689; x_wconf 84' lang='grc' dir='ltr'>ἐν</span> <span class='ocrx_word' id='word_1_588' title='bbox 898 2658 1112 2696; x_wconf 83' lang='grc' dir='ltr'>αὐτοῖς.-τήν</span> <span class='ocrx_word' id='word_1_589' title='bbox 1125 2658 1196 2698; x_wconf 87' lang='grc' dir='ltr'>ἠχὼ</span> <span class='ocrx_word' id='word_1_590' title='bbox 1208 2658 1219 2698; x_wconf 87' lang='grc'>]</span> <span class='ocrx_word' id='word_1_591' title='bbox 1231 2659 1282 2690; x_wconf 87' lang='grc' dir='ltr'>τὸν</span> <span class='ocrx_word' id='word_1_592' title='bbox 1293 2657 1372 2699; x_wconf 77' lang='grc' dir='ltr'>ἦχον</span> <span class='ocrx_word' id='word_1_593' title='bbox 1386 2658 1545 2698; x_wconf 79' lang='grc' dir='ltr'>μετεδίδου</span> <span class='ocrx_word' id='word_1_594' title='bbox 1557 2657 1732 2698; x_wconf 83' lang='lat' dir='ltr'><strong>Codin.—§</strong></span> <span class='ocrx_word' id='word_1_595' title='bbox 1750 2660 1797 2689; x_wconf 80' lang='lat'>¹4.</span> <span class='ocrx_word' id='word_1_596' title='bbox 1814 2658 1880 2690; x_wconf 87' lang='grc' dir='ltr'>τὸν</span> <span class='ocrx_word' id='word_1_597' title='bbox 1890 2658 1962 2699; x_wconf 82' lang='grc' dir='ltr'>γὰρ</span> <span class='ocrx_word' id='word_1_598' title='bbox 1972 2657 2058 2698; x_wconf 86' lang='grc' dir='ltr'>κτλ.]</span> <span class='ocrx_word' id='word_1_599' title='bbox 2076 2657 2218 2689; x_wconf 81' lang='lat' dir='ltr'><strong>eodinus</strong></span> <span class='ocrx_word' id='word_1_600' title='bbox 2231 2670 2238 2688; x_wconf 89' lang='lat'>:</span> 
     </span>
     <span class='ocr_line' id='line_1_73' title="bbox 75 2701 2240 2754; baseline 0.001 -22"><span class='ocrx_word' id='word_1_601' title='bbox 75 2701 132 2732; x_wconf 82' lang='grc' dir='ltr'>τὸν</span> <span class='ocrx_word' id='word_1_602' title='bbox 146 2702 204 2743; x_wconf 84' lang='grc' dir='ltr'>γὰρ</span> <span class='ocrx_word' id='word_1_603' title='bbox 219 2702 407 2754; x_wconf 51' lang='grc' dir='ltr'>ἶΗρακλέους</span> <span class='ocrx_word' id='word_1_604' title='bbox 424 2702 537 2743; x_wconf 85' lang='grc' dir='ltr'>πύργον</span> <span class='ocrx_word' id='word_1_605' title='bbox 548 2702 711 2744; x_wconf 75' lang='grc' dir='ltr'>ἱστάμενον</span> <span class='ocrx_word' id='word_1_606' title='bbox 726 2704 810 2740; x_wconf 83' lang='grc' dir='ltr'>ἐντὸς</span> <span class='ocrx_word' id='word_1_607' title='bbox 823 2707 877 2736; x_wconf 79' lang='grc' dir='ltr'>τοῦ</span> <span class='ocrx_word' id='word_1_608' title='bbox 891 2705 1012 2746; x_wconf 84' lang='grc' dir='ltr'>τείχους</span> <span class='ocrx_word' id='word_1_609' title='bbox 1024 2706 1063 2736; x_wconf 79' lang='grc' dir='ltr'>τα</span> <span class='ocrx_word' id='word_1_610' title='bbox 1074 2707 1135 2736; x_wconf 86' lang='grc' dir='ltr'>τῶν</span> <span class='ocrx_word' id='word_1_611' title='bbox 1146 2705 1302 2745; x_wconf 87' lang='grc' dir='ltr'>πολεμίων</span> <span class='ocrx_word' id='word_1_612' title='bbox 1314 2705 1509 2746; x_wconf 84' lang='grc' dir='ltr'>μεταδιδόναι</span> <span class='ocrx_word' id='word_1_613' title='bbox 1519 2706 1674 2746; x_wconf 83' lang='grc' dir='ltr'>μυστήρια</span> <span class='ocrx_word' id='word_1_614' title='bbox 1687 2706 1778 2745; x_wconf 84' lang='grc' dir='ltr'>λόγος</span> <span class='ocrx_word' id='word_1_615' title='bbox 1794 2705 1842 2744; x_wconf 86' lang='grc' dir='ltr'>ἦν.</span> <span class='ocrx_word' id='word_1_616' title='bbox 1858 2706 1908 2737; x_wconf 79' lang='lat' dir='ltr'>Cf.</span> <span class='ocrx_word' id='word_1_617' title='bbox 1925 2706 2139 2745; x_wconf 78' lang='lat' dir='ltr'><strong>fragmentum</strong></span> <span class='ocrx_word' id='word_1_618' title='bbox 2153 2704 2240 2745; x_wconf 81' lang='lat' dir='ltr'><strong>quod</strong></span> 
     </span>
     <span class='ocr_line' id='line_1_74' title="bbox 78 2746 2239 2801; baseline 0.003 -25"><span class='ocrx_word' id='word_1_619' title='bbox 78 2746 267 2801; x_wconf 65' lang='lat' dir='ltr'><strong>Lambeelus</strong></span> <span class='ocrx_word' id='word_1_620' title='bbox 281 2756 299 2779; x_wconf 85' lang='lat' dir='ltr'>e</span> <span class='ocrx_word' id='word_1_621' title='bbox 309 2747 419 2780; x_wconf 85' lang='lat' dir='ltr'><strong>codiee</strong></span> <span class='ocrx_word' id='word_1_622' title='bbox 428 2748 596 2788; x_wconf 43' lang='lat' dir='ltr'><strong>Biblasseg.</strong></span> <span class='ocrx_word' id='word_1_623' title='bbox 614 2749 778 2790; x_wconf 76' lang='lat' dir='ltr'><strong>exscripsit</strong></span> <span class='ocrx_word' id='word_1_624' title='bbox 795 2750 827 2781; x_wconf 86' lang='lat' dir='ltr'>in</span> <span class='ocrx_word' id='word_1_625' title='bbox 838 2751 905 2781; x_wconf 81' lang='lat' dir='ltr'><strong>not.</strong></span> <span class='ocrx_word' id='word_1_626' title='bbox 921 2750 962 2782; x_wconf 86' lang='lat' dir='ltr'>ad</span> <span class='ocrx_word' id='word_1_627' title='bbox 972 2751 1087 2783; x_wconf 87' lang='lat' dir='ltr'><strong>Codin.</strong></span> <span class='ocrx_word' id='word_1_628' title='bbox 1106 2752 1196 2783; x_wconf 71' lang='grc' dir='ltr'>ε”Οτι</span> <span class='ocrx_word' id='word_1_629' title='bbox 1213 2753 1310 2789; x_wconf 82' lang='grc' dir='ltr'>Βύζας</span> <span class='ocrx_word' id='word_1_630' title='bbox 1325 2753 1341 2783; x_wconf 81' lang='grc' dir='ltr'>ὁ</span> <span class='ocrx_word' id='word_1_631' title='bbox 1353 2753 1388 2783; x_wconf 86' lang='grc' dir='ltr'>τὸ</span> <span class='ocrx_word' id='word_1_632' title='bbox 1405 2752 1571 2789; x_wconf 79' lang='grc' dir='ltr'>Βυζάντιον</span> <span class='ocrx_word' id='word_1_633' title='bbox 1581 2752 1691 2789; x_wconf 82' lang='grc' dir='ltr'>κτίσας</span> <span class='ocrx_word' id='word_1_634' title='bbox 1703 2754 1758 2790; x_wconf 83' lang='grc' dir='ltr'>τήν</span> <span class='ocrx_word' id='word_1_635' title='bbox 1775 2752 1864 2783; x_wconf 86' lang='grc' dir='ltr'>πόλιν</span> <span class='ocrx_word' id='word_1_636' title='bbox 1876 2753 2034 2793; x_wconf 84' lang='grc' dir='ltr'>ἀνήγειρεν</span> <span class='ocrx_word' id='word_1_637' title='bbox 2050 2752 2168 2793; x_wconf 84' lang='grc' dir='ltr'>τείχεσι</span> <span class='ocrx_word' id='word_1_638' title='bbox 2185 2763 2239 2792; x_wconf 86' lang='grc' dir='ltr'>με·</span> 
     </span>
     <span class='ocr_line' id='line_1_75' title="bbox 76 2793 2238 2848; baseline 0.003 -25"><span class='ocrx_word' id='word_1_639' title='bbox 76 2793 180 2848; x_wconf 65' lang='grc' dir='ltr'>γοιλοις</span> <span class='ocrx_word' id='word_1_640' title='bbox 193 2794 247 2825; x_wconf 90' lang='grc' dir='ltr'>καὶ</span> <span class='ocrx_word' id='word_1_641' title='bbox 260 2794 387 2835; x_wconf 85' lang='grc' dir='ltr'>πύργοις</span> <span class='ocrx_word' id='word_1_642' title='bbox 399 2795 612 2836; x_wconf 84' lang='grc' dir='ltr'>περικαλλέσιν</span> <span class='ocrx_word' id='word_1_643' title='bbox 629 2796 720 2828; x_wconf 84' lang='grc' dir='ltr'>ἑπτά.</span> <span class='ocrx_word' id='word_1_644' title='bbox 739 2797 834 2828; x_wconf 88' lang='grc' dir='ltr'>Ξένον</span> <span class='ocrx_word' id='word_1_645' title='bbox 847 2797 879 2828; x_wconf 86' lang='grc' dir='ltr'>δέ</span> <span class='ocrx_word' id='word_1_646' title='bbox 891 2808 960 2828; x_wconf 89' lang='grc' dir='ltr'>τινα</span> <span class='ocrx_word' id='word_1_647' title='bbox 974 2799 1026 2829; x_wconf 83' lang='grc' dir='ltr'>καὶ</span> <span class='ocrx_word' id='word_1_648' title='bbox 1043 2797 1289 2838; x_wconf 84' lang='grc' dir='ltr'>ἀξιοθαύμαστον</span> <span class='ocrx_word' id='word_1_649' title='bbox 1303 2801 1332 2831; x_wconf 81' lang='grc' dir='ltr'>οἱ</span> <span class='ocrx_word' id='word_1_650' title='bbox 1349 2799 1458 2840; x_wconf 82' lang='grc' dir='ltr'>πύργοι</span> <span class='ocrx_word' id='word_1_651' title='bbox 1473 2799 1558 2830; x_wconf 82' lang='grc' dir='ltr'>οὗτοι</span> <span class='ocrx_word' id='word_1_652' title='bbox 1569 2800 1625 2837; x_wconf 83' lang='grc' dir='ltr'>τήν</span> <span class='ocrx_word' id='word_1_653' title='bbox 1638 2800 1791 2840; x_wconf 82' lang='grc' dir='ltr'>ἐνέργειαν</span> <span class='ocrx_word' id='word_1_654' title='bbox 1807 2800 1904 2841; x_wconf 80' lang='grc' dir='ltr'>εἶχον.</span> <span class='ocrx_word' id='word_1_655' title='bbox 1923 2799 2041 2831; x_wconf 84' lang='grc' dir='ltr'>Εἷποτε</span> <span class='ocrx_word' id='word_1_656' title='bbox 2055 2800 2113 2840; x_wconf 86' lang='grc' dir='ltr'>γὰρ</span> <span class='ocrx_word' id='word_1_657' title='bbox 2125 2824 2133 2839; x_wconf 90' lang='grc'>,</span> <span class='ocrx_word' id='word_1_658' title='bbox 2145 2800 2219 2839; x_wconf 83' lang='grc' dir='ltr'>φησὶ</span> <span class='ocrx_word' id='word_1_659' title='bbox 2230 2822 2238 2836; x_wconf 89' lang='grc'>,</span> 
     </span>
     <span class='ocr_line' id='line_1_76' title="bbox 81 2840 2240 2897; baseline 0.003 -27"><span class='ocrx_word' id='word_1_660' title='bbox 81 2840 215 2897; x_wconf 57' lang='grc' dir='ltr'>σαλπιγξ</span> <span class='ocrx_word' id='word_1_661' title='bbox 224 2841 243 2878; x_wconf 87' lang='grc' dir='ltr'>ἢ</span> <span class='ocrx_word' id='word_1_662' title='bbox 254 2841 340 2880; x_wconf 84' lang='grc' dir='ltr'>φωνή</span> <span class='ocrx_word' id='word_1_663' title='bbox 352 2853 396 2877; x_wconf 90' lang='grc' dir='ltr'>τις</span> <span class='ocrx_word' id='word_1_664' title='bbox 407 2843 507 2884; x_wconf 85' lang='grc' dir='ltr'>ἑτέρα,</span> <span class='ocrx_word' id='word_1_665' title='bbox 521 2843 683 2883; x_wconf 81' lang='grc' dir='ltr'>ἀνθρώπου</span> <span class='ocrx_word' id='word_1_666' title='bbox 693 2845 787 2884; x_wconf 90' lang='grc' dir='ltr'>τυχὸν</span> <span class='ocrx_word' id='word_1_667' title='bbox 798 2844 818 2882; x_wconf 83' lang='grc' dir='ltr'>ἢ</span> <span class='ocrx_word' id='word_1_668' title='bbox 831 2844 924 2875; x_wconf 83' lang='grc' dir='ltr'>ἄλλου</span> <span class='ocrx_word' id='word_1_669' title='bbox 937 2845 1018 2885; x_wconf 86' lang='grc' dir='ltr'>ζῴου</span> <span class='ocrx_word' id='word_1_670' title='bbox 1032 2845 1052 2882; x_wconf 88' lang='grc' dir='ltr'>ἢ</span> <span class='ocrx_word' id='word_1_671' title='bbox 1066 2846 1119 2875; x_wconf 87' lang='grc' dir='ltr'>καὶ</span> <span class='ocrx_word' id='word_1_672' title='bbox 1129 2846 1214 2876; x_wconf 88' lang='grc' dir='ltr'>λίθου</span> <span class='ocrx_word' id='word_1_673' title='bbox 1226 2847 1331 2886; x_wconf 83' lang='grc' dir='ltr'>βολῆς,</span> <span class='ocrx_word' id='word_1_674' title='bbox 1343 2846 1407 2881; x_wconf 86' lang='grc' dir='ltr'>ἑνὸς</span> <span class='ocrx_word' id='word_1_675' title='bbox 1417 2849 1479 2876; x_wconf 87' lang='grc' dir='ltr'>τῶν</span> <span class='ocrx_word' id='word_1_676' title='bbox 1492 2846 1569 2876; x_wconf 83' lang='grc' dir='ltr'>ἑπτὰ</span> <span class='ocrx_word' id='word_1_677' title='bbox 1579 2845 1698 2877; x_wconf 86' lang='grc' dir='ltr'>τούτων</span> <span class='ocrx_word' id='word_1_678' title='bbox 1709 2846 1835 2887; x_wconf 86' lang='grc' dir='ltr'>πύργων</span> <span class='ocrx_word' id='word_1_679' title='bbox 1845 2846 2019 2886; x_wconf 83' lang='grc' dir='ltr'>ἐπεγένετο,</span> <span class='ocrx_word' id='word_1_680' title='bbox 2032 2846 2118 2882; x_wconf 81' lang='grc' dir='ltr'>εὐθὺς</span> <span class='ocrx_word' id='word_1_681' title='bbox 2129 2846 2173 2882; x_wconf 77' lang='grc' dir='ltr'>εἰς</span> <span class='ocrx_word' id='word_1_682' title='bbox 2186 2845 2240 2876; x_wconf 87' lang='grc' dir='ltr'>τὸν</span> 
     </span>
     <span class='ocr_line' id='line_1_77' title="bbox 83 2887 2241 2934; baseline 0.003 -16"><span class='ocrx_word' id='word_1_683' title='bbox 83 2897 138 2926; x_wconf 82' lang='grc' dir='ltr'>μετ</span> <span class='ocrx_word' id='word_1_684' title='bbox 158 2887 250 2919; x_wconf 82' lang='grc' dir='ltr'>αὐτὸν</span> <span class='ocrx_word' id='word_1_685' title='bbox 265 2889 282 2919; x_wconf 98' lang='lat'><strong>6</strong></span> <span class='ocrx_word' id='word_1_686' title='bbox 295 2888 371 2929; x_wconf 83' lang='grc' dir='ltr'>ἦχος</span> <span class='ocrx_word' id='word_1_687' title='bbox 383 2890 514 2921; x_wconf 79' lang='grc' dir='ltr'>διέὸαινε</span> <span class='ocrx_word' id='word_1_688' title='bbox 523 2914 532 2928; x_wconf 89' lang='grc'>,</span> <span class='ocrx_word' id='word_1_689' title='bbox 547 2892 599 2922; x_wconf 92' lang='grc' dir='ltr'>καὶ</span> <span class='ocrx_word' id='word_1_690' title='bbox 611 2892 737 2929; x_wconf 72' lang='grc' dir='ltr'>καθεξῆς</span> <span class='ocrx_word' id='word_1_691' title='bbox 750 2892 801 2922; x_wconf 85' lang='grc' dir='ltr'>διὰ</span> <span class='ocrx_word' id='word_1_692' title='bbox 814 2894 876 2922; x_wconf 84' lang='grc' dir='ltr'>τῶν</span> <span class='ocrx_word' id='word_1_693' title='bbox 888 2892 988 2922; x_wconf 83' lang='grc' dir='ltr'>ἄλλων</span> <span class='ocrx_word' id='word_1_694' title='bbox 1003 2893 1092 2933; x_wconf 87' lang='grc' dir='ltr'>μέχρι</span> <span class='ocrx_word' id='word_1_695' title='bbox 1106 2896 1161 2924; x_wconf 80' lang='grc' dir='ltr'>τοῦ</span> <span class='ocrx_word' id='word_1_696' title='bbox 1174 2893 1310 2934; x_wconf 84' lang='grc' dir='ltr'>ἐσχάτου</span> <span class='ocrx_word' id='word_1_697' title='bbox 1323 2893 1541 2934; x_wconf 83' lang='grc' dir='ltr'>παρεπέμπετο</span> <span class='ocrx_word' id='word_1_698' title='bbox 1555 2893 1688 2933; x_wconf 84' lang='grc' dir='ltr'>καθαρὸς</span> <span class='ocrx_word' id='word_1_699' title='bbox 1699 2917 1708 2931; x_wconf 86' lang='grc'>,</span> <span class='ocrx_word' id='word_1_700' title='bbox 1722 2893 1786 2929; x_wconf 83' lang='grc' dir='ltr'>οἷος</span> <span class='ocrx_word' id='word_1_701' title='bbox 1800 2893 1830 2929; x_wconf 87' lang='grc' dir='ltr'>ἐξ</span> <span class='ocrx_word' id='word_1_702' title='bbox 1846 2893 1942 2934; x_wconf 84' lang='grc' dir='ltr'>ἀρχῆς</span> <span class='ocrx_word' id='word_1_703' title='bbox 1959 2893 2130 2932; x_wconf 69' lang='grc' dir='ltr'>ἑξεςρωνήθη</span> <span class='ocrx_word' id='word_1_704' title='bbox 2146 2917 2155 2931; x_wconf 89' lang='grc'>,</span> <span class='ocrx_word' id='word_1_705' title='bbox 2176 2892 2241 2923; x_wconf 77' lang='grc' dir='ltr'>εἶτε</span> 
     </span>
     <span class='ocr_line' id='line_1_78' title="bbox 78 2932 2240 2990; baseline 0.003 -27"><span class='ocrx_word' id='word_1_706' title='bbox 78 2932 218 2990; x_wconf 67' lang='grc' dir='ltr'>ἔναρθρος</span> <span class='ocrx_word' id='word_1_707' title='bbox 231 2933 292 2966; x_wconf 76' lang='grc' dir='ltr'>εἴτε</span> <span class='ocrx_word' id='word_1_708' title='bbox 302 2937 354 2967; x_wconf 91' lang='grc' dir='ltr'>καὶ</span> <span class='ocrx_word' id='word_1_709' title='bbox 366 2936 520 2978; x_wconf 83' lang='grc' dir='ltr'>ἄναρθρος.</span> <span class='ocrx_word' id='word_1_710' title='bbox 531 2938 617 2969; x_wconf 84' lang='grc' dir='ltr'>Ἀλλὰ</span> <span class='ocrx_word' id='word_1_711' title='bbox 628 2939 680 2969; x_wconf 90' lang='grc' dir='ltr'>καὶ</span> <span class='ocrx_word' id='word_1_712' title='bbox 692 2939 708 2969; x_wconf 91' lang='lat'><strong>6</strong></span> <span class='ocrx_word' id='word_1_713' title='bbox 719 2938 761 2974; x_wconf 82' lang='grc' dir='ltr'>εἷς</span> <span class='ocrx_word' id='word_1_714' title='bbox 771 2941 832 2970; x_wconf 86' lang='grc' dir='ltr'>τῶν</span> <span class='ocrx_word' id='word_1_715' title='bbox 843 2940 922 2970; x_wconf 86' lang='grc' dir='ltr'>ἑπτὰ</span> <span class='ocrx_word' id='word_1_716' title='bbox 935 2939 1053 2970; x_wconf 86' lang='grc' dir='ltr'>τούτων</span> <span class='ocrx_word' id='word_1_717' title='bbox 1064 2940 1200 2980; x_wconf 86' lang='grc' dir='ltr'>πύργων,</span> <span class='ocrx_word' id='word_1_718' title='bbox 1213 2941 1230 2971; x_wconf 90' lang='lat'><strong>6</strong></span> <span class='ocrx_word' id='word_1_719' title='bbox 1238 2941 1290 2971; x_wconf 87' lang='grc' dir='ltr'>καὶ</span> <span class='ocrx_word' id='word_1_720' title='bbox 1301 2943 1358 2972; x_wconf 84' lang='grc' dir='ltr'>τοῦ</span> <span class='ocrx_word' id='word_1_721' title='bbox 1367 2940 1535 2981; x_wconf 84' lang='grc' dir='ltr'>Ἡρακλέος</span> <span class='ocrx_word' id='word_1_722' title='bbox 1547 2940 1735 2983; x_wconf 72' lang='grc' dir='ltr'>καλούμενος</span> <span class='ocrx_word' id='word_1_723' title='bbox 1745 2963 1754 2978; x_wconf 91' lang='grc'>,</span> <span class='ocrx_word' id='word_1_724' title='bbox 1768 2939 1807 2971; x_wconf 80' lang='grc' dir='ltr'>τοι</span> <span class='ocrx_word' id='word_1_725' title='bbox 1822 2944 1886 2971; x_wconf 78' lang='grc' dir='ltr'>τῶν</span> <span class='ocrx_word' id='word_1_726' title='bbox 1898 2940 2056 2980; x_wconf 84' lang='grc' dir='ltr'>πολεμίων</span> <span class='ocrx_word' id='word_1_727' title='bbox 2067 2940 2175 2976; x_wconf 77' lang='grc' dir='ltr'>ἔξωθεν</span> <span class='ocrx_word' id='word_1_728' title='bbox 2187 2950 2240 2979; x_wconf 84' lang='grc' dir='ltr'>μυ-</span> 
     </span>
     <span class='ocr_line' id='line_1_79' title="bbox 79 2983 2239 3036; baseline 0.002 -24"><span class='ocrx_word' id='word_1_729' title='bbox 79 2991 202 3036; x_wconf 67' lang='grc' dir='ltr'>στηρια,</span> <span class='ocrx_word' id='word_1_730' title='bbox 208 2985 270 3013; x_wconf 83' lang='grc' dir='ltr'>τῶν</span> <span class='ocrx_word' id='word_1_731' title='bbox 278 2983 320 3019; x_wconf 83' lang='grc' dir='ltr'>εἰς</span> <span class='ocrx_word' id='word_1_732' title='bbox 329 2984 509 3024; x_wconf 87' lang='grc' dir='ltr'>πολιορκίαν</span> <span class='ocrx_word' id='word_1_733' title='bbox 517 2985 611 3025; x_wconf 86' lang='grc' dir='ltr'>τυχὸν</span> <span class='ocrx_word' id='word_1_734' title='bbox 618 2988 671 3023; x_wconf 85' lang='grc' dir='ltr'>τῆς</span> <span class='ocrx_word' id='word_1_735' title='bbox 679 2984 798 3022; x_wconf 85' lang='grc' dir='ltr'>πόλεως</span> <span class='ocrx_word' id='word_1_736' title='bbox 809 2987 1055 3026; x_wconf 78' lang='grc' dir='ltr'>καθισταμένων,</span> <span class='ocrx_word' id='word_1_737' title='bbox 1065 2986 1162 3028; x_wconf 81' lang='grc' dir='ltr'>ἔνηχα</span> <span class='ocrx_word' id='word_1_738' title='bbox 1170 2987 1267 3019; x_wconf 85' lang='grc' dir='ltr'>ἐποίει</span> <span class='ocrx_word' id='word_1_739' title='bbox 1274 2990 1337 3024; x_wconf 85' lang='grc' dir='ltr'>τοῖς</span> <span class='ocrx_word' id='word_1_740' title='bbox 1349 2987 1431 3022; x_wconf 82' lang='grc' dir='ltr'>ἐντὸς</span> <span class='ocrx_word' id='word_1_741' title='bbox 1439 2987 1491 3017; x_wconf 88' lang='grc' dir='ltr'>καὶ</span> <span class='ocrx_word' id='word_1_742' title='bbox 1501 2985 1651 3018; x_wconf 82' lang='grc' dir='ltr'>ἀκουστά.</span> <span class='ocrx_word' id='word_1_743' title='bbox 1660 2986 1795 3026; x_wconf 81' lang='grc' dir='ltr'>Ἵδρυται</span> <span class='ocrx_word' id='word_1_744' title='bbox 1803 2987 1835 3018; x_wconf 87' lang='grc' dir='ltr'>δὲ</span> <span class='ocrx_word' id='word_1_745' title='bbox 1844 2988 1861 3018; x_wconf 95' lang='lat'><strong>6</strong></span> <span class='ocrx_word' id='word_1_746' title='bbox 1869 2987 1983 3028; x_wconf 73' lang='grc' dir='ltr'>πύργος</span> <span class='ocrx_word' id='word_1_747' title='bbox 1991 2986 2079 3023; x_wconf 81' lang='grc' dir='ltr'>οὗτος</span> <span class='ocrx_word' id='word_1_748' title='bbox 2089 2988 2120 3018; x_wconf 89' lang='grc' dir='ltr'>ἐν</span> <span class='ocrx_word' id='word_1_749' title='bbox 2131 2989 2175 3026; x_wconf 86' lang='grc' dir='ltr'>τῷ</span> <span class='ocrx_word' id='word_1_750' title='bbox 2185 2989 2239 3023; x_wconf 82' lang='grc' dir='ltr'>τῆς</span> 
     </span>
     <span class='ocr_line' id='line_1_80' title="bbox 80 3029 2238 3080; baseline 0.003 -23"><span class='ocrx_word' id='word_1_751' title='bbox 80 3029 276 3080; x_wconf 76' lang='grc' dir='ltr'>ακροπολεως</span> <span class='ocrx_word' id='word_1_752' title='bbox 286 3029 383 3070; x_wconf 80' lang='grc' dir='ltr'>λόφῳ,</span> <span class='ocrx_word' id='word_1_753' title='bbox 394 3030 426 3066; x_wconf 84' lang='grc' dir='ltr'>ὃς</span> <span class='ocrx_word' id='word_1_754' title='bbox 439 3034 492 3062; x_wconf 82' lang='grc' dir='ltr'>νῦν</span> <span class='ocrx_word' id='word_1_755' title='bbox 505 3032 659 3072; x_wconf 86' lang='grc' dir='ltr'>Κυνήγιον</span> <span class='ocrx_word' id='word_1_756' title='bbox 673 3032 935 3073; x_wconf 55' lang='grc' dir='ltr'>ὀνομάζεται.-ξ</span> <span class='ocrx_word' id='word_1_757' title='bbox 947 3038 994 3065; x_wconf 85' lang='lat'>15.</span> <span class='ocrx_word' id='word_1_758' title='bbox 1006 3034 1038 3075; x_wconf 86' lang='grc' dir='ltr'>[τ</span> <span class='ocrx_word' id='word_1_759' title='bbox 1047 3033 1086 3075; x_wconf 84' lang='grc' dir='ltr'>ὰ]</span> <span class='ocrx_word' id='word_1_760' title='bbox 1095 3035 1199 3075; x_wconf 87' lang='lat' dir='ltr'><strong>suppl.</strong></span> <span class='ocrx_word' id='word_1_761' title='bbox 1212 3043 1229 3065; x_wconf 90' lang='lat' dir='ltr'>e</span> <span class='ocrx_word' id='word_1_762' title='bbox 1239 3033 1438 3065; x_wconf 84' lang='lat' dir='ltr'><strong>Codino.—&#39;0&#39;</strong></span> <span class='ocrx_word' id='word_1_763' title='bbox 1445 3044 1479 3064; x_wconf 83' lang='grc' dir='ltr'>τι</span> <span class='ocrx_word' id='word_1_764' title='bbox 1490 3044 1510 3064; x_wconf 91' lang='grc' dir='ltr'>κ</span> <span class='ocrx_word' id='word_1_765' title='bbox 1517 3033 1554 3064; x_wconf 88' lang='grc' dir='ltr'>αὶ</span> <span class='ocrx_word' id='word_1_766' title='bbox 1568 3032 1621 3073; x_wconf 91' lang='grc' dir='ltr'>Τ.]</span> <span class='ocrx_word' id='word_1_767' title='bbox 1633 3033 1708 3074; x_wconf 84' lang='grc' dir='ltr'>ὅπερ</span> <span class='ocrx_word' id='word_1_768' title='bbox 1717 3033 1847 3074; x_wconf 87' lang='grc' dir='ltr'>τείχειον</span> <span class='ocrx_word' id='word_1_769' title='bbox 1856 3034 1972 3066; x_wconf 90' lang='lat' dir='ltr'><strong>Codin.</strong></span> <span class='ocrx_word' id='word_1_770' title='bbox 1986 3052 2025 3059; x_wconf 87' lang='lat'>—</span> <span class='ocrx_word' id='word_1_771' title='bbox 2033 3045 2050 3065; x_wconf 96' lang='grc' dir='ltr'>τ</span> <span class='ocrx_word' id='word_1_772' title='bbox 2057 3045 2071 3064; x_wconf 90' lang='grc' dir='ltr'>ε</span> <span class='ocrx_word' id='word_1_773' title='bbox 2079 3033 2112 3064; x_wconf 90' lang='grc' dir='ltr'>τί</span> <span class='ocrx_word' id='word_1_774' title='bbox 2122 3044 2143 3074; x_wconf 81' lang='grc' dir='ltr'>μ</span> <span class='ocrx_word' id='word_1_775' title='bbox 2151 3045 2171 3069; x_wconf 85' lang='grc' dir='ltr'>η</span> <span class='ocrx_word' id='word_1_776' title='bbox 2178 3044 2195 3064; x_wconf 89' lang='grc' dir='ltr'>τ</span> <span class='ocrx_word' id='word_1_777' title='bbox 2203 3032 2238 3072; x_wconf 80' lang='grc' dir='ltr'>ο]</span> 
     </span>
     <span class='ocr_line' id='line_1_81' title="bbox 79 3073 2238 3128; baseline 0.002 -23"><span class='ocrx_word' id='word_1_778' title='bbox 79 3073 192 3106; x_wconf 82' lang='lat' dir='ltr'><strong>Codin.</strong></span> <span class='ocrx_word' id='word_1_779' title='bbox 204 3085 213 3114; x_wconf 82' lang='lat'>3</span> <span class='ocrx_word' id='word_1_780' title='bbox 227 3075 386 3128; x_wconf 67' lang='grc' dir='ltr'>τετίμηται</span> <span class='ocrx_word' id='word_1_781' title='bbox 404 3079 478 3109; x_wconf 86' lang='lat' dir='ltr'><strong>Hes.</strong></span> <span class='ocrx_word' id='word_1_782' title='bbox 492 3080 634 3110; x_wconf 85' lang='grc' dir='ltr'>-ΙΙοσ,</span> <span class='ocrx_word' id='word_1_783' title='bbox 653 3078 713 3119; x_wconf 84' lang='grc' dir='ltr'>δὲ]</span> <span class='ocrx_word' id='word_1_784' title='bbox 727 3079 859 3110; x_wconf 86' lang='lat' dir='ltr'><strong>Bekker.</strong></span> <span class='ocrx_word' id='word_1_785' title='bbox 878 3081 916 3111; x_wconf 88' lang='grc' dir='ltr'>Π.</span> <span class='ocrx_word' id='word_1_786' title='bbox 933 3091 966 3112; x_wconf 85' lang='grc' dir='ltr'>τε</span> <span class='ocrx_word' id='word_1_787' title='bbox 981 3082 1055 3112; x_wconf 85' lang='lat' dir='ltr'><strong>Hes.</strong></span> <span class='ocrx_word' id='word_1_788' title='bbox 1073 3085 1105 3112; x_wconf 87' lang='lat' dir='ltr'>et</span> <span class='ocrx_word' id='word_1_789' title='bbox 1122 3081 1235 3114; x_wconf 87' lang='lat' dir='ltr'><strong>Codin.</strong></span> <span class='ocrx_word' id='word_1_790' title='bbox 1253 3098 1296 3104; x_wconf 94' lang='lat'>—</span> <span class='ocrx_word' id='word_1_791' title='bbox 1307 3084 1381 3112; x_wconf 84' lang='grc' dir='ltr'>τῶν</span> <span class='ocrx_word' id='word_1_792' title='bbox 1394 3081 1432 3111; x_wconf 81' lang='grc' dir='ltr'>δὲ</span> <span class='ocrx_word' id='word_1_793' title='bbox 1450 3078 1606 3120; x_wconf 84' lang='grc' dir='ltr'>Διοσκ.]</span> <span class='ocrx_word' id='word_1_794' title='bbox 1620 3089 1638 3111; x_wconf 93' lang='lat' dir='ltr'>e</span> <span class='ocrx_word' id='word_1_795' title='bbox 1651 3080 1788 3113; x_wconf 78' lang='lat' dir='ltr'><strong>Codino.</strong></span> <span class='ocrx_word' id='word_1_796' title='bbox 1803 3081 1855 3112; x_wconf 74' lang='grc' dir='ltr'>τὸν</span> <span class='ocrx_word' id='word_1_797' title='bbox 1873 3081 1905 3112; x_wconf 83' lang='grc' dir='ltr'>δὲ</span> <span class='ocrx_word' id='word_1_798' title='bbox 1920 3083 1956 3112; x_wconf 78' lang='lat' dir='ltr'>A.</span> <span class='ocrx_word' id='word_1_799' title='bbox 1975 3083 2049 3112; x_wconf 82' lang='lat' dir='ltr'><strong>Hes.</strong></span> <span class='ocrx_word' id='word_1_800' title='bbox 2064 3098 2107 3103; x_wconf 91' lang='lat'>—</span> <span class='ocrx_word' id='word_1_801' title='bbox 2121 3091 2167 3120; x_wconf 84' lang='grc' dir='ltr'>φη</span> <span class='ocrx_word' id='word_1_802' title='bbox 2178 3079 2238 3120; x_wconf 87' lang='grc' dir='ltr'>μὶ]</span> 
     </span>
     <span class='ocr_line' id='line_1_82' title="bbox 79 3121 2237 3172; baseline 0.003 -21"><span class='ocrx_word' id='word_1_803' title='bbox 79 3129 148 3172; x_wconf 78' lang='lat' dir='ltr'>om.</span> <span class='ocrx_word' id='word_1_804' title='bbox 160 3121 274 3154; x_wconf 83' lang='lat' dir='ltr'><strong>eodm.</strong></span> <span class='ocrx_word' id='word_1_805' title='bbox 283 3124 372 3155; x_wconf 83' lang='grc' dir='ltr'>-ἑν</span> <span class='ocrx_word' id='word_1_806' title='bbox 387 3127 439 3165; x_wconf 89' lang='grc' dir='ltr'>τῷ</span> <span class='ocrx_word' id='word_1_807' title='bbox 455 3129 499 3163; x_wconf 91' lang='grc' dir='ltr'>τῆ</span> <span class='ocrx_word' id='word_1_808' title='bbox 508 3137 521 3161; x_wconf 92' lang='grc' dir='ltr'>ς</span> <span class='ocrx_word' id='word_1_809' title='bbox 537 3127 622 3167; x_wconf 87' lang='grc' dir='ltr'>Σέμ.</span> <span class='ocrx_word' id='word_1_810' title='bbox 637 3125 720 3167; x_wconf 88' lang='grc' dir='ltr'>κτλ.]</span> <span class='ocrx_word' id='word_1_811' title='bbox 733 3127 876 3159; x_wconf 78' lang='lat' dir='ltr'><strong>cedinus</strong></span> <span class='ocrx_word' id='word_1_812' title='bbox 893 3141 900 3160; x_wconf 87' lang='lat'>:</span> <span class='ocrx_word' id='word_1_813' title='bbox 920 3128 950 3160; x_wconf 90' lang='grc' dir='ltr'>ἐν</span> <span class='ocrx_word' id='word_1_814' title='bbox 960 3132 998 3169; x_wconf 82' lang='grc' dir='ltr'>τῇ</span> <span class='ocrx_word' id='word_1_815' title='bbox 1011 3132 1073 3160; x_wconf 86' lang='grc' dir='ltr'>τῶν</span> <span class='ocrx_word' id='word_1_816' title='bbox 1085 3131 1235 3169; x_wconf 82' lang='grc' dir='ltr'>ποταμῶν</span> <span class='ocrx_word' id='word_1_817' title='bbox 1253 3128 1348 3169; x_wconf 83' lang='grc' dir='ltr'>μίξει,</span> <span class='ocrx_word' id='word_1_818' title='bbox 1365 3129 1396 3159; x_wconf 84' lang='grc' dir='ltr'>ἐν</span> <span class='ocrx_word' id='word_1_819' title='bbox 1409 3127 1428 3168; x_wconf 78' lang='grc' dir='ltr'><strong>ᾗ</strong></span> <span class='ocrx_word' id='word_1_820' title='bbox 1442 3129 1495 3159; x_wconf 78' lang='grc' dir='ltr'>καὶ</span> <span class='ocrx_word' id='word_1_821' title='bbox 1509 3128 1576 3158; x_wconf 86' lang='grc' dir='ltr'>κτλ.</span> <span class='ocrx_word' id='word_1_822' title='bbox 1587 3152 1596 3167; x_wconf 89' lang='grc'>,</span> <span class='ocrx_word' id='word_1_823' title='bbox 1611 3127 1716 3159; x_wconf 77' lang='lat' dir='ltr'><strong>missis</strong></span> <span class='ocrx_word' id='word_1_824' title='bbox 1727 3127 1833 3159; x_wconf 85' lang='lat' dir='ltr'><strong>verbis</strong></span> <span class='ocrx_word' id='word_1_825' title='bbox 1844 3131 1890 3168; x_wconf 84' lang='grc' dir='ltr'>τῷ</span> <span class='ocrx_word' id='word_1_826' title='bbox 1900 3132 1952 3166; x_wconf 85' lang='grc' dir='ltr'>τῆς</span> <span class='ocrx_word' id='word_1_827' title='bbox 1964 3130 1996 3159; x_wconf 91' lang='grc' dir='ltr'>Σ.</span> <span class='ocrx_word' id='word_1_828' title='bbox 2013 3129 2121 3169; x_wconf 90' lang='grc' dir='ltr'>βωμῷ.</span> <span class='ocrx_word' id='word_1_829' title='bbox 2138 3129 2237 3166; x_wconf 85' lang='lat' dir='ltr'><strong>Hesy-</strong></span> 
     </span>
     <span class='ocr_line' id='line_1_83' title="bbox 80 3166 2239 3222; baseline 0.003 -25"><span class='ocrx_word' id='word_1_830' title='bbox 80 3166 170 3222; x_wconf 70' lang='lat' dir='ltr'><strong>chius</strong></span> <span class='ocrx_word' id='word_1_831' title='bbox 185 3180 199 3201; x_wconf 73' lang='grc' dir='ltr'>ε,</span> <span class='ocrx_word' id='word_1_832' title='bbox 207 3168 238 3200; x_wconf 86' lang='grc' dir='ltr'>ἐν</span> <span class='ocrx_word' id='word_1_833' title='bbox 252 3170 278 3210; x_wconf 86' lang='grc' dir='ltr'>ῷ</span> <span class='ocrx_word' id='word_1_834' title='bbox 289 3171 356 3202; x_wconf 82' lang='grc' dir='ltr'>καὶ.</span> <span class='ocrx_word' id='word_1_835' title='bbox 373 3172 490 3202; x_wconf 88' lang='lat' dir='ltr'><strong>Sensus</strong></span> <span class='ocrx_word' id='word_1_836' title='bbox 502 3180 565 3203; x_wconf 90' lang='lat' dir='ltr'><strong>sec.</strong></span> <span class='ocrx_word' id='word_1_837' title='bbox 583 3173 740 3213; x_wconf 85' lang='lat' dir='ltr'><strong>Heynium</strong></span> <span class='ocrx_word' id='word_1_838' title='bbox 757 3186 764 3205; x_wconf 90' lang='lat'>:</span> <span class='ocrx_word' id='word_1_839' title='bbox 778 3173 833 3205; x_wconf 93' lang='lat' dir='ltr'><strong>ubi</strong></span> <span class='ocrx_word' id='word_1_840' title='bbox 847 3183 946 3206; x_wconf 86' lang='lat' dir='ltr'><strong>novas</strong></span> <span class='ocrx_word' id='word_1_841' title='bbox 958 3175 1048 3207; x_wconf 80' lang='lat' dir='ltr'><strong>sedes</strong></span> <span class='ocrx_word' id='word_1_842' title='bbox 1061 3177 1240 3216; x_wconf 76' lang='lat' dir='ltr'><strong>quaerentes</strong></span> <span class='ocrx_word' id='word_1_843' title='bbox 1256 3172 1441 3204; x_wconf 85' lang='lat' dir='ltr'><strong>conditores</strong></span> <span class='ocrx_word' id='word_1_844' title='bbox 1455 3172 1683 3204; x_wconf 87' lang='lat' dir='ltr'><strong>consederunt.</strong></span> <span class='ocrx_word' id='word_1_845' title='bbox 1696 3173 1797 3204; x_wconf 85' lang='lat' dir='ltr'><strong>Valde</strong></span> <span class='ocrx_word' id='word_1_846' title='bbox 1811 3182 1868 3213; x_wconf 85' lang='lat' dir='ltr'>ego</span> <span class='ocrx_word' id='word_1_847' title='bbox 1879 3173 2003 3204; x_wconf 76' lang='lat' dir='ltr'><strong>dubito.</strong></span> <span class='ocrx_word' id='word_1_848' title='bbox 2016 3172 2086 3213; x_wconf 78' lang='lat'>—§</span> <span class='ocrx_word' id='word_1_849' title='bbox 2100 3177 2147 3204; x_wconf 85' lang='lat'>16.</span> <span class='ocrx_word' id='word_1_850' title='bbox 2160 3173 2239 3204; x_wconf 69' lang='lat' dir='ltr'><strong>&amp;ve-</strong></span> 
     </span>
     <span class='ocr_line' id='line_1_84' title="bbox 82 3213 2243 3267; baseline 0.004 -22"><span class='ocrx_word' id='word_1_851' title='bbox 82 3213 230 3267; x_wconf 67' lang='grc' dir='ltr'>θηκατο</span> <span class='ocrx_word' id='word_1_852' title='bbox 239 3214 251 3255; x_wconf 96' lang='lat'>]</span> <span class='ocrx_word' id='word_1_853' title='bbox 267 3216 411 3254; x_wconf 82' lang='grc' dir='ltr'>ἀνέθηκεν</span> <span class='ocrx_word' id='word_1_854' title='bbox 425 3218 538 3250; x_wconf 87' lang='lat' dir='ltr'><strong>Codin.</strong></span> <span class='ocrx_word' id='word_1_855' title='bbox 553 3236 595 3242; x_wconf 90' lang='lat'><em>-</em></span> <span class='ocrx_word' id='word_1_856' title='bbox 607 3219 694 3260; x_wconf 77' lang='grc' dir='ltr'>νῦν]</span> <span class='ocrx_word' id='word_1_857' title='bbox 709 3219 816 3251; x_wconf 85' lang='lat' dir='ltr'><strong>addidi</strong></span> <span class='ocrx_word' id='word_1_858' title='bbox 835 3229 853 3252; x_wconf 84' lang='lat' dir='ltr'>e</span> <span class='ocrx_word' id='word_1_859' title='bbox 867 3221 1000 3262; x_wconf 86' lang='lat' dir='ltr'><strong>Codin.;</strong></span> <span class='ocrx_word' id='word_1_860' title='bbox 1017 3223 1053 3254; x_wconf 84' lang='grc' dir='ltr'>τὸ</span> <span class='ocrx_word' id='word_1_861' title='bbox 1067 3226 1122 3255; x_wconf 81' lang='grc' dir='ltr'>τοῦ</span> <span class='ocrx_word' id='word_1_862' title='bbox 1134 3223 1202 3263; x_wconf 87' lang='grc' dir='ltr'>Ἀχ.</span> <span class='ocrx_word' id='word_1_863' title='bbox 1219 3221 1334 3253; x_wconf 84' lang='lat' dir='ltr'><strong>Codin.</strong></span> <span class='ocrx_word' id='word_1_864' title='bbox 1349 3239 1390 3246; x_wconf 83' lang='lat'>—--</span> <span class='ocrx_word' id='word_1_865' title='bbox 1405 3221 1424 3257; x_wconf 79' lang='grc' dir='ltr'>ἦ</span> <span class='ocrx_word' id='word_1_866' title='bbox 1434 3231 1484 3261; x_wconf 92' lang='grc' dir='ltr'>ρω</span> <span class='ocrx_word' id='word_1_867' title='bbox 1493 3231 1509 3251; x_wconf 91' lang='grc' dir='ltr'>ο</span> <span class='ocrx_word' id='word_1_868' title='bbox 1518 3219 1552 3260; x_wconf 91' lang='grc' dir='ltr'>ς]</span> <span class='ocrx_word' id='word_1_869' title='bbox 1567 3221 1669 3262; x_wconf 86' lang='grc' dir='ltr'>ἱερέως</span> <span class='ocrx_word' id='word_1_870' title='bbox 1685 3220 1799 3252; x_wconf 87' lang='lat' dir='ltr'><strong>Codin.</strong></span> <span class='ocrx_word' id='word_1_871' title='bbox 1813 3238 1855 3243; x_wconf 87' lang='lat'><em>-</em></span> <span class='ocrx_word' id='word_1_872' title='bbox 1868 3221 1994 3261; x_wconf 85' lang='grc' dir='ltr'>ᾠκοδό</span> <span class='ocrx_word' id='word_1_873' title='bbox 2003 3232 2051 3261; x_wconf 86' lang='grc' dir='ltr'>μη</span> <span class='ocrx_word' id='word_1_874' title='bbox 2060 3233 2079 3252; x_wconf 93' lang='grc' dir='ltr'>σ</span> <span class='ocrx_word' id='word_1_875' title='bbox 2088 3220 2146 3260; x_wconf 89' lang='grc' dir='ltr'>εν]</span> <span class='ocrx_word' id='word_1_876' title='bbox 2164 3222 2243 3253; x_wconf 15' lang='grc' dir='ltr'>ναὸν,</span> 
     </span>
     <span class='ocr_line' id='line_1_85' title="bbox 82 3259 2238 3317; baseline 0.005 -28"><span class='ocrx_word' id='word_1_877' title='bbox 82 3259 169 3316; x_wconf 68' lang='lat' dir='ltr'><strong>addit</strong></span> <span class='ocrx_word' id='word_1_878' title='bbox 183 3261 295 3317; x_wconf 72' lang='lat' dir='ltr'><strong>Codin.</strong></span> <span class='ocrx_word' id='word_1_879' title='bbox 309 3282 350 3288; x_wconf 95' lang='lat'><strong>—</strong></span> <span class='ocrx_word' id='word_1_880' title='bbox 367 3263 526 3305; x_wconf 86' lang='grc' dir='ltr'>μικρὸν]</span> <span class='ocrx_word' id='word_1_881' title='bbox 541 3274 605 3296; x_wconf 91' lang='lat' dir='ltr'>om.</span> <span class='ocrx_word' id='word_1_882' title='bbox 626 3266 739 3298; x_wconf 88' lang='lat' dir='ltr'><strong>Codin.</strong></span> <span class='ocrx_word' id='word_1_883' title='bbox 753 3283 794 3289; x_wconf 89' lang='lat'><strong>—</strong></span> <span class='ocrx_word' id='word_1_884' title='bbox 815 3268 881 3298; x_wconf 84' lang='grc' dir='ltr'>καὶ</span> <span class='ocrx_word' id='word_1_885' title='bbox 903 3269 945 3300; x_wconf 84' lang='grc' dir='ltr'>τὸ</span> <span class='ocrx_word' id='word_1_886' title='bbox 968 3272 1033 3307; x_wconf 88' lang='grc' dir='ltr'>τῆς</span> <span class='ocrx_word' id='word_1_887' title='bbox 1058 3269 1148 3310; x_wconf 81' lang='grc' dir='ltr'>Ἄφ.]</span> <span class='ocrx_word' id='word_1_888' title='bbox 1169 3270 1221 3300; x_wconf 76' lang='grc' dir='ltr'>καὶ</span> <span class='ocrx_word' id='word_1_889' title='bbox 1235 3277 1301 3300; x_wconf 89' lang='lat' dir='ltr'>om.</span> <span class='ocrx_word' id='word_1_890' title='bbox 1322 3267 1402 3300; x_wconf 90' lang='lat' dir='ltr'><strong>Cod.</strong></span> <span class='ocrx_word' id='word_1_891' title='bbox 1419 3286 1461 3291; x_wconf 89' lang='lat'>—</span> <span class='ocrx_word' id='word_1_892' title='bbox 1476 3268 1618 3308; x_wconf 82' lang='grc' dir='ltr'>Ἀρτέμ.</span> <span class='ocrx_word' id='word_1_893' title='bbox 1632 3267 1702 3308; x_wconf 76' lang='grc' dir='ltr'>·ὃὲ]</span> <span class='ocrx_word' id='word_1_894' title='bbox 1725 3276 1742 3298; x_wconf 91' lang='lat' dir='ltr'>e</span> <span class='ocrx_word' id='word_1_895' title='bbox 1760 3267 1903 3307; x_wconf 88' lang='lat' dir='ltr'><strong>Codino;</strong></span> <span class='ocrx_word' id='word_1_896' title='bbox 1927 3268 1970 3300; x_wconf 80' lang='grc' dir='ltr'>Ἀ.</span> <span class='ocrx_word' id='word_1_897' title='bbox 1986 3279 2019 3299; x_wconf 91' lang='grc' dir='ltr'>τε</span> <span class='ocrx_word' id='word_1_898' title='bbox 2042 3267 2179 3306; x_wconf 85' lang='lat' dir='ltr'><strong>Hesych.</strong></span> <span class='ocrx_word' id='word_1_899' title='bbox 2198 3284 2238 3289; x_wconf 93' lang='lat'>—</span> 
     </span>
     <span class='ocr_line' id='line_1_86' title="bbox 82 3309 2237 3364; baseline -0 -19"><span class='ocrx_word' id='word_1_900' title='bbox 82 3309 109 3337; x_wconf 70' lang='grc' dir='ltr'>θ</span> <span class='ocrx_word' id='word_1_901' title='bbox 119 3316 135 3346; x_wconf 74' lang='grc' dir='ltr'>ρ</span> <span class='ocrx_word' id='word_1_902' title='bbox 145 3317 194 3364; x_wconf 54' lang='lat'>⁰5}</span> <span class='ocrx_word' id='word_1_903' title='bbox 204 3318 223 3345; x_wconf 88' lang='grc' dir='ltr'><strong>η</strong></span> <span class='ocrx_word' id='word_1_904' title='bbox 234 3319 247 3344; x_wconf 76' lang='grc' dir='ltr'>ς</span> <span class='ocrx_word' id='word_1_905' title='bbox 263 3319 306 3350; x_wconf 75' lang='grc' dir='ltr'>ορ</span> <span class='ocrx_word' id='word_1_906' title='bbox 316 3321 333 3341; x_wconf 89' lang='grc' dir='ltr'>ο</span> <span class='ocrx_word' id='word_1_907' title='bbox 344 3309 379 3350; x_wconf 88' lang='grc' dir='ltr'>ς]</span> <span class='ocrx_word' id='word_1_908' title='bbox 395 3310 566 3351; x_wconf 84' lang='grc' dir='ltr'>Ἀφροδίτης</span> <span class='ocrx_word' id='word_1_909' title='bbox 582 3311 650 3353; x_wconf 85' lang='grc' dir='ltr'>ὄρος</span> <span class='ocrx_word' id='word_1_910' title='bbox 664 3313 776 3344; x_wconf 87' lang='lat' dir='ltr'><strong>Codin.</strong></span> <span class='ocrx_word' id='word_1_911' title='bbox 791 3332 829 3339; x_wconf 91' lang='lat'>-—</span> <span class='ocrx_word' id='word_1_912' title='bbox 845 3313 864 3354; x_wconf 56' lang='grc' dir='ltr'><strong><em>ὃ</em></strong></span> <span class='ocrx_word' id='word_1_913' title='bbox 883 3317 929 3347; x_wconf 83' lang='grc'>17.</span> <span class='ocrx_word' id='word_1_914' title='bbox 945 3317 991 3346; x_wconf 81' lang='grc' dir='ltr'>αὑ</span> <span class='ocrx_word' id='word_1_915' title='bbox 1002 3315 1092 3356; x_wconf 83' lang='grc' dir='ltr'>τοῦ]</span> <span class='ocrx_word' id='word_1_916' title='bbox 1110 3317 1221 3347; x_wconf 81' lang='grc' dir='ltr'>ἑαυτοῦ</span> <span class='ocrx_word' id='word_1_917' title='bbox 1235 3315 1349 3347; x_wconf 84' lang='lat' dir='ltr'><strong>Codin.</strong></span> <span class='ocrx_word' id='word_1_918' title='bbox 1365 3334 1406 3341; x_wconf 90' lang='lat'><strong>—</strong></span> <span class='ocrx_word' id='word_1_919' title='bbox 1419 3314 1556 3356; x_wconf 83' lang='grc' dir='ltr'>ἐχρῆν]</span> <span class='ocrx_word' id='word_1_920' title='bbox 1571 3324 1589 3346; x_wconf 93' lang='lat' dir='ltr'>e</span> <span class='ocrx_word' id='word_1_921' title='bbox 1600 3315 1741 3352; x_wconf 70' lang='lat' dir='ltr'><strong>codino,;</strong></span> <span class='ocrx_word' id='word_1_922' title='bbox 1756 3315 1848 3355; x_wconf 84' lang='grc' dir='ltr'>ἐχρῆν</span> <span class='ocrx_word' id='word_1_923' title='bbox 1862 3315 1894 3346; x_wconf 83' lang='grc' dir='ltr'>δὲ</span> <span class='ocrx_word' id='word_1_924' title='bbox 1911 3315 2048 3354; x_wconf 81' lang='lat' dir='ltr'><strong>Hesych.</strong></span> <span class='ocrx_word' id='word_1_925' title='bbox 2061 3333 2101 3339; x_wconf 89' lang='lat'>—</span> <span class='ocrx_word' id='word_1_926' title='bbox 2114 3314 2237 3345; x_wconf 83' lang='grc' dir='ltr'>ἐπιόν-</span> 
     </span>
     <span class='ocr_line' id='line_1_87' title="bbox 81 3357 2235 3410; baseline 0 -20"><span class='ocrx_word' id='word_1_927' title='bbox 81 3363 98 3383; x_wconf 72' lang='grc' dir='ltr'>τ</span> <span class='ocrx_word' id='word_1_928' title='bbox 107 3357 359 3410; x_wconf 22' lang='grc' dir='ltr'>αςγαπΙωθεῖσθ</span> <span class='ocrx_word' id='word_1_929' title='bbox 370 3357 429 3398; x_wconf 85' lang='grc' dir='ltr'>αι]</span> <span class='ocrx_word' id='word_1_930' title='bbox 444 3358 584 3396; x_wconf 86' lang='grc' dir='ltr'>ἐπιόντας</span> <span class='ocrx_word' id='word_1_931' title='bbox 598 3360 683 3400; x_wconf 82' lang='grc' dir='ltr'>αὐτῷ</span> <span class='ocrx_word' id='word_1_932' title='bbox 695 3360 861 3399; x_wconf 84' lang='grc' dir='ltr'>ἀπωθῆσαι</span> <span class='ocrx_word' id='word_1_933' title='bbox 877 3362 1103 3395; x_wconf 62' lang='lat' dir='ltr'><strong>Codin.—mi</strong></span> <span class='ocrx_word' id='word_1_934' title='bbox 1120 3364 1205 3404; x_wconf 91' lang='grc' dir='ltr'>μαλ.</span> <span class='ocrx_word' id='word_1_935' title='bbox 1218 3362 1229 3403; x_wconf 93' lang='grc'>]</span> <span class='ocrx_word' id='word_1_936' title='bbox 1244 3364 1297 3394; x_wconf 85' lang='grc' dir='ltr'>καὶ</span> <span class='ocrx_word' id='word_1_937' title='bbox 1311 3362 1417 3394; x_wconf 85' lang='lat' dir='ltr'><strong>addidi</strong></span> <span class='ocrx_word' id='word_1_938' title='bbox 1429 3372 1446 3394; x_wconf 91' lang='lat' dir='ltr'>e</span> <span class='ocrx_word' id='word_1_939' title='bbox 1459 3361 1582 3394; x_wconf 84' lang='lat' dir='ltr'><strong>codino</strong></span> <span class='ocrx_word' id='word_1_940' title='bbox 1593 3386 1601 3401; x_wconf 96' lang='lat'>,</span> <span class='ocrx_word' id='word_1_941' title='bbox 1618 3362 1674 3402; x_wconf 89' lang='lat' dir='ltr'><strong>qui</strong></span> <span class='ocrx_word' id='word_1_942' title='bbox 1686 3361 1760 3393; x_wconf 87' lang='lat' dir='ltr'><strong>dein</strong></span> <span class='ocrx_word' id='word_1_943' title='bbox 1777 3364 1808 3393; x_wconf 86' lang='lat' dir='ltr'>et</span> <span class='ocrx_word' id='word_1_944' title='bbox 1824 3361 1855 3391; x_wconf 88' lang='lat' dir='ltr'>h.</span> <span class='ocrx_word' id='word_1_945' title='bbox 1870 3361 1890 3392; x_wconf 72' lang='lat' dir='ltr'><strong>l,</strong></span> <span class='ocrx_word' id='word_1_946' title='bbox 1905 3363 1936 3393; x_wconf 87' lang='lat' dir='ltr'>et</span> <span class='ocrx_word' id='word_1_947' title='bbox 1951 3362 2029 3392; x_wconf 76' lang='lat' dir='ltr'><strong>inti-a</strong></span> <span class='ocrx_word' id='word_1_948' title='bbox 2042 3362 2094 3392; x_wconf 81' lang='grc' dir='ltr'>τὸν</span> <span class='ocrx_word' id='word_1_949' title='bbox 2105 3361 2235 3399; x_wconf 74' lang='grc' dir='ltr'>Αἵμονα.</span> 
     </span>
     <span class='ocr_line' id='line_1_88' title="bbox 83 3403 2237 3452; baseline 0.007 -30"><span class='ocrx_word' id='word_1_950' title='bbox 83 3415 124 3422; x_wconf 68' lang='grc'>-.</span> <span class='ocrx_word' id='word_1_951' title='bbox 139 3403 305 3443; x_wconf 45' lang='lat' dir='ltr'><strong>emtum</strong></span> <span class='ocrx_word' id='word_1_952' title='bbox 327 3404 408 3445; x_wconf 71' lang='grc' dir='ltr'>τύρ·</span> <span class='ocrx_word' id='word_1_953' title='bbox 427 3404 496 3446; x_wconf 67' lang='grc' dir='ltr'>ἦν]</span> <span class='ocrx_word' id='word_1_954' title='bbox 514 3406 580 3446; x_wconf 57' lang='lat'>‘1²39-</span> <span class='ocrx_word' id='word_1_955' title='bbox 602 3406 724 3447; x_wconf 68' lang='grc' dir='ltr'>Θρᾴκης</span> <span class='ocrx_word' id='word_1_956' title='bbox 742 3408 784 3438; x_wconf 79' lang='grc' dir='ltr'>ὢν</span> <span class='ocrx_word' id='word_1_957' title='bbox 803 3408 915 3441; x_wconf 89' lang='lat' dir='ltr'><strong>Codin.</strong></span> <span class='ocrx_word' id='word_1_958' title='bbox 934 3430 972 3436; x_wconf 84' lang='lat'><em>-</em></span> <span class='ocrx_word' id='word_1_959' title='bbox 994 3410 1031 3450; x_wconf 76' lang='grc' dir='ltr'>[ὁ</span> <span class='ocrx_word' id='word_1_960' title='bbox 1051 3410 1103 3452; x_wconf 77' lang='grc' dir='ltr'>δὲ]</span> <span class='ocrx_word' id='word_1_961' title='bbox 1119 3411 1273 3452; x_wconf 84' lang='lat' dir='ltr'><strong>supplevi.</strong></span> <span class='ocrx_word' id='word_1_962' title='bbox 1293 3430 1331 3437; x_wconf 89' lang='lat'>—-</span> <span class='ocrx_word' id='word_1_963' title='bbox 1352 3407 1501 3449; x_wconf 77' lang='grc' dir='ltr'>μόνος]</span> <span class='ocrx_word' id='word_1_964' title='bbox 1521 3410 1650 3449; x_wconf 84' lang='grc' dir='ltr'>Αἵμονος</span> <span class='ocrx_word' id='word_1_965' title='bbox 1673 3408 1767 3440; x_wconf 85' lang='lat' dir='ltr'><strong>codd.</strong></span> <span class='ocrx_word' id='word_1_966' title='bbox 1789 3408 1903 3441; x_wconf 88' lang='lat' dir='ltr'><strong>Codin.</strong></span> <span class='ocrx_word' id='word_1_967' title='bbox 1924 3426 1962 3431; x_wconf 89' lang='lat'>—</span> <span class='ocrx_word' id='word_1_968' title='bbox 1982 3407 2006 3448; x_wconf 80' lang='lat'>§-</span> <span class='ocrx_word' id='word_1_969' title='bbox 2024 3411 2068 3439; x_wconf 80' lang='lat'>18.</span> <span class='ocrx_word' id='word_1_970' title='bbox 2089 3404 2158 3442; x_wconf 68' lang='grc' dir='ltr'>τοὺς</span> <span class='ocrx_word' id='word_1_971' title='bbox 2179 3417 2237 3438; x_wconf 80' lang='grc' dir='ltr'>πο.-</span> 
     </span>
    </p>
   </div>
  </div>
 </body>
</html>
