<?xml version="1.0" encoding="UTF-8"?>
<!DOCTYPE html PUBLIC "-//W3C//DTD XHTML 1.0 Transitional//EN"
    "http://www.w3.org/TR/xhtml1/DTD/xhtml1-transitional.dtd">
<html xmlns="http://www.w3.org/1999/xhtml" xml:lang="en" lang="en">
 <head>
  <title>
</title>
<meta http-equiv="Content-Type" content="text/html;charset=utf-8" />
  <meta name='ocr-system' content='tesseract 3.04.00' />
  <meta name='ocr-capabilities' content='ocr_page ocr_carea ocr_par ocr_line ocrx_word'/>
</head>
<body>
  <div class='ocr_page' id='page_1' title='image "./fragmentahistori04mueluoft_0587.png"; bbox 0 0 2372 3704; ppageno 0'>
   <div class='ocr_carea' id='block_1_1' title="bbox 979 247 1311 287">
    <p class='ocr_par' dir='ltr' id='par_1_1' title="bbox 979 247 1311 287">
     <span class='ocr_line' id='line_1_1' title="bbox 979 247 1311 287; baseline 0.006 -2"><span class='ocrx_word' id='word_1_1' title='bbox 979 247 1311 287; x_wconf 81' lang='lat' dir='ltr'><strong>FRAGMENTA.</strong></span> 
     </span>
    </p>
   </div>
   <div class='ocr_carea' id='block_1_2' title="bbox 25 330 1124 2487">
    <p class='ocr_par' dir='ltr' id='par_1_2' title="bbox 25 330 1124 2487">
     <span class='ocr_line' id='line_1_2' title="bbox 75 330 1119 384; baseline 0.001 -14"><span class='ocrx_word' id='word_1_2' title='bbox 75 331 135 371; x_wconf 76' lang='grc' dir='ltr'>καὶ</span> <span class='ocrx_word' id='word_1_3' title='bbox 156 330 283 384; x_wconf 78' lang='grc' dir='ltr'>ἄνδρας</span> <span class='ocrx_word' id='word_1_4' title='bbox 301 331 360 370; x_wconf 79' lang='grc' dir='ltr'>καὶ</span> <span class='ocrx_word' id='word_1_5' title='bbox 379 333 546 382; x_wconf 82' lang='grc' dir='ltr'>γυναῖκας</span> <span class='ocrx_word' id='word_1_6' title='bbox 561 332 601 370; x_wconf 82' lang='grc' dir='ltr'>οὗ</span> <span class='ocrx_word' id='word_1_7' title='bbox 628 330 731 381; x_wconf 86' lang='grc' dir='ltr'>μόνον</span> <span class='ocrx_word' id='word_1_8' title='bbox 761 334 831 370; x_wconf 86' lang='grc' dir='ltr'>τῶν</span> <span class='ocrx_word' id='word_1_9' title='bbox 857 334 903 376; x_wconf 79' lang='grc' dir='ltr'>εἷς</span> <span class='ocrx_word' id='word_1_10' title='bbox 929 332 986 371; x_wconf 82' lang='grc' dir='ltr'>τὸν</span> <span class='ocrx_word' id='word_1_11' title='bbox 1009 333 1119 383; x_wconf 83' lang='grc' dir='ltr'>δῆμον</span> 
     </span>
     <span class='ocr_line' id='line_1_3' title="bbox 75 389 1120 443; baseline -0.001 -13"><span class='ocrx_word' id='word_1_12' title='bbox 75 390 233 434; x_wconf 78' lang='grc' dir='ltr'>καὶτοὺς</span> <span class='ocrx_word' id='word_1_13' title='bbox 252 390 368 434; x_wconf 77' lang='grc' dir='ltr'>ἱππεῖς</span> <span class='ocrx_word' id='word_1_14' title='bbox 391 389 594 438; x_wconf 79' lang='grc' dir='ltr'>τελούντων,</span> <span class='ocrx_word' id='word_1_15' title='bbox 615 389 706 428; x_wconf 80' lang='grc' dir='ltr'>ἀλλὰ</span> <span class='ocrx_word' id='word_1_16' title='bbox 721 390 782 428; x_wconf 76' lang='grc' dir='ltr'>καὶ</span> <span class='ocrx_word' id='word_1_17' title='bbox 804 394 865 429; x_wconf 76' lang='grc' dir='ltr'>τοῒιΙ</span> <span class='ocrx_word' id='word_1_18' title='bbox 896 393 1120 443; x_wconf 77' lang='grc' dir='ltr'>βουλευτικοῦ</span> 
     </span>
     <span class='ocr_line' id='line_1_4' title="bbox 76 447 1122 502; baseline 0 -15"><span class='ocrx_word' id='word_1_19' title='bbox 76 447 290 499; x_wconf 83' lang='grc' dir='ltr'>ἀξιώματος,</span> <span class='ocrx_word' id='word_1_20' title='bbox 305 448 366 486; x_wconf 79' lang='grc' dir='ltr'>καὶ</span> <span class='ocrx_word' id='word_1_21' title='bbox 385 449 450 500; x_wconf 79' lang='grc' dir='ltr'>οὐχ</span> <span class='ocrx_word' id='word_1_22' title='bbox 473 448 566 491; x_wconf 86' lang='grc' dir='ltr'>ὅπως</span> <span class='ocrx_word' id='word_1_23' title='bbox 582 447 692 495; x_wconf 80' lang='grc' dir='ltr'>νέους,</span> <span class='ocrx_word' id='word_1_24' title='bbox 714 447 790 487; x_wconf 89' lang='grc' dir='ltr'>ἀλλ’</span> <span class='ocrx_word' id='word_1_25' title='bbox 821 448 889 496; x_wconf 89' lang='grc' dir='ltr'>ἤδη</span> <span class='ocrx_word' id='word_1_26' title='bbox 921 449 981 488; x_wconf 88' lang='grc' dir='ltr'>καὶ</span> <span class='ocrx_word' id='word_1_27' title='bbox 1004 465 1122 502; x_wconf 89' lang='grc' dir='ltr'>παρη-</span> 
     </span>
     <span class='ocr_line' id='line_1_5' title="bbox 77 506 1123 559; baseline 0.003 -15"><span class='ocrx_word' id='word_1_28' title='bbox 77 506 229 554; x_wconf 75' lang='grc' dir='ltr'>ὅηκότας</span> <span class='ocrx_word' id='word_1_29' title='bbox 250 507 468 558; x_wconf 79' lang='grc' dir='ltr'>ὁπλομαχεῖν</span> <span class='ocrx_word' id='word_1_30' title='bbox 486 508 521 545; x_wconf 86' lang='grc' dir='ltr'>ἐν</span> <span class='ocrx_word' id='word_1_31' title='bbox 537 507 606 550; x_wconf 78' lang='grc' dir='ltr'>τοῖς</span> <span class='ocrx_word' id='word_1_32' title='bbox 626 506 778 559; x_wconf 81' lang='grc' dir='ltr'>θεάτροις</span> <span class='ocrx_word' id='word_1_33' title='bbox 791 507 966 559; x_wconf 84' lang='grc' dir='ltr'>ἠνάγκαζε</span> <span class='ocrx_word' id='word_1_34' title='bbox 986 508 1046 547; x_wconf 85' lang='grc' dir='ltr'>καὶ</span> <span class='ocrx_word' id='word_1_35' title='bbox 1060 512 1123 556; x_wconf 43' lang='grc' dir='ltr'>θη*</span> 
     </span>
     <span class='ocr_line' id='line_1_6' title="bbox 77 565 1122 619; baseline 0.001 -15"><span class='ocrx_word' id='word_1_36' title='bbox 77 565 134 618; x_wconf 89' lang='grc' dir='ltr'>ρία</span> <span class='ocrx_word' id='word_1_37' title='bbox 161 565 313 618; x_wconf 80' lang='grc' dir='ltr'>φονεύειν</span> <span class='ocrx_word' id='word_1_38' title='bbox 344 565 404 603; x_wconf 83' lang='grc' dir='ltr'>καὶ</span> <span class='ocrx_word' id='word_1_39' title='bbox 433 567 611 619; x_wconf 83' lang='grc' dir='ltr'>ὀρχεῖσθαι</span> <span class='ocrx_word' id='word_1_40' title='bbox 637 565 696 604; x_wconf 76' lang='grc' dir='ltr'>καὶ</span> <span class='ocrx_word' id='word_1_41' title='bbox 724 565 816 619; x_wconf 80' lang='grc' dir='ltr'>ᾅδειν</span> <span class='ocrx_word' id='word_1_42' title='bbox 847 566 907 604; x_wconf 70' lang='grc' dir='ltr'>καὶ</span> <span class='ocrx_word' id='word_1_43' title='bbox 945 567 1029 619; x_wconf 84' lang='grc' dir='ltr'>πρὸς</span> <span class='ocrx_word' id='word_1_44' title='bbox 1052 573 1122 605; x_wconf 83' lang='grc' dir='ltr'>πᾶν</span> 
     </span>
     <span class='ocr_line' id='line_1_7' title="bbox 76 622 1123 677; baseline 0.001 -15"><span class='ocrx_word' id='word_1_45' title='bbox 76 622 325 676; x_wconf 79' lang='grc' dir='ltr'>ἀσχημοσύνης</span> <span class='ocrx_word' id='word_1_46' title='bbox 348 623 453 661; x_wconf 84' lang='grc' dir='ltr'>ἰέναι·</span> <span class='ocrx_word' id='word_1_47' title='bbox 470 623 528 661; x_wconf 77' lang='grc' dir='ltr'>ἵνα</span> <span class='ocrx_word' id='word_1_48' title='bbox 545 623 581 662; x_wconf 84' lang='grc' dir='ltr'>δὲ</span> <span class='ocrx_word' id='word_1_49' title='bbox 602 622 643 669; x_wconf 84' lang='grc' dir='ltr'>δὴ</span> <span class='ocrx_word' id='word_1_50' title='bbox 665 623 832 677; x_wconf 84' lang='grc' dir='ltr'>εὐπρεπὲς</span> <span class='ocrx_word' id='word_1_51' title='bbox 846 623 919 672; x_wconf 86' lang='grc' dir='ltr'>εἴη,</span> <span class='ocrx_word' id='word_1_52' title='bbox 934 625 996 663; x_wconf 83' lang='grc' dir='ltr'>καὶ</span> <span class='ocrx_word' id='word_1_53' title='bbox 1021 626 1123 669; x_wconf 81' lang='grc' dir='ltr'>αὐτὸς</span> 
     </span>
     <span class='ocr_line' id='line_1_8' title="bbox 76 676 1122 735; baseline 0.001 -15"><span class='ocrx_word' id='word_1_54' title='bbox 76 684 110 726; x_wconf 84' lang='grc' dir='ltr'>ἐς</span> <span class='ocrx_word' id='word_1_55' title='bbox 124 681 164 721; x_wconf 84' lang='grc' dir='ltr'>τὸ</span> <span class='ocrx_word' id='word_1_56' title='bbox 183 680 324 734; x_wconf 87' lang='grc' dir='ltr'>θέατρον</span> <span class='ocrx_word' id='word_1_57' title='bbox 341 681 480 733; x_wconf 73' lang='grc' dir='ltr'>παρῄει.</span> <span class='ocrx_word' id='word_1_58' title='bbox 512 682 585 721; x_wconf 81' lang='grc' dir='ltr'>Καὶ</span> <span class='ocrx_word' id='word_1_59' title='bbox 614 676 702 720; x_wconf 69' lang='grc' dir='ltr'>εἶδον</span> <span class='ocrx_word' id='word_1_60' title='bbox 733 684 764 720; x_wconf 78' lang='grc' dir='ltr'>οἱ</span> <span class='ocrx_word' id='word_1_61' title='bbox 787 682 864 720; x_wconf 89' lang='grc' dir='ltr'>τότε</span> <span class='ocrx_word' id='word_1_62' title='bbox 884 682 1058 735; x_wconf 88' lang='grc' dir='ltr'>ἄνθρωποι</span> <span class='ocrx_word' id='word_1_63' title='bbox 1077 682 1122 722; x_wconf 78' lang='grc' dir='ltr'>τὰ</span> 
     </span>
     <span class='ocr_line' id='line_1_9' title="bbox 75 739 1123 794; baseline 0.001 -15"><span class='ocrx_word' id='word_1_64' title='bbox 75 740 159 793; x_wconf 84' lang='grc' dir='ltr'>γένη</span> <span class='ocrx_word' id='word_1_65' title='bbox 185 740 228 779; x_wconf 81' lang='grc' dir='ltr'>τὰ</span> <span class='ocrx_word' id='word_1_66' title='bbox 250 741 387 792; x_wconf 88' lang='grc' dir='ltr'>μεγάλα</span> <span class='ocrx_word' id='word_1_67' title='bbox 400 770 410 788; x_wconf 82' lang='grc'>,</span> <span class='ocrx_word' id='word_1_68' title='bbox 423 739 502 784; x_wconf 82' lang='grc' dir='ltr'>τοὺς</span> <span class='ocrx_word' id='word_1_69' title='bbox 525 740 712 794; x_wconf 86' lang='grc' dir='ltr'>Φουρίους,</span> <span class='ocrx_word' id='word_1_70' title='bbox 730 740 808 784; x_wconf 84' lang='grc' dir='ltr'>τοὺς</span> <span class='ocrx_word' id='word_1_71' title='bbox 831 741 1032 794; x_wconf 66' lang='grc' dir='ltr'>εΟρατίους,</span> <span class='ocrx_word' id='word_1_72' title='bbox 1046 741 1123 785; x_wconf 84' lang='grc' dir='ltr'>τοὺς</span> 
     </span>
     <span class='ocr_line' id='line_1_10' title="bbox 77 798 1124 852; baseline -0.001 -13"><span class='ocrx_word' id='word_1_73' title='bbox 77 799 253 846; x_wconf 76' lang='grc' dir='ltr'>Φαὸίους,</span> <span class='ocrx_word' id='word_1_74' title='bbox 272 798 350 843; x_wconf 73' lang='grc' dir='ltr'>τοὺς</span> <span class='ocrx_word' id='word_1_75' title='bbox 370 798 560 851; x_wconf 84' lang='grc' dir='ltr'>Πορκίους,</span> <span class='ocrx_word' id='word_1_76' title='bbox 581 798 657 843; x_wconf 77' lang='grc' dir='ltr'>τοὺς</span> <span class='ocrx_word' id='word_1_77' title='bbox 686 799 876 852; x_wconf 90' lang='grc' dir='ltr'>Βαλερίους</span> <span class='ocrx_word' id='word_1_78' title='bbox 902 799 1001 838; x_wconf 88' lang='grc' dir='ltr'>κάτω</span> <span class='ocrx_word' id='word_1_79' title='bbox 1026 802 1124 846; x_wconf 84' lang='grc' dir='ltr'>ἑστη-</span> 
     </span>
     <span class='ocr_line' id='line_1_11' title="bbox 77 852 1122 910; baseline 0.002 -15"><span class='ocrx_word' id='word_1_80' title='bbox 77 858 184 901; x_wconf 89' lang='grc' dir='ltr'>κότας</span> <span class='ocrx_word' id='word_1_81' title='bbox 200 858 261 896; x_wconf 83' lang='grc' dir='ltr'>καὶ</span> <span class='ocrx_word' id='word_1_82' title='bbox 281 860 425 896; x_wconf 77' lang='grc' dir='ltr'>τοιαῦτα</span> <span class='ocrx_word' id='word_1_83' title='bbox 450 858 534 910; x_wconf 80' lang='grc' dir='ltr'>δρᾶν</span> <span class='ocrx_word' id='word_1_84' title='bbox 556 857 876 908; x_wconf 82' lang='grc' dir='ltr'>ἀναγκαζομένους,</span> <span class='ocrx_word' id='word_1_85' title='bbox 898 852 944 896; x_wconf 73' lang='grc' dir='ltr'>ῶν</span> <span class='ocrx_word' id='word_1_86' title='bbox 957 858 1030 897; x_wconf 84' lang='grc' dir='ltr'>ἔνια</span> <span class='ocrx_word' id='word_1_87' title='bbox 1047 858 1122 897; x_wconf 71' lang='grc' dir='ltr'>οὐδὲ</span> 
     </span>
     <span class='ocr_line' id='line_1_12' title="bbox 76 915 1121 969; baseline 0 -14"><span class='ocrx_word' id='word_1_88' title='bbox 76 916 144 955; x_wconf 74' lang='grc' dir='ltr'>ὑπὸ</span> <span class='ocrx_word' id='word_1_89' title='bbox 169 915 285 954; x_wconf 79' lang='grc' dir='ltr'>ἄλλων</span> <span class='ocrx_word' id='word_1_90' title='bbox 305 916 470 967; x_wconf 90' lang='grc' dir='ltr'>γινόμενα</span> <span class='ocrx_word' id='word_1_91' title='bbox 490 915 637 967; x_wconf 80' lang='grc' dir='ltr'>πρόσθεν</span> <span class='ocrx_word' id='word_1_92' title='bbox 670 919 756 968; x_wconf 82' lang='grc' dir='ltr'>δρᾶν</span> <span class='ocrx_word' id='word_1_93' title='bbox 784 917 983 969; x_wconf 83' lang='grc' dir='ltr'>ἠνείχοντο·</span> <span class='ocrx_word' id='word_1_94' title='bbox 1016 918 1121 956; x_wconf 89' lang='grc' dir='ltr'>Αἷλία</span> 
     </span>
     <span class='ocr_line' id='line_1_13' title="bbox 75 973 1122 1026; baseline 0.001 -13"><span class='ocrx_word' id='word_1_95' title='bbox 75 978 156 1026; x_wconf 66' lang='grc' dir='ltr'>γοῦν</span> <span class='ocrx_word' id='word_1_96' title='bbox 180 974 345 1013; x_wconf 87' lang='grc' dir='ltr'>Κατέλλα</span> <span class='ocrx_word' id='word_1_97' title='bbox 378 973 465 1025; x_wconf 89' lang='grc' dir='ltr'>γυνὴ</span> <span class='ocrx_word' id='word_1_98' title='bbox 501 978 604 1013; x_wconf 71' lang='grc' dir='ltr'>τοῦτο</span> <span class='ocrx_word' id='word_1_99' title='bbox 633 974 696 1025; x_wconf 83' lang='grc' dir='ltr'>μὲν</span> <span class='ocrx_word' id='word_1_100' title='bbox 723 974 836 1026; x_wconf 83' lang='grc' dir='ltr'>γένει,</span> <span class='ocrx_word' id='word_1_101' title='bbox 865 980 968 1014; x_wconf 76' lang='grc' dir='ltr'>τοῦτο</span> <span class='ocrx_word' id='word_1_102' title='bbox 1001 976 1036 1014; x_wconf 82' lang='grc' dir='ltr'>δὲ</span> <span class='ocrx_word' id='word_1_103' title='bbox 1062 976 1122 1014; x_wconf 80' lang='grc' dir='ltr'>καὶ</span> 
     </span>
     <span class='ocr_line' id='line_1_14' title="bbox 75 1032 1120 1087; baseline 0 -16"><span class='ocrx_word' id='word_1_104' title='bbox 75 1032 221 1086; x_wconf 84' lang='grc' dir='ltr'>πλούτῳ</span> <span class='ocrx_word' id='word_1_105' title='bbox 240 1033 444 1085; x_wconf 82' lang='grc' dir='ltr'>προήκουσα</span> <span class='ocrx_word' id='word_1_106' title='bbox 459 1063 468 1081; x_wconf 97' lang='grc'>,</span> <span class='ocrx_word' id='word_1_107' title='bbox 486 1032 572 1084; x_wconf 86' lang='grc' dir='ltr'>πρὸς</span> <span class='ocrx_word' id='word_1_108' title='bbox 591 1033 699 1085; x_wconf 74' lang='grc' dir='ltr'>γ’ῆράς</span> <span class='ocrx_word' id='word_1_109' title='bbox 727 1050 765 1072; x_wconf 91' lang='grc' dir='ltr'>τε</span> <span class='ocrx_word' id='word_1_110' title='bbox 794 1034 926 1087; x_wconf 82' lang='grc' dir='ltr'>μακρὸν</span> <span class='ocrx_word' id='word_1_111' title='bbox 947 1034 1120 1087; x_wconf 80' lang='grc' dir='ltr'>ἀφιγμένη</span> 
     </span>
     <span class='ocr_line' id='line_1_15' title="bbox 74 1086 1120 1144; baseline 0.002 -15"><span class='ocrx_word' id='word_1_112' title='bbox 74 1091 378 1144; x_wconf 77' lang='grc' dir='ltr'>(ὀγδοηκοντοῧτις</span> <span class='ocrx_word' id='word_1_113' title='bbox 393 1090 460 1143; x_wconf 83' lang='grc' dir='ltr'>γὰρ</span> <span class='ocrx_word' id='word_1_114' title='bbox 492 1086 558 1143; x_wconf 68' lang='grc' dir='ltr'>ἦν)</span> <span class='ocrx_word' id='word_1_115' title='bbox 581 1092 640 1130; x_wconf 78' lang='grc' dir='ltr'>ἐπὶ</span> <span class='ocrx_word' id='word_1_116' title='bbox 666 1095 729 1138; x_wconf 76' lang='grc' dir='ltr'>τῆς</span> <span class='ocrx_word' id='word_1_117' title='bbox 759 1096 891 1140; x_wconf 75' lang='grc' dir='ltr'>σκηνῆς</span> <span class='ocrx_word' id='word_1_118' title='bbox 913 1093 1120 1144; x_wconf 82' lang='grc' dir='ltr'>ὠρχήσατο,</span> 
     </span>
     <span class='ocr_line' id='line_1_16' title="bbox 75 1149 1122 1204; baseline 0.001 -15"><span class='ocrx_word' id='word_1_119' title='bbox 75 1150 110 1189; x_wconf 80' lang='grc' dir='ltr'>οῗ</span> <span class='ocrx_word' id='word_1_120' title='bbox 124 1166 161 1189; x_wconf 92' lang='grc' dir='ltr'>τε</span> <span class='ocrx_word' id='word_1_121' title='bbox 181 1149 282 1188; x_wconf 79' lang='grc' dir='ltr'>ἄλλοι</span> <span class='ocrx_word' id='word_1_122' title='bbox 297 1153 366 1188; x_wconf 90' lang='grc' dir='ltr'>τῶν</span> <span class='ocrx_word' id='word_1_123' title='bbox 387 1152 579 1203; x_wconf 82' lang='grc' dir='ltr'>ἐπιφανῶν,</span> <span class='ocrx_word' id='word_1_124' title='bbox 598 1150 620 1197; x_wconf 85' lang='grc' dir='ltr'><strong>ἢ</strong></span> <span class='ocrx_word' id='word_1_125' title='bbox 641 1151 698 1189; x_wconf 82' lang='grc' dir='ltr'>διὰ</span> <span class='ocrx_word' id='word_1_126' title='bbox 715 1154 823 1204; x_wconf 70' lang='grc' dir='ltr'>γῆρας</span> <span class='ocrx_word' id='word_1_127' title='bbox 843 1151 864 1199; x_wconf 80' lang='grc' dir='ltr'>ἢ</span> <span class='ocrx_word' id='word_1_128' title='bbox 878 1151 934 1189; x_wconf 84' lang='grc' dir='ltr'>διὰ</span> <span class='ocrx_word' id='word_1_129' title='bbox 950 1152 1049 1190; x_wconf 88' lang='grc' dir='ltr'>νόσον</span> <span class='ocrx_word' id='word_1_130' title='bbox 1061 1153 1122 1191; x_wconf 83' lang='grc' dir='ltr'>οὐ-</span> 
     </span>
     <span class='ocr_line' id='line_1_17' title="bbox 62 1204 1123 1263; baseline 0.002 -16"><span class='ocrx_word' id='word_1_131' title='bbox 62 1209 131 1247; x_wconf 75' lang='grc' dir='ltr'>δὲν</span> <span class='ocrx_word' id='word_1_132' title='bbox 152 1209 223 1263; x_wconf 77' lang='grc' dir='ltr'>ἰδίᾳ</span> <span class='ocrx_word' id='word_1_133' title='bbox 241 1212 388 1256; x_wconf 77' lang='grc' dir='ltr'>ποιῆσαι</span> <span class='ocrx_word' id='word_1_134' title='bbox 405 1209 630 1258; x_wconf 81' lang='grc' dir='ltr'>δυνηθέντες,</span> <span class='ocrx_word' id='word_1_135' title='bbox 659 1204 742 1262; x_wconf 65' lang='grc' dir='ltr'>ᾖδον</span> <span class='ocrx_word' id='word_1_136' title='bbox 762 1211 853 1248; x_wconf 82' lang='grc' dir='ltr'>κατὰ</span> <span class='ocrx_word' id='word_1_137' title='bbox 875 1210 999 1263; x_wconf 84' lang='grc' dir='ltr'>χοροὺς</span> <span class='ocrx_word' id='word_1_138' title='bbox 1021 1211 1123 1249; x_wconf 80' lang='grc' dir='ltr'>ἱστά-</span> 
     </span>
     <span class='ocr_line' id='line_1_18' title="bbox 75 1267 1122 1320; baseline 0 -13"><span class='ocrx_word' id='word_1_139' title='bbox 75 1284 185 1318; x_wconf 85' lang='grc' dir='ltr'>μενοι.</span> <span class='ocrx_word' id='word_1_140' title='bbox 208 1268 390 1307; x_wconf 79' lang='grc' dir='ltr'>Ἐπετέλει</span> <span class='ocrx_word' id='word_1_141' title='bbox 410 1267 445 1306; x_wconf 84' lang='grc' dir='ltr'>δὲ</span> <span class='ocrx_word' id='word_1_142' title='bbox 462 1267 593 1312; x_wconf 88' lang='grc' dir='ltr'>ταύτας</span> <span class='ocrx_word' id='word_1_143' title='bbox 608 1267 670 1311; x_wconf 85' lang='grc' dir='ltr'>τὰς</span> <span class='ocrx_word' id='word_1_144' title='bbox 695 1269 884 1320; x_wconf 85' lang='grc' dir='ltr'>ἐκθέσμους</span> <span class='ocrx_word' id='word_1_145' title='bbox 909 1268 987 1313; x_wconf 89' lang='grc' dir='ltr'>θέας</span> <span class='ocrx_word' id='word_1_146' title='bbox 1011 1269 1070 1307; x_wconf 86' lang='grc' dir='ltr'>ἐπί</span> <span class='ocrx_word' id='word_1_147' title='bbox 1086 1285 1122 1307; x_wconf 88' lang='grc' dir='ltr'>τε</span> 
     </span>
     <span class='ocr_line' id='line_1_19' title="bbox 74 1326 1122 1380; baseline 0.001 -16"><span class='ocrx_word' id='word_1_148' title='bbox 74 1329 125 1379; x_wconf 84' lang='grc' dir='ltr'>τῷ</span> <span class='ocrx_word' id='word_1_149' title='bbox 142 1326 263 1379; x_wconf 85' lang='grc' dir='ltr'>γενείῳ</span> <span class='ocrx_word' id='word_1_150' title='bbox 287 1326 480 1379; x_wconf 81' lang='grc' dir='ltr'>τὸπρῶτον</span> <span class='ocrx_word' id='word_1_151' title='bbox 499 1327 702 1379; x_wconf 79' lang='grc' dir='ltr'>ψιλωθέντι,</span> <span class='ocrx_word' id='word_1_152' title='bbox 722 1327 783 1366; x_wconf 79' lang='grc' dir='ltr'>καὶ</span> <span class='ocrx_word' id='word_1_153' title='bbox 812 1327 868 1365; x_wconf 79' lang='grc' dir='ltr'>ἐπὶ</span> <span class='ocrx_word' id='word_1_154' title='bbox 895 1329 945 1380; x_wconf 83' lang='grc' dir='ltr'>τῷ</span> <span class='ocrx_word' id='word_1_155' title='bbox 965 1330 1026 1374; x_wconf 74' lang='grc' dir='ltr'>τῆς</span> <span class='ocrx_word' id='word_1_156' title='bbox 1052 1343 1122 1376; x_wconf 88' lang='grc' dir='ltr'>μη-</span> 
     </span>
     <span class='ocr_line' id='line_1_20' title="bbox 77 1384 1120 1438; baseline 0.001 -14"><span class='ocrx_word' id='word_1_157' title='bbox 77 1384 156 1438; x_wconf 78' lang='grc' dir='ltr'>τρὸς</span> <span class='ocrx_word' id='word_1_158' title='bbox 175 1385 290 1438; x_wconf 79' lang='grc' dir='ltr'>φόνῳ·</span> <span class='ocrx_word' id='word_1_159' title='bbox 316 1385 542 1423; x_wconf 80' lang='grc' dir='ltr'>ἀπολελοίπει</span> <span class='ocrx_word' id='word_1_160' title='bbox 568 1385 636 1438; x_wconf 90' lang='grc' dir='ltr'>γὰρ</span> <span class='ocrx_word' id='word_1_161' title='bbox 669 1385 772 1424; x_wconf 82' lang='grc' dir='ltr'>αὐτὸν</span> <span class='ocrx_word' id='word_1_162' title='bbox 811 1385 889 1424; x_wconf 85' lang='grc' dir='ltr'>οὐδὲ</span> <span class='ocrx_word' id='word_1_163' title='bbox 915 1386 954 1424; x_wconf 88' lang='grc' dir='ltr'>τὸ</span> <span class='ocrx_word' id='word_1_164' title='bbox 983 1385 1120 1438; x_wconf 85' lang='grc' dir='ltr'>φονικόν</span> 
     </span>
     <span class='ocr_line' id='line_1_21' title="bbox 25 1439 1117 1495; baseline 0.001 -13"><span class='ocrx_word' id='word_1_165' title='bbox 25 1443 27 1445; x_wconf 49' lang='grc'>’</span> <span class='ocrx_word' id='word_1_166' title='bbox 75 1459 114 1482; x_wconf 89' lang='grc' dir='ltr'>τε</span> <span class='ocrx_word' id='word_1_167' title='bbox 133 1443 194 1482; x_wconf 83' lang='grc' dir='ltr'>καὶ</span> <span class='ocrx_word' id='word_1_168' title='bbox 213 1442 365 1493; x_wconf 86' lang='grc' dir='ltr'>ἀπηνὲς,</span> <span class='ocrx_word' id='word_1_169' title='bbox 388 1442 504 1481; x_wconf 89' lang='grc' dir='ltr'>καίτοι</span> <span class='ocrx_word' id='word_1_170' title='bbox 522 1459 562 1495; x_wconf 95' lang='grc' dir='ltr'>γε</span> <span class='ocrx_word' id='word_1_171' title='bbox 593 1443 727 1489; x_wconf 87' lang='grc' dir='ltr'>παίζειν</span> <span class='ocrx_word' id='word_1_172' title='bbox 760 1445 941 1483; x_wconf 74' lang='grc' dir='ltr'>δοκοῦντα·</span> <span class='ocrx_word' id='word_1_173' title='bbox 972 1444 1052 1482; x_wconf 82' lang='grc' dir='ltr'>ἀλλ’</span> <span class='ocrx_word' id='word_1_174' title='bbox 1075 1439 1117 1491; x_wconf 70' lang='grc' dir='ltr'>ἦν</span> 
     </span>
     <span class='ocr_line' id='line_1_22' title="bbox 74 1501 1118 1553; baseline 0 -13"><span class='ocrx_word' id='word_1_175' title='bbox 74 1501 137 1553; x_wconf 81' lang='grc' dir='ltr'>μὲν</span> <span class='ocrx_word' id='word_1_176' title='bbox 154 1501 320 1547; x_wconf 79' lang='grc' dir='ltr'>καθάπαξ</span> <span class='ocrx_word' id='word_1_177' title='bbox 332 1502 400 1545; x_wconf 86' lang='grc' dir='ltr'>τοῖς</span> <span class='ocrx_word' id='word_1_178' title='bbox 422 1503 563 1553; x_wconf 83' lang='grc' dir='ltr'>ἀγαθοῖς</span> <span class='ocrx_word' id='word_1_179' title='bbox 581 1517 618 1540; x_wconf 82' lang='grc' dir='ltr'>τε</span> <span class='ocrx_word' id='word_1_180' title='bbox 634 1502 695 1540; x_wconf 79' lang='grc' dir='ltr'>καὶ</span> <span class='ocrx_word' id='word_1_181' title='bbox 706 1502 996 1553; x_wconf 83' lang='grc' dir='ltr'>πεπαιδευμένοις</span> <span class='ocrx_word' id='word_1_182' title='bbox 1016 1502 1118 1553; x_wconf 77' lang='grc' dir='ltr'>ἔγκο-</span> 
     </span>
     <span class='ocr_line' id='line_1_23' title="bbox 72 1553 1123 1607; baseline -0.001 -13"><span class='ocrx_word' id='word_1_183' title='bbox 72 1571 140 1599; x_wconf 89' lang='grc' dir='ltr'>τος.</span> <span class='ocrx_word' id='word_1_184' title='bbox 157 1554 210 1594; x_wconf 83' lang='grc' dir='ltr'>Τὸ</span> <span class='ocrx_word' id='word_1_185' title='bbox 231 1553 268 1592; x_wconf 78' lang='grc' dir='ltr'>δὲ</span> <span class='ocrx_word' id='word_1_186' title='bbox 286 1555 450 1592; x_wconf 85' lang='grc' dir='ltr'>πλεῖστον</span> <span class='ocrx_word' id='word_1_187' title='bbox 467 1553 527 1592; x_wconf 86' lang='grc' dir='ltr'>καὶ</span> <span class='ocrx_word' id='word_1_188' title='bbox 554 1554 740 1606; x_wconf 90' lang='grc' dir='ltr'>κράτιστον</span> <span class='ocrx_word' id='word_1_189' title='bbox 761 1555 818 1593; x_wconf 83' lang='grc' dir='ltr'>ἐπὶ</span> <span class='ocrx_word' id='word_1_190' title='bbox 837 1555 1048 1607; x_wconf 84' lang='grc' dir='ltr'>παραλόγοις</span> <span class='ocrx_word' id='word_1_191' title='bbox 1066 1557 1123 1594; x_wconf 85' lang='grc' dir='ltr'>αἷ-</span> 
     </span>
     <span class='ocr_line' id='line_1_24' title="bbox 73 1611 1121 1666; baseline 0 -15"><span class='ocrx_word' id='word_1_192' title='bbox 73 1612 164 1657; x_wconf 87' lang='grc' dir='ltr'>τίαις</span> <span class='ocrx_word' id='word_1_193' title='bbox 176 1611 416 1660; x_wconf 84' lang='grc' dir='ltr'>’ἀπανηλώκει</span> <span class='ocrx_word' id='word_1_194' title='bbox 435 1614 503 1659; x_wconf 77' lang='grc' dir='ltr'>τ’ἧς·</span> <span class='ocrx_word' id='word_1_195' title='bbox 525 1614 651 1665; x_wconf 78' lang='grc' dir='ltr'>βουλῆς</span> <span class='ocrx_word' id='word_1_196' title='bbox 672 1613 776 1666; x_wconf 84' lang='grc' dir='ltr'>μέρος</span> <span class='ocrx_word' id='word_1_197' title='bbox 788 1644 799 1662; x_wconf 87' lang='grc'>,</span> <span class='ocrx_word' id='word_1_198' title='bbox 818 1613 895 1657; x_wconf 73' lang='grc' dir='ltr'>τοὺς</span> <span class='ocrx_word' id='word_1_199' title='bbox 913 1613 975 1663; x_wconf 82' lang='grc' dir='ltr'>μὲν</span> <span class='ocrx_word' id='word_1_200' title='bbox 995 1612 1047 1651; x_wconf 80' lang='grc' dir='ltr'>ὅτι</span> <span class='ocrx_word' id='word_1_201' title='bbox 1067 1615 1121 1651; x_wconf 85' lang='grc' dir='ltr'>εὖ-</span> 
     </span>
     <span class='ocr_line' id='line_1_25' title="bbox 72 1670 1122 1725; baseline -0.002 -14"><span class='ocrx_word' id='word_1_202' title='bbox 72 1677 197 1724; x_wconf 83' lang='grc' dir='ltr'>γενεῖς,</span> <span class='ocrx_word' id='word_1_203' title='bbox 234 1670 312 1716; x_wconf 79' lang='grc' dir='ltr'>τοὺς</span> <span class='ocrx_word' id='word_1_204' title='bbox 343 1670 379 1710; x_wconf 80' lang='grc' dir='ltr'>δὲ</span> <span class='ocrx_word' id='word_1_205' title='bbox 413 1670 466 1709; x_wconf 82' lang='grc' dir='ltr'>ὅτι</span> <span class='ocrx_word' id='word_1_206' title='bbox 488 1671 688 1725; x_wconf 88' lang='grc' dir='ltr'>περιουσίας</span> <span class='ocrx_word' id='word_1_207' title='bbox 726 1671 889 1724; x_wconf 85' lang='grc' dir='ltr'>ἔχοντας,</span> <span class='ocrx_word' id='word_1_208' title='bbox 908 1671 985 1715; x_wconf 79' lang='grc' dir='ltr'>τοὺς</span> <span class='ocrx_word' id='word_1_209' title='bbox 1021 1671 1056 1710; x_wconf 82' lang='grc' dir='ltr'>δὲ</span> <span class='ocrx_word' id='word_1_210' title='bbox 1070 1671 1122 1710; x_wconf 79' lang='grc' dir='ltr'>ὅτι</span> 
     </span>
     <span class='ocr_line' id='line_1_26' title="bbox 74 1724 1122 1784; baseline 0 -15"><span class='ocrx_word' id='word_1_211' title='bbox 74 1730 245 1784; x_wconf 90' lang='grc' dir='ltr'>σώφρονες</span> <span class='ocrx_word' id='word_1_212' title='bbox 271 1724 361 1777; x_wconf 68' lang='grc' dir='ltr'>ἦσαν</span> <span class='ocrx_word' id='word_1_213' title='bbox 392 1732 503 1780; x_wconf 84' lang='grc' dir='ltr'>μισῶν</span> <span class='ocrx_word' id='word_1_214' title='bbox 531 1746 568 1768; x_wconf 92' lang='grc' dir='ltr'>τε</span> <span class='ocrx_word' id='word_1_215' title='bbox 596 1730 656 1769; x_wconf 79' lang='grc' dir='ltr'>καὶ</span> <span class='ocrx_word' id='word_1_216' title='bbox 673 1731 839 1776; x_wconf 86' lang='grc' dir='ltr'>κολάζων.</span> <span class='ocrx_word' id='word_1_217' title='bbox 860 1730 1066 1770; x_wconf 80' lang='grc' dir='ltr'>Μουσώνιόν</span> <span class='ocrx_word' id='word_1_218' title='bbox 1085 1747 1122 1769; x_wconf 91' lang='grc' dir='ltr'>τε</span> 
     </span>
     <span class='ocr_line' id='line_1_27' title="bbox 73 1788 1122 1841; baseline 0.001 -15"><span class='ocrx_word' id='word_1_219' title='bbox 73 1790 135 1826; x_wconf 83' lang='grc' dir='ltr'>καὶ</span> <span class='ocrx_word' id='word_1_220' title='bbox 157 1790 355 1841; x_wconf 78' lang='grc' dir='ltr'>Κορνοῦτον</span> <span class='ocrx_word' id='word_1_221' title='bbox 385 1792 510 1841; x_wconf 77' lang='grc' dir='ltr'>μικροῦ</span> <span class='ocrx_word' id='word_1_222' title='bbox 544 1788 608 1839; x_wconf 83' lang='grc' dir='ltr'>μὲν</span> <span class='ocrx_word' id='word_1_223' title='bbox 637 1789 776 1836; x_wconf 81' lang='grc' dir='ltr'>ἐδέησεν</span> <span class='ocrx_word' id='word_1_224' title='bbox 809 1790 1031 1838; x_wconf 82' lang='grc' dir='ltr'>ἀποκτεῖναι,</span> <span class='ocrx_word' id='word_1_225' title='bbox 1061 1793 1122 1836; x_wconf 80' lang='grc' dir='ltr'>τ’ῆς</span> 
     </span>
     <span class='ocr_line' id='line_1_28' title="bbox 74 1846 1123 1898; baseline 0.001 -13"><span class='ocrx_word' id='word_1_226' title='bbox 74 1847 110 1886; x_wconf 81' lang='grc' dir='ltr'>δὲ</span> <span class='ocrx_word' id='word_1_227' title='bbox 131 1846 275 1898; x_wconf 85' lang='grc' dir='ltr'>Ῥώμης</span> <span class='ocrx_word' id='word_1_228' title='bbox 300 1846 486 1894; x_wconf 84' lang='grc' dir='ltr'>ἐξήλασεν·</span> <span class='ocrx_word' id='word_1_229' title='bbox 508 1846 594 1885; x_wconf 83' lang='grc' dir='ltr'>ἄλλο</span> <span class='ocrx_word' id='word_1_230' title='bbox 619 1847 680 1898; x_wconf 83' lang='grc' dir='ltr'>μὲν</span> <span class='ocrx_word' id='word_1_231' title='bbox 717 1847 814 1886; x_wconf 80' lang='grc' dir='ltr'>οὐδὲν</span> <span class='ocrx_word' id='word_1_232' title='bbox 845 1849 1036 1894; x_wconf 84' lang='grc' dir='ltr'>ἐπικαλῶν,</span> <span class='ocrx_word' id='word_1_233' title='bbox 1071 1847 1123 1886; x_wconf 78' lang='grc' dir='ltr'>ὅτι</span> 
     </span>
     <span class='ocr_line' id='line_1_29' title="bbox 74 1901 1122 1959; baseline -0.001 -15"><span class='ocrx_word' id='word_1_234' title='bbox 74 1905 112 1944; x_wconf 85' lang='grc' dir='ltr'>δὲ</span> <span class='ocrx_word' id='word_1_235' title='bbox 129 1905 226 1959; x_wconf 74' lang='grc' dir='ltr'>σοφοὶ</span> <span class='ocrx_word' id='word_1_236' title='bbox 238 1905 296 1944; x_wconf 80' lang='grc' dir='ltr'>καὶ</span> <span class='ocrx_word' id='word_1_237' title='bbox 316 1905 450 1958; x_wconf 87' lang='grc' dir='ltr'>ἄριστοι</span> <span class='ocrx_word' id='word_1_238' title='bbox 467 1905 555 1957; x_wconf 83' lang='grc' dir='ltr'>[τὸν]</span> <span class='ocrx_word' id='word_1_239' title='bbox 571 1905 644 1958; x_wconf 84' lang='grc' dir='ltr'>βίον</span> <span class='ocrx_word' id='word_1_240' title='bbox 665 1906 861 1957; x_wconf 84' lang='grc' dir='ltr'>ἐγενέσθην.</span> <span class='ocrx_word' id='word_1_241' title='bbox 883 1901 1068 1956; x_wconf 75' lang='grc' dir='ltr'>Συγγενῶν</span> <span class='ocrx_word' id='word_1_242' title='bbox 1085 1922 1122 1945; x_wconf 90' lang='grc' dir='ltr'>τε</span> 
     </span>
     <span class='ocr_line' id='line_1_30' title="bbox 73 1963 1122 2018; baseline 0 -15"><span class='ocrx_word' id='word_1_243' title='bbox 73 1964 186 2018; x_wconf 86' lang='grc' dir='ltr'>φόνοις</span> <span class='ocrx_word' id='word_1_244' title='bbox 210 1964 379 2012; x_wconf 80' lang='grc' dir='ltr'>ἑκάστης,</span> <span class='ocrx_word' id='word_1_245' title='bbox 400 1965 447 2007; x_wconf 81' lang='grc' dir='ltr'>ὡς</span> <span class='ocrx_word' id='word_1_246' title='bbox 467 1966 587 2012; x_wconf 82' lang='grc' dir='ltr'>εἰπεῖν,</span> <span class='ocrx_word' id='word_1_247' title='bbox 608 1965 783 2015; x_wconf 83' lang='grc' dir='ltr'>ἐμιαίνετο</span> <span class='ocrx_word' id='word_1_248' title='bbox 804 1968 865 2011; x_wconf 72' lang='grc' dir='ltr'>τῆς</span> <span class='ocrx_word' id='word_1_249' title='bbox 883 1963 1029 2016; x_wconf 80' lang='grc' dir='ltr'>ἡμέρας.</span> <span class='ocrx_word' id='word_1_250' title='bbox 1051 1965 1122 2003; x_wconf 86' lang='grc' dir='ltr'>Τόν</span> 
     </span>
     <span class='ocr_line' id='line_1_31' title="bbox 72 2018 1122 2076; baseline -0.002 -14"><span class='ocrx_word' id='word_1_251' title='bbox 72 2039 110 2062; x_wconf 84' lang='grc' dir='ltr'>τε</span> <span class='ocrx_word' id='word_1_252' title='bbox 131 2022 198 2076; x_wconf 84' lang='grc' dir='ltr'>γὰρ</span> <span class='ocrx_word' id='word_1_253' title='bbox 218 2022 451 2075; x_wconf 85' lang='grc' dir='ltr'>Βρεττανικὸν</span> <span class='ocrx_word' id='word_1_254' title='bbox 470 2023 617 2076; x_wconf 78' lang='grc' dir='ltr'>ἀδελφόν</span> <span class='ocrx_word' id='word_1_255' title='bbox 640 2025 671 2061; x_wconf 80' lang='grc' dir='ltr'>οἳ</span> <span class='ocrx_word' id='word_1_256' title='bbox 691 2018 778 2061; x_wconf 73' lang='grc' dir='ltr'>εἶναι</span> <span class='ocrx_word' id='word_1_257' title='bbox 796 2024 980 2069; x_wconf 77' lang='grc' dir='ltr'>δοκοῦντα,</span> <span class='ocrx_word' id='word_1_258' title='bbox 999 2026 1122 2075; x_wconf 87' lang='grc' dir='ltr'>πρῶτα</span> 
     </span>
     <span class='ocr_line' id='line_1_32' title="bbox 74 2080 1123 2135; baseline -0.001 -14"><span class='ocrx_word' id='word_1_259' title='bbox 74 2082 138 2133; x_wconf 86' lang='grc' dir='ltr'>μὲν</span> <span class='ocrx_word' id='word_1_260' title='bbox 163 2084 211 2127; x_wconf 87' lang='grc' dir='ltr'>εἷς</span> <span class='ocrx_word' id='word_1_261' title='bbox 243 2081 308 2128; x_wconf 79' lang='grc' dir='ltr'>τὴν</span> <span class='ocrx_word' id='word_1_262' title='bbox 330 2080 423 2134; x_wconf 81' lang='grc' dir='ltr'>ὥραν</span> <span class='ocrx_word' id='word_1_263' title='bbox 454 2083 609 2134; x_wconf 85' lang='grc' dir='ltr'>ἀσελγῶς</span> <span class='ocrx_word' id='word_1_264' title='bbox 633 2081 789 2135; x_wconf 75' lang='grc' dir='ltr'>ὕὸρισεν,</span> <span class='ocrx_word' id='word_1_265' title='bbox 812 2082 931 2119; x_wconf 87' lang='grc' dir='ltr'>ἔπειτα</span> <span class='ocrx_word' id='word_1_266' title='bbox 961 2081 997 2120; x_wconf 84' lang='grc' dir='ltr'>δὲ</span> <span class='ocrx_word' id='word_1_267' title='bbox 1025 2082 1123 2134; x_wconf 83' lang='grc' dir='ltr'>παρὰ</span> 
     </span>
     <span class='ocr_line' id='line_1_33' title="bbox 74 2140 1122 2195; baseline -0.001 -15"><span class='ocrx_word' id='word_1_268' title='bbox 74 2142 210 2180; x_wconf 83' lang='grc' dir='ltr'>δεῖπνον</span> <span class='ocrx_word' id='word_1_269' title='bbox 242 2141 447 2193; x_wconf 89' lang='grc' dir='ltr'>δηλητηρίῳ</span> <span class='ocrx_word' id='word_1_270' title='bbox 481 2141 660 2195; x_wconf 81' lang='grc' dir='ltr'>φαρμάκῳ</span> <span class='ocrx_word' id='word_1_271' title='bbox 690 2140 897 2194; x_wconf 81' lang='grc' dir='ltr'>διέφθειρεν·</span> <span class='ocrx_word' id='word_1_272' title='bbox 932 2143 978 2184; x_wconf 82' lang='grc' dir='ltr'>ὡς</span> <span class='ocrx_word' id='word_1_273' title='bbox 1016 2141 1122 2179; x_wconf 82' lang='grc' dir='ltr'>δεινὸν</span> 
     </span>
     <span class='ocr_line' id='line_1_34' title="bbox 75 2198 1122 2253; baseline -0.002 -15"><span class='ocrx_word' id='word_1_274' title='bbox 75 2199 124 2251; x_wconf 83' lang='grc' dir='ltr'>μὴ</span> <span class='ocrx_word' id='word_1_275' title='bbox 152 2199 255 2251; x_wconf 89' lang='grc' dir='ltr'>μόνον</span> <span class='ocrx_word' id='word_1_276' title='bbox 273 2198 476 2247; x_wconf 83' lang='grc' dir='ltr'>ἀκούεσθαι,</span> <span class='ocrx_word' id='word_1_277' title='bbox 503 2199 595 2237; x_wconf 84' lang='grc' dir='ltr'>ἀλλὰ</span> <span class='ocrx_word' id='word_1_278' title='bbox 622 2200 682 2238; x_wconf 75' lang='grc' dir='ltr'>καὶ</span> <span class='ocrx_word' id='word_1_279' title='bbox 699 2202 857 2251; x_wconf 81' lang='grc' dir='ltr'>ὁρᾶσθαι·</span> <span class='ocrx_word' id='word_1_280' title='bbox 879 2198 1036 2243; x_wconf 81' lang='grc' dir='ltr'>πελιδνὸς</span> <span class='ocrx_word' id='word_1_281' title='bbox 1055 2199 1122 2253; x_wconf 77' lang='grc' dir='ltr'>γὰρ</span> 
     </span>
     <span class='ocr_line' id='line_1_35' title="bbox 72 2257 1122 2311; baseline -0.003 -13"><span class='ocrx_word' id='word_1_282' title='bbox 72 2260 150 2303; x_wconf 78' lang='grc' dir='ltr'>ὅλος</span> <span class='ocrx_word' id='word_1_283' title='bbox 186 2257 342 2310; x_wconf 88' lang='grc' dir='ltr'>ἐγένετο,</span> <span class='ocrx_word' id='word_1_284' title='bbox 365 2257 425 2295; x_wconf 84' lang='grc' dir='ltr'>καὶ</span> <span class='ocrx_word' id='word_1_285' title='bbox 456 2260 487 2296; x_wconf 81' lang='grc' dir='ltr'>οἱ</span> <span class='ocrx_word' id='word_1_286' title='bbox 508 2259 682 2311; x_wconf 79' lang='grc' dir='ltr'>ὀφθαλμοὶ</span> <span class='ocrx_word' id='word_1_287' title='bbox 703 2260 808 2296; x_wconf 80' lang='grc' dir='ltr'>αὐτοῦ</span> <span class='ocrx_word' id='word_1_288' title='bbox 833 2257 1043 2310; x_wconf 87' lang='grc' dir='ltr'>ἀνεῳγμένοι</span> <span class='ocrx_word' id='word_1_289' title='bbox 1063 2259 1122 2296; x_wconf 83' lang='grc' dir='ltr'>καὶ</span> 
     </span>
     <span class='ocr_line' id='line_1_36' title="bbox 72 2315 1121 2369; baseline -0.002 -13"><span class='ocrx_word' id='word_1_290' title='bbox 72 2316 152 2362; x_wconf 75' lang='grc' dir='ltr'>τοὺς</span> <span class='ocrx_word' id='word_1_291' title='bbox 170 2317 310 2369; x_wconf 82' lang='grc' dir='ltr'>ἐφόρους</span> <span class='ocrx_word' id='word_1_292' title='bbox 327 2315 410 2368; x_wconf 81' lang='grc' dir='ltr'>πρὸς</span> <span class='ocrx_word' id='word_1_293' title='bbox 421 2316 591 2369; x_wconf 85' lang='grc' dir='ltr'>τιμωρίαν</span> <span class='ocrx_word' id='word_1_294' title='bbox 604 2319 802 2360; x_wconf 78' lang='grc' dir='ltr'>καλοῦντες.</span> <span class='ocrx_word' id='word_1_295' title='bbox 862 2316 932 2355; x_wconf 85' lang='grc' dir='ltr'>Καὶ</span> <span class='ocrx_word' id='word_1_296' title='bbox 951 2316 1013 2363; x_wconf 84' lang='grc' dir='ltr'>τὴν</span> <span class='ocrx_word' id='word_1_297' title='bbox 1037 2319 1121 2355; x_wconf 83' lang='grc' dir='ltr'>ἑαυ-</span> 
     </span>
     <span class='ocr_line' id='line_1_37' title="bbox 73 2373 1120 2427; baseline -0.002 -12"><span class='ocrx_word' id='word_1_298' title='bbox 73 2381 133 2415; x_wconf 79' lang='grc' dir='ltr'>τοῦ</span> <span class='ocrx_word' id='word_1_299' title='bbox 153 2375 310 2427; x_wconf 81' lang='grc' dir='ltr'>γαμετὴν</span> <span class='ocrx_word' id='word_1_300' title='bbox 331 2374 526 2414; x_wconf 69' lang='grc' dir='ltr'>Ὀκταὸίαν</span> <span class='ocrx_word' id='word_1_301' title='bbox 546 2376 590 2413; x_wconf 89' lang='grc' dir='ltr'>δι’</span> <span class='ocrx_word' id='word_1_302' title='bbox 607 2375 649 2423; x_wconf 79' lang='grc' dir='ltr'>ἣν</span> <span class='ocrx_word' id='word_1_303' title='bbox 672 2377 718 2419; x_wconf 87' lang='grc' dir='ltr'>εἷς</span> <span class='ocrx_word' id='word_1_304' title='bbox 738 2373 801 2422; x_wconf 84' lang='grc' dir='ltr'>τὴν</span> <span class='ocrx_word' id='word_1_305' title='bbox 821 2374 931 2427; x_wconf 74' lang='grc' dir='ltr'>ἀρχὴν</span> <span class='ocrx_word' id='word_1_306' title='bbox 952 2377 1018 2427; x_wconf 76' lang='grc' dir='ltr'>οὐχ</span> <span class='ocrx_word' id='word_1_307' title='bbox 1038 2375 1120 2422; x_wconf 81' lang='grc' dir='ltr'>ἥκι-</span> 
     </span>
     <span class='ocr_line' id='line_1_38' title="bbox 74 2433 1121 2487; baseline -0.002 -13"><span class='ocrx_word' id='word_1_308' title='bbox 74 2451 140 2474; x_wconf 89' lang='grc' dir='ltr'>στα</span> <span class='ocrx_word' id='word_1_309' title='bbox 153 2433 402 2487; x_wconf 84' lang='grc' dir='ltr'>παρεληλύθει,</span> <span class='ocrx_word' id='word_1_310' title='bbox 415 2436 552 2487; x_wconf 88' lang='grc' dir='ltr'>πρῶτον</span> <span class='ocrx_word' id='word_1_311' title='bbox 569 2433 630 2484; x_wconf 83' lang='grc' dir='ltr'>μὲν</span> <span class='ocrx_word' id='word_1_312' title='bbox 653 2434 887 2486; x_wconf 80' lang='grc' dir='ltr'>ἀπεπέμψατο</span> <span class='ocrx_word' id='word_1_313' title='bbox 898 2464 907 2480; x_wconf 94' lang='grc'>,</span> <span class='ocrx_word' id='word_1_314' title='bbox 922 2433 1042 2471; x_wconf 86' lang='grc' dir='ltr'>ἔπειτα</span> <span class='ocrx_word' id='word_1_315' title='bbox 1062 2434 1121 2472; x_wconf 77' lang='grc' dir='ltr'>καὶ</span> 
     </span>
    </p>
   </div>
   <div class='ocr_carea' id='block_1_3' title="bbox 74 2491 1145 2544">
    <p class='ocr_par' dir='ltr' id='par_1_3' title="bbox 74 2491 1145 2544">
     <span class='ocr_line' id='line_1_39' title="bbox 74 2491 1145 2544; baseline -0.002 -12"><span class='ocrx_word' id='word_1_316' title='bbox 74 2493 267 2532; x_wconf 86' lang='grc' dir='ltr'>ἀπέκτεινε.</span> <span class='ocrx_word' id='word_1_317' title='bbox 295 2491 367 2531; x_wconf 83' lang='grc' dir='ltr'>Καὶ</span> <span class='ocrx_word' id='word_1_318' title='bbox 387 2494 431 2539; x_wconf 40' lang='grc' dir='ltr'>ἐν,</span> <span class='ocrx_word' id='word_1_319' title='bbox 449 2491 547 2530; x_wconf 75' lang='grc' dir='ltr'>νυκτὶ</span> <span class='ocrx_word' id='word_1_320' title='bbox 576 2491 735 2543; x_wconf 82' lang='grc' dir='ltr'>ἐκώμαζε</span> <span class='ocrx_word' id='word_1_321' title='bbox 766 2491 858 2530; x_wconf 84' lang='grc' dir='ltr'>κατὰ</span> <span class='ocrx_word' id='word_1_322' title='bbox 885 2498 1003 2530; x_wconf 85' lang='grc' dir='ltr'>πᾶσαν</span> <span class='ocrx_word' id='word_1_323' title='bbox 1029 2493 1121 2544; x_wconf 79' lang='grc' dir='ltr'>[τὴν]</span> <span class='ocrx_word' id='word_1_324' title='bbox 1142 2534 1145 2538; x_wconf 21' lang='grc' dir='ltr'><em>Α</em></span> 
     </span>
    </p>
   </div>
   <div class='ocr_carea' id='block_1_4' title="bbox 73 2549 1121 3073">
    <p class='ocr_par' dir='ltr' id='par_1_4' title="bbox 73 2549 1121 3073">
     <span class='ocr_line' id='line_1_40' title="bbox 74 2549 1121 2603; baseline -0.002 -13"><span class='ocrx_word' id='word_1_325' title='bbox 74 2553 190 2599; x_wconf 88' lang='grc' dir='ltr'>πόλιν,</span> <span class='ocrx_word' id='word_1_326' title='bbox 214 2550 363 2603; x_wconf 75' lang='grc' dir='ltr'>ὑὸρίζων</span> <span class='ocrx_word' id='word_1_327' title='bbox 397 2549 460 2594; x_wconf 83' lang='grc' dir='ltr'>τὰς</span> <span class='ocrx_word' id='word_1_328' title='bbox 482 2556 650 2603; x_wconf 80' lang='grc' dir='ltr'>γυναῖκας</span> <span class='ocrx_word' id='word_1_329' title='bbox 681 2550 741 2588; x_wconf 84' lang='grc' dir='ltr'>καὶ</span> <span class='ocrx_word' id='word_1_330' title='bbox 766 2550 979 2601; x_wconf 84' lang='grc' dir='ltr'>ἀσελγαίνων</span> <span class='ocrx_word' id='word_1_331' title='bbox 1006 2552 1051 2594; x_wconf 86' lang='grc' dir='ltr'>εἷς</span> <span class='ocrx_word' id='word_1_332' title='bbox 1078 2551 1121 2589; x_wconf 85' lang='grc' dir='ltr'>τὰ</span> 
     </span>
     <span class='ocr_line' id='line_1_41' title="bbox 75 2607 1116 2662; baseline -0.001 -14"><span class='ocrx_word' id='word_1_333' title='bbox 75 2609 259 2662; x_wconf 83' lang='grc' dir='ltr'>μειράκια,</span> <span class='ocrx_word' id='word_1_334' title='bbox 280 2607 440 2646; x_wconf 84' lang='grc' dir='ltr'>ἀποδύων</span> <span class='ocrx_word' id='word_1_335' title='bbox 468 2624 505 2646; x_wconf 90' lang='grc' dir='ltr'>τε</span> <span class='ocrx_word' id='word_1_336' title='bbox 533 2608 611 2652; x_wconf 75' lang='grc' dir='ltr'>τοὺς</span> <span class='ocrx_word' id='word_1_337' title='bbox 637 2611 884 2656; x_wconf 82' lang='grc' dir='ltr'>ἀπαντῶντας,</span> <span class='ocrx_word' id='word_1_338' title='bbox 913 2609 1040 2657; x_wconf 85' lang='grc' dir='ltr'>παίων,</span> <span class='ocrx_word' id='word_1_339' title='bbox 1059 2625 1116 2647; x_wconf 82' lang='grc' dir='ltr'>τι·</span> 
     </span>
     <span class='ocr_line' id='line_1_42' title="bbox 73 2665 1119 2721; baseline -0.002 -14"><span class='ocrx_word' id='word_1_340' title='bbox 73 2669 256 2721; x_wconf 84' lang='grc' dir='ltr'>τρώσκων,</span> <span class='ocrx_word' id='word_1_341' title='bbox 286 2665 457 2721; x_wconf 79' lang='grc' dir='ltr'>φονεύων·</span> <span class='ocrx_word' id='word_1_342' title='bbox 488 2666 550 2706; x_wconf 66' lang='grc' dir='ltr'>καὶ</span> <span class='ocrx_word' id='word_1_343' title='bbox 578 2668 688 2706; x_wconf 86' lang='grc' dir='ltr'>ἐδόκει</span> <span class='ocrx_word' id='word_1_344' title='bbox 714 2667 895 2706; x_wconf 88' lang='grc' dir='ltr'>λανθάνειν</span> <span class='ocrx_word' id='word_1_345' title='bbox 922 2668 1119 2720; x_wconf 84' lang='grc' dir='ltr'>ἀλλοτρίαις</span> 
     </span>
     <span class='ocr_line' id='line_1_43' title="bbox 73 2725 1119 2778; baseline -0.002 -14"><span class='ocrx_word' id='word_1_346' title='bbox 73 2729 194 2773; x_wconf 72' lang='grc' dir='ltr'>ἐσθῆσι</span> <span class='ocrx_word' id='word_1_347' title='bbox 212 2725 409 2778; x_wconf 88' lang='grc' dir='ltr'>χρώμενος·</span> <span class='ocrx_word' id='word_1_348' title='bbox 429 2726 492 2769; x_wconf 83' lang='grc' dir='ltr'>τάς</span> <span class='ocrx_word' id='word_1_349' title='bbox 523 2741 560 2764; x_wconf 90' lang='grc' dir='ltr'>τε</span> <span class='ocrx_word' id='word_1_350' title='bbox 586 2729 654 2764; x_wconf 90' lang='grc' dir='ltr'>τῶν</span> <span class='ocrx_word' id='word_1_351' title='bbox 675 2725 863 2778; x_wconf 85' lang='grc' dir='ltr'>ἐλευθέρων</span> <span class='ocrx_word' id='word_1_352' title='bbox 883 2729 1052 2776; x_wconf 87' lang='grc' dir='ltr'>γυναῖκας</span> <span class='ocrx_word' id='word_1_353' title='bbox 1084 2725 1119 2770; x_wconf 83' lang='grc' dir='ltr'>ἐξ</span> 
     </span>
     <span class='ocr_line' id='line_1_44' title="bbox 75 2784 1121 2838; baseline -0.002 -14"><span class='ocrx_word' id='word_1_354' title='bbox 75 2785 239 2838; x_wconf 82' lang='grc' dir='ltr'>ἐπηρείας</span> <span class='ocrx_word' id='word_1_355' title='bbox 259 2784 419 2837; x_wconf 74' lang='grc' dir='ltr'>ὓὸρίζων,</span> <span class='ocrx_word' id='word_1_356' title='bbox 450 2784 511 2822; x_wconf 77' lang='grc' dir='ltr'>καὶ</span> <span class='ocrx_word' id='word_1_357' title='bbox 533 2790 610 2828; x_wconf 88' lang='grc' dir='ltr'>ταῖς</span> <span class='ocrx_word' id='word_1_358' title='bbox 628 2784 810 2837; x_wconf 88' lang='grc' dir='ltr'>παρθένοις</span> <span class='ocrx_word' id='word_1_359' title='bbox 827 2787 872 2828; x_wconf 82' lang='grc' dir='ltr'>ὡς</span> <span class='ocrx_word' id='word_1_360' title='bbox 892 2785 951 2822; x_wconf 88' lang='grc' dir='ltr'>καὶ</span> <span class='ocrx_word' id='word_1_361' title='bbox 972 2784 1121 2836; x_wconf 80' lang='grc' dir='ltr'>ἑταιρίσι</span> 
     </span>
     <span class='ocr_line' id='line_1_45' title="bbox 75 2842 1121 2896; baseline -0.001 -14"><span class='ocrx_word' id='word_1_362' title='bbox 75 2845 163 2895; x_wconf 82' lang='grc' dir='ltr'>μετὰ</span> <span class='ocrx_word' id='word_1_363' title='bbox 177 2847 246 2883; x_wconf 89' lang='grc' dir='ltr'>τῶν</span> <span class='ocrx_word' id='word_1_364' title='bbox 265 2845 372 2895; x_wconf 84' lang='grc' dir='ltr'>φίλων</span> <span class='ocrx_word' id='word_1_365' title='bbox 388 2842 581 2896; x_wconf 85' lang='grc' dir='ltr'>χρώμενος.</span> <span class='ocrx_word' id='word_1_366' title='bbox 599 2842 648 2884; x_wconf 76' lang='lat' dir='ltr'>‘H</span> <span class='ocrx_word' id='word_1_367' title='bbox 677 2844 713 2881; x_wconf 85' lang='grc' dir='ltr'>δὲ</span> <span class='ocrx_word' id='word_1_368' title='bbox 733 2843 944 2896; x_wconf 86' lang='grc' dir='ltr'>Ἀγριππίνη</span> <span class='ocrx_word' id='word_1_369' title='bbox 967 2842 1000 2887; x_wconf 83' lang='grc' dir='ltr'>ἔς</span> <span class='ocrx_word' id='word_1_370' title='bbox 1024 2859 1060 2881; x_wconf 85' lang='grc' dir='ltr'>τε</span> <span class='ocrx_word' id='word_1_371' title='bbox 1077 2842 1121 2881; x_wconf 83' lang='grc' dir='ltr'>τὰ</span> 
     </span>
     <span class='ocr_line' id='line_1_46' title="bbox 75 2902 1121 2956; baseline -0.001 -14"><span class='ocrx_word' id='word_1_372' title='bbox 75 2902 235 2955; x_wconf 85' lang='grc' dir='ltr'>συνέδρια</span> <span class='ocrx_word' id='word_1_373' title='bbox 257 2902 400 2956; x_wconf 85' lang='grc' dir='ltr'>ἐφοίτα,</span> <span class='ocrx_word' id='word_1_374' title='bbox 417 2903 493 2947; x_wconf 79' lang='grc' dir='ltr'>ταῖς</span> <span class='ocrx_word' id='word_1_375' title='bbox 515 2918 553 2941; x_wconf 91' lang='grc' dir='ltr'>τε</span> <span class='ocrx_word' id='word_1_376' title='bbox 577 2902 781 2955; x_wconf 74' lang='grc' dir='ltr'>πρεσὸείαις</span> <span class='ocrx_word' id='word_1_377' title='bbox 809 2902 1045 2954; x_wconf 81' lang='grc' dir='ltr'>ἐχρημάτιζε,</span> <span class='ocrx_word' id='word_1_378' title='bbox 1061 2903 1121 2941; x_wconf 84' lang='grc' dir='ltr'>καὶ</span> 
     </span>
     <span class='ocr_line' id='line_1_47' title="bbox 75 2960 1118 3013; baseline -0.001 -14"><span class='ocrx_word' id='word_1_379' title='bbox 75 2960 259 3005; x_wconf 81' lang='grc' dir='ltr'>ἐπιστολὰς</span> <span class='ocrx_word' id='word_1_380' title='bbox 276 2961 400 3011; x_wconf 81' lang='grc' dir='ltr'>δήμοις</span> <span class='ocrx_word' id='word_1_381' title='bbox 412 2960 472 2999; x_wconf 74' lang='grc' dir='ltr'>καὶ</span> <span class='ocrx_word' id='word_1_382' title='bbox 490 2961 637 3013; x_wconf 84' lang='grc' dir='ltr'>ἄρχουσι</span> <span class='ocrx_word' id='word_1_383' title='bbox 657 2961 717 3000; x_wconf 79' lang='grc' dir='ltr'>καὶ</span> <span class='ocrx_word' id='word_1_384' title='bbox 744 2963 944 3013; x_wconf 78' lang='grc' dir='ltr'>βασιλεῦσιν</span> <span class='ocrx_word' id='word_1_385' title='bbox 957 2960 1118 2999; x_wconf 89' lang='grc' dir='ltr'>ἐπέστελ-</span> 
     </span>
     <span class='ocr_line' id='line_1_48' title="bbox 75 3017 1120 3073; baseline 0.001 -16"><span class='ocrx_word' id='word_1_386' title='bbox 75 3021 148 3060; x_wconf 90' lang='grc' dir='ltr'>λεν.</span> <span class='ocrx_word' id='word_1_387' title='bbox 175 3019 279 3059; x_wconf 81' lang='grc' dir='ltr'>Ἀλλὰ</span> <span class='ocrx_word' id='word_1_388' title='bbox 294 3023 405 3058; x_wconf 77' lang='grc' dir='ltr'>ταῦτα</span> <span class='ocrx_word' id='word_1_389' title='bbox 424 3019 487 3070; x_wconf 82' lang='grc' dir='ltr'>μὲν</span> <span class='ocrx_word' id='word_1_390' title='bbox 505 3020 712 3073; x_wconf 85' lang='grc' dir='ltr'>Ἀγριππίνη</span> <span class='ocrx_word' id='word_1_391' title='bbox 743 3021 924 3072; x_wconf 84' lang='grc' dir='ltr'>ἔπραττεν,</span> <span class='ocrx_word' id='word_1_392' title='bbox 949 3020 1051 3072; x_wconf 79' lang='grc' dir='ltr'>ἄχρις</span> <span class='ocrx_word' id='word_1_393' title='bbox 1080 3017 1120 3058; x_wconf 71' lang='grc' dir='ltr'>οῧ</span> 
     </span>
    </p>
   </div>
   <div class='ocr_carea' id='block_1_5' title="bbox 1185 263 2219 396">
    <p class='ocr_par' dir='ltr' id='par_1_5' title="bbox 1185 263 2219 396">
     <span class='ocr_line' id='line_1_49' title="bbox 2143 263 2218 297; baseline 0.027 -2"><span class='ocrx_word' id='word_1_394' title='bbox 2143 263 2218 297; x_wconf 73' lang='grc'>575</span> 
     </span>
     <span class='ocr_line' id='line_1_50' title="bbox 1185 334 2219 396; baseline 0.01 -24"><span class='ocrx_word' id='word_1_395' title='bbox 1185 337 1203 372; x_wconf 85' lang='grc' dir='ltr'>ὁ</span> <span class='ocrx_word' id='word_1_396' title='bbox 1222 334 1345 387; x_wconf 87' lang='grc' dir='ltr'>Νέρων</span> <span class='ocrx_word' id='word_1_397' title='bbox 1359 335 1421 382; x_wconf 83' lang='grc' dir='ltr'>τὴν</span> <span class='ocrx_word' id='word_1_398' title='bbox 1436 335 1594 383; x_wconf 78' lang='grc' dir='ltr'>Σαὸίνην</span> <span class='ocrx_word' id='word_1_399' title='bbox 1613 337 1778 390; x_wconf 83' lang='grc' dir='ltr'>ἠγάγετο.</span> <span class='ocrx_word' id='word_1_400' title='bbox 1797 339 1887 379; x_wconf 84' lang='grc' dir='ltr'>Τότε</span> <span class='ocrx_word' id='word_1_401' title='bbox 1901 340 1968 394; x_wconf 81' lang='grc' dir='ltr'>γὰρ</span> <span class='ocrx_word' id='word_1_402' title='bbox 1992 343 2051 381; x_wconf 78' lang='grc' dir='ltr'>καὶ</span> <span class='ocrx_word' id='word_1_403' title='bbox 2069 343 2131 391; x_wconf 80' lang='grc' dir='ltr'>τὴν</span> <span class='ocrx_word' id='word_1_404' title='bbox 2147 361 2219 396; x_wconf 87' lang='grc' dir='ltr'>μη-</span> 
     </span>
    </p>
   </div>
   <div class='ocr_carea' id='block_1_6' title="bbox 1183 393 2229 1553">
    <p class='ocr_par' dir='ltr' id='par_1_6' title="bbox 1183 393 2229 1553">
     <span class='ocr_line' id='line_1_51' title="bbox 1185 393 2221 456; baseline 0.013 -26"><span class='ocrx_word' id='word_1_405' title='bbox 1185 393 1268 446; x_wconf 84' lang='grc' dir='ltr'>τέρα</span> <span class='ocrx_word' id='word_1_406' title='bbox 1282 393 1475 446; x_wconf 89' lang='grc' dir='ltr'>ἐφόνευσεν.</span> <span class='ocrx_word' id='word_1_407' title='bbox 1497 395 1624 434; x_wconf 88' lang='grc' dir='ltr'>Αἷτίαν</span> <span class='ocrx_word' id='word_1_408' title='bbox 1644 396 1681 434; x_wconf 84' lang='grc' dir='ltr'>δὲ</span> <span class='ocrx_word' id='word_1_409' title='bbox 1696 401 1759 445; x_wconf 77' lang='grc' dir='ltr'>τῆς</span> <span class='ocrx_word' id='word_1_410' title='bbox 1776 399 2015 452; x_wconf 87' lang='grc' dir='ltr'>ἀνοσιουργίας</span> <span class='ocrx_word' id='word_1_411' title='bbox 2037 404 2140 449; x_wconf 85' lang='grc' dir='ltr'>τ’ἧσδε</span> <span class='ocrx_word' id='word_1_412' title='bbox 2161 420 2221 456; x_wconf 87' lang='grc' dir='ltr'>γε-</span> 
     </span>
     <span class='ocr_line' id='line_1_52' title="bbox 1184 453 2224 515; baseline 0.012 -26"><span class='ocrx_word' id='word_1_413' title='bbox 1184 455 1349 503; x_wconf 75' lang='grc' dir='ltr'>γενῆσθαι</span> <span class='ocrx_word' id='word_1_414' title='bbox 1371 453 1527 492; x_wconf 75' lang='grc' dir='ltr'>Σαὸίναν</span> <span class='ocrx_word' id='word_1_415' title='bbox 1545 455 1692 504; x_wconf 81' lang='grc' dir='ltr'>γυναῖκα</span> <span class='ocrx_word' id='word_1_416' title='bbox 1711 455 1828 506; x_wconf 88' lang='grc' dir='ltr'>γένους</span> <span class='ocrx_word' id='word_1_417' title='bbox 1853 458 2053 510; x_wconf 75' lang='grc' dir='ltr'>ἐπιφανοῦς·</span> <span class='ocrx_word' id='word_1_418' title='bbox 2077 456 2118 508; x_wconf 76' lang='grc' dir='ltr'>ἧς</span> <span class='ocrx_word' id='word_1_419' title='bbox 2142 464 2224 515; x_wconf 89' lang='grc' dir='ltr'>ἐρα-</span> 
     </span>
     <span class='ocr_line' id='line_1_53' title="bbox 1186 509 2224 572; baseline 0.012 -25"><span class='ocrx_word' id='word_1_420' title='bbox 1186 510 1275 553; x_wconf 78' lang='grc' dir='ltr'>σθεὶς</span> <span class='ocrx_word' id='word_1_421' title='bbox 1291 513 1308 548; x_wconf 80' lang='grc' dir='ltr'>ὃ</span> <span class='ocrx_word' id='word_1_422' title='bbox 1323 509 1445 562; x_wconf 87' lang='grc' dir='ltr'>Νέρων</span> <span class='ocrx_word' id='word_1_423' title='bbox 1465 513 1602 563; x_wconf 90' lang='grc' dir='ltr'>πρῶτον</span> <span class='ocrx_word' id='word_1_424' title='bbox 1621 512 1682 562; x_wconf 80' lang='grc' dir='ltr'>μὲν</span> <span class='ocrx_word' id='word_1_425' title='bbox 1704 514 1809 560; x_wconf 80' lang='grc' dir='ltr'>αὐτὴν</span> <span class='ocrx_word' id='word_1_426' title='bbox 1828 514 1912 566; x_wconf 84' lang='grc' dir='ltr'>πρὸς</span> <span class='ocrx_word' id='word_1_427' title='bbox 1931 516 2007 567; x_wconf 86' lang='grc' dir='ltr'>βίαν</span> <span class='ocrx_word' id='word_1_428' title='bbox 2029 522 2088 557; x_wconf 78' lang='grc' dir='ltr'>τοῦ</span> <span class='ocrx_word' id='word_1_429' title='bbox 2104 521 2224 572; x_wconf 78' lang='grc' dir='ltr'>ἀνδρὸς</span> 
     </span>
     <span class='ocr_line' id='line_1_54' title="bbox 1188 568 2224 621; baseline 0.009 -14"><span class='ocrx_word' id='word_1_430' title='bbox 1188 568 1345 607; x_wconf 86' lang='grc' dir='ltr'>Ποπλίου</span> <span class='ocrx_word' id='word_1_431' title='bbox 1366 569 1566 621; x_wconf 80' lang='grc' dir='ltr'>ἀπήγαγεν·</span> <span class='ocrx_word' id='word_1_432' title='bbox 1587 569 1706 609; x_wconf 83' lang='grc' dir='ltr'>ἔπειτα</span> <span class='ocrx_word' id='word_1_433' title='bbox 1735 571 1796 610; x_wconf 75' lang='grc' dir='ltr'>σὺν</span> <span class='ocrx_word' id='word_1_434' title='bbox 1820 578 1894 616; x_wconf 88' lang='grc' dir='ltr'>ταῖς</span> <span class='ocrx_word' id='word_1_435' title='bbox 1919 575 2112 614; x_wconf 87' lang='grc' dir='ltr'>παλλακίσι</span> <span class='ocrx_word' id='word_1_436' title='bbox 2137 579 2224 617; x_wconf 88' lang='grc' dir='ltr'>τάτ-</span> 
     </span>
     <span class='ocr_line' id='line_1_55' title="bbox 1185 627 2223 682; baseline 0.011 -18"><span class='ocrx_word' id='word_1_437' title='bbox 1185 642 1254 665; x_wconf 89' lang='grc' dir='ltr'>τειν</span> <span class='ocrx_word' id='word_1_438' title='bbox 1273 629 1335 665; x_wconf 86' lang='grc' dir='ltr'>οὖκ</span> <span class='ocrx_word' id='word_1_439' title='bbox 1351 627 1605 680; x_wconf 84' lang='grc' dir='ltr'>ἀνασχόμενος,</span> <span class='ocrx_word' id='word_1_440' title='bbox 1635 630 1726 667; x_wconf 86' lang='grc' dir='ltr'>ἀλλὰ</span> <span class='ocrx_word' id='word_1_441' title='bbox 1747 630 1905 682; x_wconf 84' lang='grc' dir='ltr'>γαμετὴν</span> <span class='ocrx_word' id='word_1_442' title='bbox 1931 632 2143 679; x_wconf 89' lang='grc' dir='ltr'>ποιήσασθαι</span> <span class='ocrx_word' id='word_1_443' title='bbox 2163 637 2223 674; x_wconf 84' lang='grc' dir='ltr'>διε·</span> 
     </span>
     <span class='ocr_line' id='line_1_56' title="bbox 1185 684 2226 741; baseline 0.007 -19"><span class='ocrx_word' id='word_1_444' title='bbox 1185 684 1342 736; x_wconf 86' lang='grc' dir='ltr'>γνωκὼς,</span> <span class='ocrx_word' id='word_1_445' title='bbox 1368 685 1432 732; x_wconf 78' lang='grc' dir='ltr'>τὴν</span> <span class='ocrx_word' id='word_1_446' title='bbox 1459 687 1521 737; x_wconf 84' lang='grc' dir='ltr'>μὲν</span> <span class='ocrx_word' id='word_1_447' title='bbox 1542 687 1768 740; x_wconf 78' lang='grc' dir='ltr'>Ἀγριππίνης</span> <span class='ocrx_word' id='word_1_448' title='bbox 1792 690 1990 741; x_wconf 86' lang='grc' dir='ltr'>ἀφαιρεῖται</span> <span class='ocrx_word' id='word_1_449' title='bbox 2011 692 2129 741; x_wconf 80' lang='grc' dir='ltr'>τιμὴν,</span> <span class='ocrx_word' id='word_1_450' title='bbox 2154 695 2226 734; x_wconf 57' lang='lat' dir='ltr'>Ab·</span> 
     </span>
     <span class='ocr_line' id='line_1_57' title="bbox 1185 743 2226 794; baseline 0.01 -14"><span class='ocrx_word' id='word_1_451' title='bbox 1185 743 1334 794; x_wconf 88' lang='grc' dir='ltr'>γούσταν</span> <span class='ocrx_word' id='word_1_452' title='bbox 1364 743 1401 782; x_wconf 82' lang='grc' dir='ltr'>δὲ</span> <span class='ocrx_word' id='word_1_453' title='bbox 1428 743 1492 791; x_wconf 88' lang='grc' dir='ltr'>τὴν</span> <span class='ocrx_word' id='word_1_454' title='bbox 1525 744 1684 783; x_wconf 73' lang='grc' dir='ltr'>Σαὸίναν</span> <span class='ocrx_word' id='word_1_455' title='bbox 1705 746 1961 785; x_wconf 85' lang='grc' dir='ltr'>ἀποδείκνυσιν·</span> <span class='ocrx_word' id='word_1_456' title='bbox 1980 750 2025 791; x_wconf 83' lang='grc' dir='ltr'>ὡς</span> <span class='ocrx_word' id='word_1_457' title='bbox 2047 750 2086 787; x_wconf 88' lang='grc' dir='ltr'>ἐκ</span> <span class='ocrx_word' id='word_1_458' title='bbox 2105 750 2226 790; x_wconf 85' lang='grc' dir='ltr'>τούτου</span> 
     </span>
     <span class='ocr_line' id='line_1_58' title="bbox 1187 802 2227 859; baseline 0.009 -20"><span class='ocrx_word' id='word_1_459' title='bbox 1187 802 1321 840; x_wconf 87' lang='grc' dir='ltr'>ἀνόσιόν</span> <span class='ocrx_word' id='word_1_460' title='bbox 1341 818 1376 840; x_wconf 85' lang='grc' dir='ltr'>τι</span> <span class='ocrx_word' id='word_1_461' title='bbox 1404 802 1463 840; x_wconf 84' lang='grc' dir='ltr'>καὶ</span> <span class='ocrx_word' id='word_1_462' title='bbox 1493 803 1714 854; x_wconf 81' lang='grc' dir='ltr'>μιαρώτατον</span> <span class='ocrx_word' id='word_1_463' title='bbox 1745 804 1844 857; x_wconf 87' lang='grc' dir='ltr'>ἔργον</span> <span class='ocrx_word' id='word_1_464' title='bbox 1871 804 1932 851; x_wconf 76' lang='grc' dir='ltr'>τὴν</span> <span class='ocrx_word' id='word_1_465' title='bbox 1957 806 2092 859; x_wconf 87' lang='grc' dir='ltr'>μητέρα</span> <span class='ocrx_word' id='word_1_466' title='bbox 2122 810 2227 848; x_wconf 79' lang='grc' dir='ltr'>αὐτοῦ</span> 
     </span>
     <span class='ocr_line' id='line_1_59' title="bbox 1186 858 2226 914; baseline 0.008 -17"><span class='ocrx_word' id='word_1_467' title='bbox 1186 861 1392 911; x_wconf 63' lang='grc' dir='ltr'>μελετῆσαι.</span> <span class='ocrx_word' id='word_1_468' title='bbox 1411 858 1556 914; x_wconf 71' lang='grc' dir='ltr'>“Ωσπερ</span> <span class='ocrx_word' id='word_1_469' title='bbox 1571 861 1638 914; x_wconf 82' lang='grc' dir='ltr'>γὰρ</span> <span class='ocrx_word' id='word_1_470' title='bbox 1658 862 1714 900; x_wconf 85' lang='grc' dir='ltr'>τὸν</span> <span class='ocrx_word' id='word_1_471' title='bbox 1739 866 1826 901; x_wconf 85' lang='grc' dir='ltr'>θεῖον</span> <span class='ocrx_word' id='word_1_472' title='bbox 1847 865 1955 910; x_wconf 80' lang='grc' dir='ltr'>αὖτῆς</span> <span class='ocrx_word' id='word_1_473' title='bbox 1973 864 2030 902; x_wconf 82' lang='grc' dir='ltr'>τὸν</span> <span class='ocrx_word' id='word_1_474' title='bbox 2053 867 2226 906; x_wconf 87' lang='grc' dir='ltr'>Κλαύδιον</span> 
     </span>
     <span class='ocr_line' id='line_1_60' title="bbox 1185 918 2227 972; baseline 0.008 -16"><span class='ocrx_word' id='word_1_475' title='bbox 1185 921 1231 962; x_wconf 87' lang='grc' dir='ltr'>εἷς</span> <span class='ocrx_word' id='word_1_476' title='bbox 1251 918 1362 972; x_wconf 80' lang='grc' dir='ltr'>ἔρωτα</span> <span class='ocrx_word' id='word_1_477' title='bbox 1383 919 1617 972; x_wconf 84' lang='grc' dir='ltr'>φαρμακείαις</span> <span class='ocrx_word' id='word_1_478' title='bbox 1634 920 1831 971; x_wconf 82' lang='grc' dir='ltr'>εἰσήγαγεν,</span> <span class='ocrx_word' id='word_1_479' title='bbox 1848 921 1938 960; x_wconf 80' lang='grc' dir='ltr'>οὕτω</span> <span class='ocrx_word' id='word_1_480' title='bbox 1953 922 2082 961; x_wconf 74' lang='grc' dir='ltr'>καὶτὸν</span> <span class='ocrx_word' id='word_1_481' title='bbox 2102 926 2227 965; x_wconf 78' lang='grc' dir='ltr'>ἑαυτοῦ</span> 
     </span>
     <span class='ocr_line' id='line_1_61' title="bbox 1185 978 2227 1036; baseline 0.009 -22"><span class='ocrx_word' id='word_1_482' title='bbox 1185 979 1296 1015; x_wconf 86' lang='grc' dir='ltr'>παῖδα</span> <span class='ocrx_word' id='word_1_483' title='bbox 1330 978 1415 1031; x_wconf 81' lang='grc' dir='ltr'>πρὸς</span> <span class='ocrx_word' id='word_1_484' title='bbox 1451 978 1514 1024; x_wconf 78' lang='grc' dir='ltr'>τὴν</span> <span class='ocrx_word' id='word_1_485' title='bbox 1555 979 1720 1026; x_wconf 84' lang='grc' dir='ltr'>τοιαύτην</span> <span class='ocrx_word' id='word_1_486' title='bbox 1759 979 1962 1018; x_wconf 72' lang='grc' dir='ltr'>δυσσέὸειαν</span> <span class='ocrx_word' id='word_1_487' title='bbox 2001 982 2227 1036; x_wconf 84' lang='grc' dir='ltr'>παρέτρεψεν.</span> 
     </span>
     <span class='ocr_line' id='line_1_62' title="bbox 1186 1035 2228 1092; baseline 0.007 -18"><span class='ocrx_word' id='word_1_488' title='bbox 1186 1036 1276 1075; x_wconf 85' lang='grc' dir='ltr'>Ἀλλ’</span> <span class='ocrx_word' id='word_1_489' title='bbox 1291 1035 1384 1085; x_wconf 78' lang='grc' dir='ltr'>ὅμως</span> <span class='ocrx_word' id='word_1_490' title='bbox 1404 1036 1464 1074; x_wconf 79' lang='grc' dir='ltr'>καὶ</span> <span class='ocrx_word' id='word_1_491' title='bbox 1483 1037 1571 1087; x_wconf 80' lang='grc' dir='ltr'>μετὰ</span> <span class='ocrx_word' id='word_1_492' title='bbox 1596 1037 1657 1081; x_wconf 87' lang='grc' dir='ltr'>τὰς</span> <span class='ocrx_word' id='word_1_493' title='bbox 1678 1037 1842 1082; x_wconf 88' lang='grc' dir='ltr'>τοιαύτας</span> <span class='ocrx_word' id='word_1_494' title='bbox 1873 1038 2013 1092; x_wconf 83' lang='grc' dir='ltr'>πράξεις</span> <span class='ocrx_word' id='word_1_495' title='bbox 2034 1041 2228 1088; x_wconf 69' lang='grc' dir='ltr'>διαὸληθεῒ-</span> 
     </span>
     <span class='ocr_line' id='line_1_63' title="bbox 1185 1094 2226 1150; baseline 0.009 -19"><span class='ocrx_word' id='word_1_496' title='bbox 1185 1094 1249 1131; x_wconf 88' lang='grc' dir='ltr'>σάν</span> <span class='ocrx_word' id='word_1_497' title='bbox 1270 1098 1300 1133; x_wconf 81' lang='grc' dir='ltr'>οἱ</span> <span class='ocrx_word' id='word_1_498' title='bbox 1321 1094 1405 1147; x_wconf 81' lang='grc' dir='ltr'>πρὸς</span> <span class='ocrx_word' id='word_1_499' title='bbox 1421 1098 1483 1141; x_wconf 76' lang='grc' dir='ltr'>τῆς</span> <span class='ocrx_word' id='word_1_500' title='bbox 1504 1095 1681 1146; x_wconf 70' lang='grc' dir='ltr'>Σαὸίνης,</span> <span class='ocrx_word' id='word_1_501' title='bbox 1703 1096 1873 1149; x_wconf 83' lang='grc' dir='ltr'>Ἀνικήτῳ</span> <span class='ocrx_word' id='word_1_502' title='bbox 1890 1098 1956 1135; x_wconf 83' lang='grc' dir='ltr'>τινὶ</span> <span class='ocrx_word' id='word_1_503' title='bbox 1976 1101 2044 1136; x_wconf 87' lang='grc' dir='ltr'>τῶν</span> <span class='ocrx_word' id='word_1_504' title='bbox 2066 1115 2226 1150; x_wconf 85' lang='grc' dir='ltr'>σωματο-</span> 
     </span>
     <span class='ocr_line' id='line_1_64' title="bbox 1185 1150 2227 1210; baseline 0.008 -20"><span class='ocrx_word' id='word_1_505' title='bbox 1185 1152 1347 1205; x_wconf 83' lang='grc' dir='ltr'>φυλάκων</span> <span class='ocrx_word' id='word_1_506' title='bbox 1365 1153 1450 1206; x_wconf 86' lang='grc' dir='ltr'>πρὸς</span> <span class='ocrx_word' id='word_1_507' title='bbox 1466 1153 1652 1206; x_wconf 81' lang='grc' dir='ltr'>διαφθορὰν</span> <span class='ocrx_word' id='word_1_508' title='bbox 1674 1154 1822 1199; x_wconf 70' lang='grc' dir='ltr'>ἐξέδοτο.</span> <span class='ocrx_word' id='word_1_509' title='bbox 1843 1150 1898 1194; x_wconf 65' lang='lat' dir='ltr'>OE</span> <span class='ocrx_word' id='word_1_510' title='bbox 1918 1159 2121 1207; x_wconf 85' lang='grc' dir='ltr'>γενομένου,</span> <span class='ocrx_word' id='word_1_511' title='bbox 2140 1159 2227 1210; x_wconf 83' lang='grc' dir='ltr'>ἔγνω</span> 
     </span>
     <span class='ocr_line' id='line_1_65' title="bbox 1185 1211 2227 1264; baseline 0.008 -16"><span class='ocrx_word' id='word_1_512' title='bbox 1185 1226 1222 1248; x_wconf 91' lang='grc' dir='ltr'>τε</span> <span class='ocrx_word' id='word_1_513' title='bbox 1239 1211 1352 1258; x_wconf 89' lang='grc' dir='ltr'>ἐκείνη</span> <span class='ocrx_word' id='word_1_514' title='bbox 1367 1211 1427 1249; x_wconf 82' lang='grc' dir='ltr'>καὶ</span> <span class='ocrx_word' id='word_1_515' title='bbox 1439 1212 1657 1259; x_wconf 81' lang='grc' dir='ltr'>ἀνεπήδησεν</span> <span class='ocrx_word' id='word_1_516' title='bbox 1678 1216 1716 1252; x_wconf 84' lang='grc' dir='ltr'>ἐκ</span> <span class='ocrx_word' id='word_1_517' title='bbox 1736 1216 1798 1260; x_wconf 83' lang='grc' dir='ltr'>τ’ῆς</span> <span class='ocrx_word' id='word_1_518' title='bbox 1818 1214 1951 1262; x_wconf 88' lang='grc' dir='ltr'>κλίνης,</span> <span class='ocrx_word' id='word_1_519' title='bbox 1968 1214 2031 1260; x_wconf 85' lang='grc' dir='ltr'>τήν</span> <span class='ocrx_word' id='word_1_520' title='bbox 2048 1231 2085 1254; x_wconf 92' lang='grc' dir='ltr'>τε</span> <span class='ocrx_word' id='word_1_521' title='bbox 2099 1218 2227 1264; x_wconf 80' lang='grc' dir='ltr'>ἐσθῆτα</span> 
     </span>
     <span class='ocr_line' id='line_1_66' title="bbox 1183 1269 2226 1324; baseline 0.008 -18"><span class='ocrx_word' id='word_1_522' title='bbox 1183 1269 1452 1322; x_wconf 83' lang='grc' dir='ltr'>περιερρήξατο,</span> <span class='ocrx_word' id='word_1_523' title='bbox 1470 1270 1530 1308; x_wconf 81' lang='grc' dir='ltr'>καὶ</span> <span class='ocrx_word' id='word_1_524' title='bbox 1545 1270 1607 1318; x_wconf 86' lang='grc' dir='ltr'>τὴν</span> <span class='ocrx_word' id='word_1_525' title='bbox 1624 1271 1778 1324; x_wconf 84' lang='grc' dir='ltr'>γαστέρα</span> <span class='ocrx_word' id='word_1_526' title='bbox 1802 1272 2035 1323; x_wconf 85' lang='grc' dir='ltr'>γυμνώσασα,</span> <span class='ocrx_word' id='word_1_527' title='bbox 2067 1292 2082 1308; x_wconf 74' lang='grc' dir='ltr'>ιι</span> <span class='ocrx_word' id='word_1_528' title='bbox 2116 1276 2226 1324; x_wconf 64' lang='lat' dir='ltr'>flate,</span> 
     </span>
     <span class='ocr_line' id='line_1_67' title="bbox 1185 1328 2229 1382; baseline 0.007 -17"><span class='ocrx_word' id='word_1_529' title='bbox 1185 1328 1268 1380; x_wconf 87' lang='grc' dir='ltr'>ἔφη,</span> <span class='ocrx_word' id='word_1_530' title='bbox 1291 1329 1438 1377; x_wconf 86' lang='grc' dir='ltr'>ταύτην,</span> <span class='ocrx_word' id='word_1_531' title='bbox 1461 1328 1636 1376; x_wconf 85' lang='grc' dir='ltr'>Ἀνίκητε,</span> <span class='ocrx_word' id='word_1_532' title='bbox 1668 1328 1720 1368; x_wconf 77' lang='grc' dir='ltr'>ὅτι</span> <span class='ocrx_word' id='word_1_533' title='bbox 1742 1330 1887 1382; x_wconf 85' lang='grc' dir='ltr'>Νέρωνα</span> <span class='ocrx_word' id='word_1_534' title='bbox 1907 1330 2013 1369; x_wconf 85' lang='grc' dir='ltr'>ἔτεκε.</span> <span class='ocrx_word' id='word_1_535' title='bbox 2036 1350 2051 1366; x_wconf 70' lang='grc' dir='ltr'>ι»</span> <span class='ocrx_word' id='word_1_536' title='bbox 2079 1333 2150 1371; x_wconf 78' lang='grc' dir='ltr'>Καὶ</span> <span class='ocrx_word' id='word_1_537' title='bbox 2166 1333 2229 1378; x_wconf 81' lang='grc' dir='ltr'>τὰς</span> 
     </span>
     <span class='ocr_line' id='line_1_68' title="bbox 1184 1386 2224 1443; baseline 0.006 -20"><span class='ocrx_word' id='word_1_538' title='bbox 1184 1386 1348 1439; x_wconf 88' lang='grc' dir='ltr'>περιττὰς</span> <span class='ocrx_word' id='word_1_539' title='bbox 1361 1387 1502 1440; x_wconf 88' lang='grc' dir='ltr'>μιαρίας</span> <span class='ocrx_word' id='word_1_540' title='bbox 1512 1387 1783 1440; x_wconf 82' lang='grc' dir='ltr'>προεγράψαμεν</span> <span class='ocrx_word' id='word_1_541' title='bbox 1798 1390 1837 1427; x_wconf 87' lang='grc' dir='ltr'>ἐκ</span> <span class='ocrx_word' id='word_1_542' title='bbox 1850 1390 2071 1441; x_wconf 78' lang='grc' dir='ltr'>τῆςὶστορίας</span> <span class='ocrx_word' id='word_1_543' title='bbox 2082 1391 2224 1443; x_wconf 89' lang='grc' dir='ltr'>Δίωνος,</span> 
     </span>
     <span class='ocr_line' id='line_1_69' title="bbox 1187 1444 2226 1502; baseline 0.006 -21"><span class='ocrx_word' id='word_1_544' title='bbox 1187 1444 1268 1497; x_wconf 88' lang='grc' dir='ltr'>περί</span> <span class='ocrx_word' id='word_1_545' title='bbox 1290 1461 1328 1483; x_wconf 89' lang='grc' dir='ltr'>τε</span> <span class='ocrx_word' id='word_1_546' title='bbox 1355 1449 1418 1492; x_wconf 72' lang='grc' dir='ltr'>τῆς</span> <span class='ocrx_word' id='word_1_547' title='bbox 1453 1445 1702 1497; x_wconf 90' lang='grc' dir='ltr'>μητροκτονίας</span> <span class='ocrx_word' id='word_1_548' title='bbox 1724 1445 1784 1484; x_wconf 83' lang='grc' dir='ltr'>καὶ</span> <span class='ocrx_word' id='word_1_549' title='bbox 1814 1450 1874 1485; x_wconf 78' lang='grc' dir='ltr'>τοῦ</span> <span class='ocrx_word' id='word_1_550' title='bbox 1896 1447 2036 1500; x_wconf 88' lang='grc' dir='ltr'>Σπόρου</span> <span class='ocrx_word' id='word_1_551' title='bbox 2057 1452 2118 1486; x_wconf 80' lang='grc' dir='ltr'>τοῦ</span> <span class='ocrx_word' id='word_1_552' title='bbox 2140 1451 2226 1502; x_wconf 80' lang='grc' dir='ltr'>ἐρω-</span> 
     </span>
     <span class='ocr_line' id='line_1_70' title="bbox 1186 1503 1616 1553; baseline 0.002 -12"><span class='ocrx_word' id='word_1_553' title='bbox 1186 1503 1291 1553; x_wconf 85' lang='grc' dir='ltr'>μένου</span> <span class='ocrx_word' id='word_1_554' title='bbox 1308 1504 1367 1542; x_wconf 77' lang='grc' dir='ltr'>καὶ</span> <span class='ocrx_word' id='word_1_555' title='bbox 1387 1506 1456 1542; x_wconf 90' lang='grc' dir='ltr'>τῶν</span> <span class='ocrx_word' id='word_1_556' title='bbox 1474 1504 1616 1542; x_wconf 90' lang='grc' dir='ltr'>λοιπῶν.</span> 
     </span>
    </p>
   </div>
   <div class='ocr_carea' id='block_1_7' title="bbox 1181 1584 2231 3071">
    <p class='ocr_par' dir='ltr' id='par_1_7' title="bbox 1675 1584 1766 1641">
     <span class='ocr_line' id='line_1_71' title="bbox 1675 1584 1766 1641; baseline -0.011 -13"><span class='ocrx_word' id='word_1_557' title='bbox 1675 1605 1738 1641; x_wconf 85' lang='grc' dir='ltr'>9ι.</span> <span class='ocrx_word' id='word_1_558' title='bbox 1763 1584 1766 1587; x_wconf 45' lang='grc'><strong><em>’</em></strong></span> 
     </span>
    </p>

    <p class='ocr_par' dir='ltr' id='par_1_8' title="bbox 1181 1671 2231 3071">
     <span class='ocr_line' id='line_1_72' title="bbox 1238 1671 2230 1727; baseline 0.004 -17"><span class='ocrx_word' id='word_1_559' title='bbox 1238 1676 1329 1711; x_wconf 87' lang='lat' dir='ltr'><strong>Exc.</strong></span> <span class='ocrx_word' id='word_1_560' title='bbox 1347 1676 1405 1711; x_wconf 85' lang='lat' dir='ltr'>De</span> <span class='ocrx_word' id='word_1_561' title='bbox 1425 1675 1493 1712; x_wconf 83' lang='lat' dir='ltr'>ins.</span> <span class='ocrx_word' id='word_1_562' title='bbox 1517 1687 1558 1723; x_wconf 89' lang='lat' dir='ltr'>p.</span> <span class='ocrx_word' id='word_1_563' title='bbox 1581 1678 1629 1716; x_wconf 73' lang='lat'>24</span> <span class='ocrx_word' id='word_1_564' title='bbox 1666 1687 1674 1710; x_wconf 89' lang='lat'>:</span> <span class='ocrx_word' id='word_1_565' title='bbox 1700 1671 1788 1712; x_wconf 83' lang='grc' dir='ltr'>’Ὀτι</span> <span class='ocrx_word' id='word_1_566' title='bbox 1828 1674 1863 1711; x_wconf 86' lang='grc' dir='ltr'>ἐν</span> <span class='ocrx_word' id='word_1_567' title='bbox 1894 1676 1936 1726; x_wconf 83' lang='grc' dir='ltr'>τῇ</span> <span class='ocrx_word' id='word_1_568' title='bbox 1963 1673 2101 1727; x_wconf 71' lang='grc' dir='ltr'>Ἰὅηρία</span> <span class='ocrx_word' id='word_1_569' title='bbox 2126 1675 2230 1720; x_wconf 87' lang='grc' dir='ltr'>Γάϊος</span> 
     </span>
     <span class='ocr_line' id='line_1_73' title="bbox 1186 1731 2228 1784; baseline 0.003 -14"><span class='ocrx_word' id='word_1_570' title='bbox 1186 1731 1327 1776; x_wconf 87' lang='grc' dir='ltr'>Ἰούλιος</span> <span class='ocrx_word' id='word_1_571' title='bbox 1346 1731 1487 1776; x_wconf 75' lang='grc' dir='ltr'>Οὐίνδιξ</span> <span class='ocrx_word' id='word_1_572' title='bbox 1516 1731 1747 1769; x_wconf 88' lang='grc' dir='ltr'>ἐπανίσταται</span> <span class='ocrx_word' id='word_1_573' title='bbox 1764 1733 1813 1784; x_wconf 83' lang='grc' dir='ltr'>τῷ</span> <span class='ocrx_word' id='word_1_574' title='bbox 1838 1731 1999 1784; x_wconf 88' lang='grc' dir='ltr'>Νέρωνι,</span> <span class='ocrx_word' id='word_1_575' title='bbox 2018 1734 2166 1778; x_wconf 86' lang='grc' dir='ltr'>πολλούς</span> <span class='ocrx_word' id='word_1_576' title='bbox 2191 1751 2228 1773; x_wconf 90' lang='grc' dir='ltr'>τε</span> 
     </span>
     <span class='ocr_line' id='line_1_74' title="bbox 1185 1789 2226 1843; baseline 0.002 -15"><span class='ocrx_word' id='word_1_577' title='bbox 1185 1793 1252 1828; x_wconf 88' lang='grc' dir='ltr'>τῶν</span> <span class='ocrx_word' id='word_1_578' title='bbox 1274 1793 1336 1837; x_wconf 83' lang='grc' dir='ltr'>τῆς</span> <span class='ocrx_word' id='word_1_579' title='bbox 1367 1789 1564 1842; x_wconf 86' lang='grc' dir='ltr'>συγκλήτου</span> <span class='ocrx_word' id='word_1_580' title='bbox 1598 1792 1724 1842; x_wconf 76' lang='grc' dir='ltr'>βουλῆς</span> <span class='ocrx_word' id='word_1_581' title='bbox 1749 1790 1914 1843; x_wconf 82' lang='grc' dir='ltr'>φυγάδων</span> <span class='ocrx_word' id='word_1_582' title='bbox 1941 1791 2226 1842; x_wconf 72' lang='grc' dir='ltr'>προσλαὸόμενος</span> 
     </span>
     <span class='ocr_line' id='line_1_75' title="bbox 1186 1847 2229 1900; baseline 0.001 -13"><span class='ocrx_word' id='word_1_583' title='bbox 1186 1848 1328 1888; x_wconf 75' lang='grc' dir='ltr'>Γάλὸαν</span> <span class='ocrx_word' id='word_1_584' title='bbox 1353 1847 1575 1886; x_wconf 90' lang='grc' dir='ltr'>ἀποδείκνυσι</span> <span class='ocrx_word' id='word_1_585' title='bbox 1599 1847 1765 1900; x_wconf 88' lang='grc' dir='ltr'>βασιλέα·</span> <span class='ocrx_word' id='word_1_586' title='bbox 1788 1848 1821 1892; x_wconf 85' lang='grc' dir='ltr'>ὃς</span> <span class='ocrx_word' id='word_1_587' title='bbox 1840 1848 1901 1892; x_wconf 83' lang='grc' dir='ltr'>τὰς</span> <span class='ocrx_word' id='word_1_588' title='bbox 1922 1849 2085 1899; x_wconf 86' lang='grc' dir='ltr'>δυνάμεις</span> <span class='ocrx_word' id='word_1_589' title='bbox 2104 1850 2229 1896; x_wconf 75' lang='grc' dir='ltr'>εὐθέως</span> 
     </span>
     <span class='ocr_line' id='line_1_76' title="bbox 1184 1906 2228 1960; baseline 0.001 -15"><span class='ocrx_word' id='word_1_590' title='bbox 1184 1907 1383 1954; x_wconf 79' lang='grc' dir='ltr'>ἐξοπλίσας,</span> <span class='ocrx_word' id='word_1_591' title='bbox 1401 1907 1460 1945; x_wconf 89' lang='grc' dir='ltr'>καὶ</span> <span class='ocrx_word' id='word_1_592' title='bbox 1477 1907 1593 1945; x_wconf 88' lang='grc' dir='ltr'>πάντα</span> <span class='ocrx_word' id='word_1_593' title='bbox 1607 1906 1650 1945; x_wconf 86' lang='grc' dir='ltr'>τὰ</span> <span class='ocrx_word' id='word_1_594' title='bbox 1664 1907 1748 1957; x_wconf 81' lang='grc' dir='ltr'>πρὸς</span> <span class='ocrx_word' id='word_1_595' title='bbox 1757 1906 1814 1944; x_wconf 81' lang='grc' dir='ltr'>τὸν</span> <span class='ocrx_word' id='word_1_596' title='bbox 1834 1907 1989 1955; x_wconf 89' lang='grc' dir='ltr'>πόλεμον</span> <span class='ocrx_word' id='word_1_597' title='bbox 2004 1923 2228 1960; x_wconf 84' lang='grc' dir='ltr'>παρασκευα-</span> 
     </span>
     <span class='ocr_line' id='line_1_77' title="bbox 1185 1964 2228 2019; baseline 0.001 -16"><span class='ocrx_word' id='word_1_598' title='bbox 1185 1966 1334 2015; x_wconf 89' lang='grc' dir='ltr'>σάμενος</span> <span class='ocrx_word' id='word_1_599' title='bbox 1354 1965 1410 2003; x_wconf 75' lang='grc' dir='ltr'>ἐπὶ</span> <span class='ocrx_word' id='word_1_600' title='bbox 1430 1965 1491 2012; x_wconf 80' lang='grc' dir='ltr'>τὴν</span> <span class='ocrx_word' id='word_1_601' title='bbox 1515 1965 1662 2015; x_wconf 84' lang='grc' dir='ltr'>Ῥώμην</span> <span class='ocrx_word' id='word_1_602' title='bbox 1688 1964 1837 2006; x_wconf 86' lang='grc' dir='ltr'>ἐλαύνει.</span> <span class='ocrx_word' id='word_1_603' title='bbox 1863 1965 1908 2004; x_wconf 78' lang='lat' dir='ltr'>‘O</span> <span class='ocrx_word' id='word_1_604' title='bbox 1928 1969 2008 2016; x_wconf 74' lang='grc' dir='ltr'>γοῦν</span> <span class='ocrx_word' id='word_1_605' title='bbox 2032 1965 2169 2019; x_wconf 86' lang='grc' dir='ltr'>Νέρων,</span> <span class='ocrx_word' id='word_1_606' title='bbox 2190 1969 2228 2005; x_wconf 80' lang='grc' dir='ltr'>οὐ</span> 
     </span>
     <span class='ocr_line' id='line_1_78' title="bbox 1191 2023 2228 2077; baseline 0.002 -15"><span class='ocrx_word' id='word_1_607' title='bbox 1191 2025 1339 2077; x_wconf 87' lang='grc' dir='ltr'>μετρίως</span> <span class='ocrx_word' id='word_1_608' title='bbox 1357 2024 1412 2062; x_wconf 79' lang='grc' dir='ltr'>ἐπὶ</span> <span class='ocrx_word' id='word_1_609' title='bbox 1432 2023 1543 2076; x_wconf 84' lang='grc' dir='ltr'>τούτῳ</span> <span class='ocrx_word' id='word_1_610' title='bbox 1563 2024 1747 2076; x_wconf 74' lang='grc' dir='ltr'>ταραχθεὶς</span> <span class='ocrx_word' id='word_1_611' title='bbox 1759 2054 1768 2071; x_wconf 93' lang='grc'>,</span> <span class='ocrx_word' id='word_1_612' title='bbox 1789 2024 1983 2075; x_wconf 81' lang='grc' dir='ltr'>στρατηγὸν</span> <span class='ocrx_word' id='word_1_613' title='bbox 2002 2028 2061 2062; x_wconf 71' lang='grc' dir='ltr'>τοῧ</span> <span class='ocrx_word' id='word_1_614' title='bbox 2075 2024 2228 2075; x_wconf 85' lang='grc' dir='ltr'>πολέμου</span> 
     </span>
     <span class='ocr_line' id='line_1_79' title="bbox 1186 2081 2230 2135; baseline 0 -13"><span class='ocrx_word' id='word_1_615' title='bbox 1186 2084 1333 2135; x_wconf 79' lang='grc' dir='ltr'>Ῥοῦφον</span> <span class='ocrx_word' id='word_1_616' title='bbox 1355 2083 1491 2123; x_wconf 88' lang='grc' dir='ltr'>Γάλλον</span> <span class='ocrx_word' id='word_1_617' title='bbox 1511 2083 1701 2131; x_wconf 85' lang='grc' dir='ltr'>ἐκπέμπει·</span> <span class='ocrx_word' id='word_1_618' title='bbox 1719 2082 1752 2125; x_wconf 78' lang='grc' dir='ltr'>ὃς</span> <span class='ocrx_word' id='word_1_619' title='bbox 1764 2081 1840 2120; x_wconf 83' lang='grc' dir='ltr'>οὐδὲ</span> <span class='ocrx_word' id='word_1_620' title='bbox 1853 2084 1885 2125; x_wconf 84' lang='grc' dir='ltr'>ἐς</span> <span class='ocrx_word' id='word_1_621' title='bbox 1899 2088 2017 2134; x_wconf 84' lang='grc' dir='ltr'>χεῖρας</span> <span class='ocrx_word' id='word_1_622' title='bbox 2026 2084 2132 2120; x_wconf 83' lang='grc' dir='ltr'>ἐλθεῖν</span> <span class='ocrx_word' id='word_1_623' title='bbox 2149 2085 2230 2122; x_wconf 79' lang='grc' dir='ltr'>ἀνα-</span> 
     </span>
     <span class='ocr_line' id='line_1_80' title="bbox 1186 2140 2230 2195; baseline 0 -15"><span class='ocrx_word' id='word_1_624' title='bbox 1186 2142 1351 2195; x_wconf 86' lang='grc' dir='ltr'>σχόμενος</span> <span class='ocrx_word' id='word_1_625' title='bbox 1370 2144 1454 2193; x_wconf 85' lang='grc' dir='ltr'>πρὸς</span> <span class='ocrx_word' id='word_1_626' title='bbox 1472 2141 1530 2180; x_wconf 80' lang='grc' dir='ltr'>τὸν</span> <span class='ocrx_word' id='word_1_627' title='bbox 1550 2141 1709 2190; x_wconf 69' lang='grc' dir='ltr'>Γάλὸαν,</span> <span class='ocrx_word' id='word_1_628' title='bbox 1724 2143 1944 2191; x_wconf 84' lang='grc' dir='ltr'>ὁμολογεῖται</span> <span class='ocrx_word' id='word_1_629' title='bbox 1962 2140 2022 2179; x_wconf 87' lang='grc' dir='ltr'>καὶ</span> <span class='ocrx_word' id='word_1_630' title='bbox 2047 2141 2230 2180; x_wconf 83' lang='grc' dir='ltr'>σπένδεται</span> 
     </span>
     <span class='ocr_line' id='line_1_81' title="bbox 1185 2199 2229 2253; baseline -0.001 -14"><span class='ocrx_word' id='word_1_631' title='bbox 1185 2202 1268 2253; x_wconf 83' lang='grc' dir='ltr'>πρὸς</span> <span class='ocrx_word' id='word_1_632' title='bbox 1287 2200 1344 2238; x_wconf 81' lang='grc' dir='ltr'>τὸν</span> <span class='ocrx_word' id='word_1_633' title='bbox 1361 2199 1550 2238; x_wconf 78' lang='grc' dir='ltr'>Οὐίνδικα·</span> <span class='ocrx_word' id='word_1_634' title='bbox 1567 2199 1666 2242; x_wconf 81' lang='grc' dir='ltr'>αὐτὸς</span> <span class='ocrx_word' id='word_1_635' title='bbox 1683 2199 1744 2249; x_wconf 81' lang='grc' dir='ltr'>μὲν</span> <span class='ocrx_word' id='word_1_636' title='bbox 1758 2202 1826 2237; x_wconf 84' lang='grc' dir='ltr'>τῶν</span> <span class='ocrx_word' id='word_1_637' title='bbox 1845 2200 2005 2239; x_wconf 88' lang='grc' dir='ltr'>Γαλλιῶν</span> <span class='ocrx_word' id='word_1_638' title='bbox 2023 2199 2139 2252; x_wconf 73' lang='grc' dir='ltr'>ἄρχειν</span> <span class='ocrx_word' id='word_1_639' title='bbox 2155 2202 2229 2238; x_wconf 88' lang='grc' dir='ltr'>ἐπι·</span> 
     </span>
     <span class='ocr_line' id='line_1_82' title="bbox 1185 2257 2229 2311; baseline -0.003 -12"><span class='ocrx_word' id='word_1_640' title='bbox 1185 2260 1367 2309; x_wconf 82' lang='grc' dir='ltr'>λεξάμενος</span> <span class='ocrx_word' id='word_1_641' title='bbox 1378 2290 1388 2307; x_wconf 90' lang='grc'>,</span> <span class='ocrx_word' id='word_1_642' title='bbox 1411 2258 1568 2297; x_wconf 82' lang='grc' dir='ltr'>Οὐίνδικι</span> <span class='ocrx_word' id='word_1_643' title='bbox 1584 2257 1619 2295; x_wconf 83' lang='grc' dir='ltr'>δὲ</span> <span class='ocrx_word' id='word_1_644' title='bbox 1639 2257 1700 2303; x_wconf 80' lang='grc' dir='ltr'>τὴν</span> <span class='ocrx_word' id='word_1_645' title='bbox 1716 2257 1875 2310; x_wconf 68' lang='grc' dir='ltr'>Ἰὸηρίαν</span> <span class='ocrx_word' id='word_1_646' title='bbox 1889 2257 2091 2310; x_wconf 80' lang='grc' dir='ltr'>προσήκειν,</span> <span class='ocrx_word' id='word_1_647' title='bbox 2108 2258 2167 2296; x_wconf 81' lang='grc' dir='ltr'>καὶ</span> <span class='ocrx_word' id='word_1_648' title='bbox 2180 2260 2229 2311; x_wconf 84' lang='grc' dir='ltr'>τῷ</span> 
     </span>
     <span class='ocr_line' id='line_1_83' title="bbox 1186 2315 2229 2371; baseline -0.003 -14"><span class='ocrx_word' id='word_1_649' title='bbox 1186 2317 1311 2371; x_wconf 73' lang='grc' dir='ltr'>Γάλὸα</span> <span class='ocrx_word' id='word_1_650' title='bbox 1329 2323 1445 2354; x_wconf 79' lang='grc' dir='ltr'>πᾶσαν</span> <span class='ocrx_word' id='word_1_651' title='bbox 1463 2319 1548 2367; x_wconf 75' lang='grc' dir='ltr'>ὁμοῦ</span> <span class='ocrx_word' id='word_1_652' title='bbox 1566 2315 1628 2363; x_wconf 86' lang='grc' dir='ltr'>τὴν</span> <span class='ocrx_word' id='word_1_653' title='bbox 1646 2315 1813 2362; x_wconf 78' lang='grc' dir='ltr'>Ἰταλίαν,</span> <span class='ocrx_word' id='word_1_654' title='bbox 1830 2315 1889 2353; x_wconf 75' lang='grc' dir='ltr'>καὶ</span> <span class='ocrx_word' id='word_1_655' title='bbox 1903 2316 1967 2354; x_wconf 82' lang='grc' dir='ltr'>ὅσα</span> <span class='ocrx_word' id='word_1_656' title='bbox 1978 2320 2021 2368; x_wconf 82' lang='grc' dir='ltr'>τῇ</span> <span class='ocrx_word' id='word_1_657' title='bbox 2039 2316 2229 2367; x_wconf 67' lang='grc' dir='ltr'>εΡωμαίων</span> 
     </span>
     <span class='ocr_line' id='line_1_84' title="bbox 1185 2373 2230 2429; baseline 0 -15"><span class='ocrx_word' id='word_1_658' title='bbox 1185 2379 1277 2429; x_wconf 71' lang='grc' dir='ltr'>ἀρχῇ</span> <span class='ocrx_word' id='word_1_659' title='bbox 1295 2375 1379 2429; x_wconf 82' lang='grc' dir='ltr'>πρὸς</span> <span class='ocrx_word' id='word_1_660' title='bbox 1393 2374 1550 2422; x_wconf 74' lang='grc' dir='ltr'>ὑπακοὴν</span> <span class='ocrx_word' id='word_1_661' title='bbox 1561 2374 1640 2422; x_wconf 84' lang='grc' dir='ltr'>ἔθνη</span> <span class='ocrx_word' id='word_1_662' title='bbox 1659 2374 1839 2426; x_wconf 79' lang='grc' dir='ltr'>τυγχάνει.</span> <span class='ocrx_word' id='word_1_663' title='bbox 1872 2373 2013 2414; x_wconf 85' lang='grc' dir='ltr'>Τούτων</span> <span class='ocrx_word' id='word_1_664' title='bbox 2031 2376 2145 2419; x_wconf 80' lang='grc' dir='ltr'>αὐτοῖς</span> <span class='ocrx_word' id='word_1_665' title='bbox 2161 2377 2230 2414; x_wconf 85' lang='grc' dir='ltr'>διο-</span> 
     </span>
     <span class='ocr_line' id='line_1_85' title="bbox 1183 2431 2229 2486; baseline -0.001 -14"><span class='ocrx_word' id='word_1_666' title='bbox 1183 2434 1460 2486; x_wconf 90' lang='grc' dir='ltr'>μολογηθέντων,</span> <span class='ocrx_word' id='word_1_667' title='bbox 1481 2433 1568 2477; x_wconf 83' lang='grc' dir='ltr'>τινὲς</span> <span class='ocrx_word' id='word_1_668' title='bbox 1584 2435 1652 2471; x_wconf 92' lang='grc' dir='ltr'>τῶν</span> <span class='ocrx_word' id='word_1_669' title='bbox 1671 2437 1730 2471; x_wconf 81' lang='grc' dir='ltr'>τοῦ</span> <span class='ocrx_word' id='word_1_670' title='bbox 1745 2431 1894 2486; x_wconf 84' lang='grc' dir='ltr'>Ῥούφου</span> <span class='ocrx_word' id='word_1_671' title='bbox 1908 2436 2129 2485; x_wconf 86' lang='grc' dir='ltr'>στρατιωτῶν</span> <span class='ocrx_word' id='word_1_672' title='bbox 2150 2435 2229 2471; x_wconf 89' lang='grc' dir='ltr'>ἐπι-</span> 
     </span>
     <span class='ocr_line' id='line_1_86' title="bbox 1183 2491 2229 2544; baseline -0.003 -13"><span class='ocrx_word' id='word_1_673' title='bbox 1183 2492 1385 2531; x_wconf 66' lang='grc' dir='ltr'>Εουλεύουσι</span> <span class='ocrx_word' id='word_1_674' title='bbox 1404 2494 1452 2544; x_wconf 82' lang='grc' dir='ltr'>τῷ</span> <span class='ocrx_word' id='word_1_675' title='bbox 1473 2491 1649 2538; x_wconf 84' lang='grc' dir='ltr'>Οὐίνδικι,</span> <span class='ocrx_word' id='word_1_676' title='bbox 1670 2491 1793 2543; x_wconf 73' lang='grc' dir='ltr'>ἀγνοίᾳ</span> <span class='ocrx_word' id='word_1_677' title='bbox 1812 2491 1874 2542; x_wconf 83' lang='grc' dir='ltr'>μὲν</span> <span class='ocrx_word' id='word_1_678' title='bbox 1895 2494 1962 2529; x_wconf 86' lang='grc' dir='ltr'>τῶν</span> <span class='ocrx_word' id='word_1_679' title='bbox 1979 2491 2229 2542; x_wconf 83' lang='grc' dir='ltr'>ὁμιληθέντων,</span> 
     </span>
     <span class='ocr_line' id='line_1_87' title="bbox 1182 2548 2229 2602; baseline 0 -15"><span class='ocrx_word' id='word_1_680' title='bbox 1182 2550 1275 2602; x_wconf 86' lang='grc' dir='ltr'>ζήλῳ</span> <span class='ocrx_word' id='word_1_681' title='bbox 1290 2550 1326 2588; x_wconf 82' lang='grc' dir='ltr'>δὲ</span> <span class='ocrx_word' id='word_1_682' title='bbox 1345 2553 1405 2597; x_wconf 72' lang='grc' dir='ltr'>τῆς</span> <span class='ocrx_word' id='word_1_683' title='bbox 1415 2549 1498 2602; x_wconf 82' lang='grc' dir='ltr'>πρὸς</span> <span class='ocrx_word' id='word_1_684' title='bbox 1510 2550 1613 2587; x_wconf 80' lang='grc' dir='ltr'>αὐτὸν</span> <span class='ocrx_word' id='word_1_685' title='bbox 1625 2549 1840 2592; x_wconf 85' lang='grc' dir='ltr'>δυναστείας.</span> <span class='ocrx_word' id='word_1_686' title='bbox 1859 2548 1951 2587; x_wconf 84' lang='grc' dir='ltr'>Ἀλλ’</span> <span class='ocrx_word' id='word_1_687' title='bbox 1964 2552 1980 2587; x_wconf 86' lang='grc' dir='ltr'>ὁ</span> <span class='ocrx_word' id='word_1_688' title='bbox 1995 2548 2056 2599; x_wconf 80' lang='grc' dir='ltr'>μὲν</span> <span class='ocrx_word' id='word_1_689' title='bbox 2075 2549 2229 2596; x_wconf 78' lang='grc' dir='ltr'>Οὐίνδιξ,</span> 
     </span>
     <span class='ocr_line' id='line_1_88' title="bbox 1182 2607 2230 2662; baseline -0.001 -15"><span class='ocrx_word' id='word_1_690' title='bbox 1182 2609 1296 2647; x_wconf 91' lang='grc' dir='ltr'>καίτοι</span> <span class='ocrx_word' id='word_1_691' title='bbox 1327 2609 1452 2662; x_wconf 76' lang='grc' dir='ltr'>ῥαδίως</span> <span class='ocrx_word' id='word_1_692' title='bbox 1483 2608 1670 2658; x_wconf 88' lang='grc' dir='ltr'>δυνάμενος</span> <span class='ocrx_word' id='word_1_693' title='bbox 1699 2611 1870 2654; x_wconf 74' lang='grc' dir='ltr'>σωθῆναι,</span> <span class='ocrx_word' id='word_1_694' title='bbox 1901 2607 2145 2659; x_wconf 84' lang='grc' dir='ltr'>ἀγανακτήσας</span> <span class='ocrx_word' id='word_1_695' title='bbox 2170 2609 2230 2646; x_wconf 81' lang='grc' dir='ltr'>καὶ</span> 
     </span>
     <span class='ocr_line' id='line_1_89' title="bbox 1182 2666 2231 2721; baseline -0.002 -15"><span class='ocrx_word' id='word_1_696' title='bbox 1182 2668 1454 2721; x_wconf 84' lang='grc' dir='ltr'>ὀλοφυράμενος,</span> <span class='ocrx_word' id='word_1_697' title='bbox 1469 2667 1521 2706; x_wconf 78' lang='grc' dir='ltr'>ὅτι</span> <span class='ocrx_word' id='word_1_698' title='bbox 1541 2669 1580 2706; x_wconf 90' lang='grc' dir='ltr'>ἐκ</span> <span class='ocrx_word' id='word_1_699' title='bbox 1600 2671 1668 2705; x_wconf 90' lang='grc' dir='ltr'>τῶν</span> <span class='ocrx_word' id='word_1_700' title='bbox 1686 2667 1964 2720; x_wconf 84' lang='grc' dir='ltr'>ὁμοφρονούντων</span> <span class='ocrx_word' id='word_1_701' title='bbox 1985 2666 2156 2714; x_wconf 81' lang='grc' dir='ltr'>ἐκακώθη,</span> <span class='ocrx_word' id='word_1_702' title='bbox 2171 2667 2231 2704; x_wconf 82' lang='grc' dir='ltr'>καὶ</span> 
     </span>
     <span class='ocr_line' id='line_1_90' title="bbox 1183 2724 2230 2777; baseline -0.003 -12"><span class='ocrx_word' id='word_1_703' title='bbox 1183 2726 1234 2765; x_wconf 80' lang='grc' dir='ltr'>ὅτι</span> <span class='ocrx_word' id='word_1_704' title='bbox 1247 2726 1291 2764; x_wconf 85' lang='grc' dir='ltr'>τὰ</span> <span class='ocrx_word' id='word_1_705' title='bbox 1306 2725 1443 2764; x_wconf 87' lang='grc' dir='ltr'>ἐναντία</span> <span class='ocrx_word' id='word_1_706' title='bbox 1459 2729 1508 2777; x_wconf 84' lang='grc' dir='ltr'>τῷ</span> <span class='ocrx_word' id='word_1_707' title='bbox 1541 2724 1678 2777; x_wconf 87' lang='grc' dir='ltr'>Νέρωνι</span> <span class='ocrx_word' id='word_1_708' title='bbox 1711 2725 1897 2776; x_wconf 85' lang='grc' dir='ltr'>ἀμφότεροι</span> <span class='ocrx_word' id='word_1_709' title='bbox 1922 2724 2131 2777; x_wconf 86' lang='grc' dir='ltr'>πράττοντες</span> <span class='ocrx_word' id='word_1_710' title='bbox 2150 2727 2230 2763; x_wconf 82' lang='grc' dir='ltr'>ἑαυ-</span> 
     </span>
     <span class='ocr_line' id='line_1_91' title="bbox 1182 2783 2230 2835; baseline -0.003 -12"><span class='ocrx_word' id='word_1_711' title='bbox 1182 2784 1258 2829; x_wconf 76' lang='grc' dir='ltr'>τοὺς</span> <span class='ocrx_word' id='word_1_712' title='bbox 1276 2784 1487 2823; x_wconf 83' lang='grc' dir='ltr'>ἀπώλλυσαν</span> <span class='ocrx_word' id='word_1_713' title='bbox 1498 2814 1508 2832; x_wconf 88' lang='grc'>,</span> <span class='ocrx_word' id='word_1_714' title='bbox 1525 2783 1585 2822; x_wconf 74' lang='grc' dir='ltr'>καὶ</span> <span class='ocrx_word' id='word_1_715' title='bbox 1601 2783 1743 2835; x_wconf 89' lang='grc' dir='ltr'>προσέτι</span> <span class='ocrx_word' id='word_1_716' title='bbox 1759 2787 1819 2820; x_wconf 79' lang='grc' dir='ltr'>τοῦ</span> <span class='ocrx_word' id='word_1_717' title='bbox 1842 2784 2054 2835; x_wconf 87' lang='grc' dir='ltr'>ἀνθρωπείου</span> <span class='ocrx_word' id='word_1_718' title='bbox 2073 2783 2148 2834; x_wconf 87' lang='grc' dir='ltr'>βίου</span> <span class='ocrx_word' id='word_1_719' title='bbox 2164 2798 2230 2821; x_wconf 85' lang='grc' dir='ltr'>κα-</span> 
     </span>
     <span class='ocr_line' id='line_1_92' title="bbox 1182 2839 2230 2896; baseline -0.005 -13"><span class='ocrx_word' id='word_1_720' title='bbox 1182 2843 1345 2896; x_wconf 71' lang='grc' dir='ltr'>ταγνοὺς,</span> <span class='ocrx_word' id='word_1_721' title='bbox 1364 2843 1424 2882; x_wconf 90' lang='grc' dir='ltr'>καί</span> <span class='ocrx_word' id='word_1_722' title='bbox 1442 2858 1475 2880; x_wconf 90' lang='grc' dir='ltr'>τι</span> <span class='ocrx_word' id='word_1_723' title='bbox 1501 2841 1586 2893; x_wconf 83' lang='grc' dir='ltr'>πρὸς</span> <span class='ocrx_word' id='word_1_724' title='bbox 1606 2842 1644 2878; x_wconf 82' lang='grc' dir='ltr'>τὸ</span> <span class='ocrx_word' id='word_1_725' title='bbox 1659 2840 1834 2891; x_wconf 86' lang='grc' dir='ltr'>δαιμόνιον</span> <span class='ocrx_word' id='word_1_726' title='bbox 1855 2839 1978 2888; x_wconf 78' lang='grc' dir='ltr'>εἰπὼν,</span> <span class='ocrx_word' id='word_1_727' title='bbox 2003 2841 2054 2879; x_wconf 79' lang='grc' dir='ltr'>ὅτι</span> <span class='ocrx_word' id='word_1_728' title='bbox 2076 2839 2230 2878; x_wconf 88' lang='grc' dir='ltr'>τοιούτου</span> 
     </span>
     <span class='ocr_line' id='line_1_93' title="bbox 1182 2899 2230 2955; baseline -0.005 -15"><span class='ocrx_word' id='word_1_729' title='bbox 1182 2902 1388 2955; x_wconf 88' lang='grc' dir='ltr'>πράγματος</span> <span class='ocrx_word' id='word_1_730' title='bbox 1405 2900 1594 2952; x_wconf 83' lang='grc' dir='ltr'>ἀρξάμενος</span> <span class='ocrx_word' id='word_1_731' title='bbox 1617 2901 1678 2937; x_wconf 85' lang='grc' dir='ltr'>οὐκ</span> <span class='ocrx_word' id='word_1_732' title='bbox 1696 2899 1913 2950; x_wconf 88' lang='grc' dir='ltr'>ἐπλήρωσεν,</span> <span class='ocrx_word' id='word_1_733' title='bbox 1935 2900 2054 2936; x_wconf 84' lang='grc' dir='ltr'>ἑαυτὸν</span> <span class='ocrx_word' id='word_1_734' title='bbox 2075 2914 2230 2950; x_wconf 83' lang='grc' dir='ltr'>προσκα-</span> 
     </span>
     <span class='ocr_line' id='line_1_94' title="bbox 1181 2956 2231 3012; baseline -0.007 -13"><span class='ocrx_word' id='word_1_735' title='bbox 1181 2960 1404 3012; x_wconf 89' lang='grc' dir='ltr'>τειργάσατο.</span> <span class='ocrx_word' id='word_1_736' title='bbox 1435 2959 1479 2998; x_wconf 89' lang='grc' dir='ltr'>Ὁ</span> <span class='ocrx_word' id='word_1_737' title='bbox 1499 2963 1580 3009; x_wconf 81' lang='grc' dir='ltr'>γοῦν</span> <span class='ocrx_word' id='word_1_738' title='bbox 1613 2958 1758 3010; x_wconf 73' lang='grc' dir='ltr'>Ῥοῦφος</span> <span class='ocrx_word' id='word_1_739' title='bbox 1786 2959 1901 3000; x_wconf 88' lang='grc' dir='ltr'>δεινῶς</span> <span class='ocrx_word' id='word_1_740' title='bbox 1925 2957 1982 2995; x_wconf 77' lang='grc' dir='ltr'>ἐπὶ</span> <span class='ocrx_word' id='word_1_741' title='bbox 2012 2960 2062 3008; x_wconf 78' lang='grc' dir='ltr'>τῷ</span> <span class='ocrx_word' id='word_1_742' title='bbox 2087 2956 2231 3009; x_wconf 88' lang='grc' dir='ltr'>τοιούτῳ</span> 
     </span>
     <span class='ocr_line' id='line_1_95' title="bbox 1181 3014 2230 3071; baseline -0.005 -13"><span class='ocrx_word' id='word_1_743' title='bbox 1181 3020 1284 3058; x_wconf 87' lang='grc' dir='ltr'>πάθει</span> <span class='ocrx_word' id='word_1_744' title='bbox 1305 3016 1569 3071; x_wconf 78' lang='grc' dir='ltr'>ὑπεραλγήσας,</span> <span class='ocrx_word' id='word_1_745' title='bbox 1588 3016 1649 3055; x_wconf 85' lang='grc' dir='ltr'>καί</span> <span class='ocrx_word' id='word_1_746' title='bbox 1672 3032 1767 3060; x_wconf 90' lang='grc' dir='ltr'>τινας</span> <span class='ocrx_word' id='word_1_747' title='bbox 1786 3018 1854 3054; x_wconf 87' lang='grc' dir='ltr'>τῶν</span> <span class='ocrx_word' id='word_1_748' title='bbox 1878 3018 2100 3069; x_wconf 88' lang='grc' dir='ltr'>στρατιωτῶν</span> <span class='ocrx_word' id='word_1_749' title='bbox 2122 3014 2230 3054; x_wconf 86' lang='grc' dir='ltr'>κολά-</span> 
     </span>
    </p>
   </div>
   <div class='ocr_carea' id='block_1_8' title="bbox 76 3125 2229 3452">
    <p class='ocr_par' dir='ltr' id='par_1_9' title="bbox 76 3125 2229 3405">
     <span class='ocr_line' id='line_1_96' title="bbox 78 3125 2229 3173; baseline -0.003 -11"><span class='ocrx_word' id='word_1_750' title='bbox 78 3148 116 3153; x_wconf 93' lang='grc'>--</span> <span class='ocrx_word' id='word_1_751' title='bbox 127 3131 216 3167; x_wconf 86' lang='grc' dir='ltr'>τοὺς</span> <span class='ocrx_word' id='word_1_752' title='bbox 235 3129 453 3171; x_wconf 85' lang='grc' dir='ltr'>Φουρίους]</span> <span class='ocrx_word' id='word_1_753' title='bbox 469 3141 498 3162; x_wconf 84' lang='grc' dir='ltr'>τ.</span> <span class='ocrx_word' id='word_1_754' title='bbox 513 3131 646 3172; x_wconf 83' lang='grc' dir='ltr'>Φορίους</span> <span class='ocrx_word' id='word_1_755' title='bbox 660 3131 771 3163; x_wconf 74' lang='lat' dir='ltr'>codex.</span> <span class='ocrx_word' id='word_1_756' title='bbox 785 3132 864 3168; x_wconf 83' lang='grc' dir='ltr'>Τοὺς</span> <span class='ocrx_word' id='word_1_757' title='bbox 875 3131 1035 3173; x_wconf 86' lang='grc' dir='ltr'>Ὁρατίους</span> <span class='ocrx_word' id='word_1_758' title='bbox 1048 3131 1219 3163; x_wconf 76' lang='lat' dir='ltr'>nonhabet</span> <span class='ocrx_word' id='word_1_759' title='bbox 1233 3129 1384 3170; x_wconf 78' lang='lat' dir='ltr'>xiphilin.</span> <span class='ocrx_word' id='word_1_760' title='bbox 1398 3129 1420 3160; x_wconf 93' lang='lat' dir='ltr'>l.</span> <span class='ocrx_word' id='word_1_761' title='bbox 1435 3128 1510 3159; x_wconf 90' lang='lat'>1.-</span> <span class='ocrx_word' id='word_1_762' title='bbox 1523 3127 1636 3159; x_wconf 79' lang='grc' dir='ltr'>Αἷλία</span> <span class='ocrx_word' id='word_1_763' title='bbox 1649 3136 1666 3158; x_wconf 87' lang='lat' dir='ltr'><strong>e</strong></span> <span class='ocrx_word' id='word_1_764' title='bbox 1679 3127 1771 3158; x_wconf 85' lang='lat' dir='ltr'>Dion.</span> <span class='ocrx_word' id='word_1_765' title='bbox 1786 3135 1815 3158; x_wconf 91' lang='lat' dir='ltr'>c.</span> <span class='ocrx_word' id='word_1_766' title='bbox 1832 3131 1880 3166; x_wconf 88' lang='grc'>19,</span> <span class='ocrx_word' id='word_1_767' title='bbox 1896 3135 1926 3166; x_wconf 88' lang='lat' dir='ltr'>p.</span> <span class='ocrx_word' id='word_1_768' title='bbox 1943 3129 2003 3159; x_wconf 84' lang='lat'>998</span> <span class='ocrx_word' id='word_1_769' title='bbox 2014 3150 2022 3164; x_wconf 94' lang='lat'>‚</span> <span class='ocrx_word' id='word_1_770' title='bbox 2038 3129 2076 3158; x_wconf 90' lang='grc'>88</span> <span class='ocrx_word' id='word_1_771' title='bbox 2089 3136 2097 3165; x_wconf 84' lang='grc'><strong>;</strong></span> <span class='ocrx_word' id='word_1_772' title='bbox 2112 3125 2229 3157; x_wconf 89' lang='grc' dir='ltr'>δείλαια</span> 
     </span>
     <span class='ocr_line' id='line_1_97' title="bbox 76 3172 2228 3218; baseline -0.003 -10"><span class='ocrx_word' id='word_1_773' title='bbox 76 3176 190 3209; x_wconf 84' lang='lat' dir='ltr'><strong>codex.</strong></span> <span class='ocrx_word' id='word_1_774' title='bbox 205 3179 356 3210; x_wconf 85' lang='lat' dir='ltr'><strong>Ceterum</strong></span> <span class='ocrx_word' id='word_1_775' title='bbox 371 3179 407 3209; x_wconf 89' lang='lat' dir='ltr'>ut</span> <span class='ocrx_word' id='word_1_776' title='bbox 424 3179 538 3209; x_wconf 75' lang='lat' dir='ltr'><strong>Nostra</strong></span> <span class='ocrx_word' id='word_1_777' title='bbox 552 3178 668 3218; x_wconf 76' lang='lat' dir='ltr'>passim</span> <span class='ocrx_word' id='word_1_778' title='bbox 683 3187 700 3210; x_wconf 86' lang='lat' dir='ltr'><strong>e</strong></span> <span class='ocrx_word' id='word_1_779' title='bbox 711 3178 871 3218; x_wconf 81' lang='lat' dir='ltr'>xiphilino</span> <span class='ocrx_word' id='word_1_780' title='bbox 885 3178 1083 3210; x_wconf 81' lang='lat' dir='ltr'><strong>emendanda</strong></span> <span class='ocrx_word' id='word_1_781' title='bbox 1095 3180 1188 3216; x_wconf 87' lang='lat' dir='ltr'><strong>sunt,</strong></span> <span class='ocrx_word' id='word_1_782' title='bbox 1206 3177 1251 3208; x_wconf 84' lang='lat' dir='ltr'>sic</span> <span class='ocrx_word' id='word_1_783' title='bbox 1268 3177 1299 3207; x_wconf 90' lang='lat' dir='ltr'>in</span> <span class='ocrx_word' id='word_1_784' title='bbox 1313 3175 1430 3206; x_wconf 84' lang='lat' dir='ltr'><strong>nostris</strong></span> <span class='ocrx_word' id='word_1_785' title='bbox 1448 3173 1612 3214; x_wconf 80' lang='lat' dir='ltr'>complura</span> <span class='ocrx_word' id='word_1_786' title='bbox 1629 3173 1727 3205; x_wconf 83' lang='lat' dir='ltr'><strong>hahes</strong></span> <span class='ocrx_word' id='word_1_787' title='bbox 1741 3182 1813 3213; x_wconf 80' lang='lat' dir='ltr'><strong>quae</strong></span> <span class='ocrx_word' id='word_1_788' title='bbox 1828 3173 1924 3213; x_wconf 77' lang='lat' dir='ltr'>ipsius</span> <span class='ocrx_word' id='word_1_789' title='bbox 1937 3172 2047 3204; x_wconf 90' lang='lat' dir='ltr'>Dionis</span> <span class='ocrx_word' id='word_1_790' title='bbox 2062 3172 2159 3203; x_wconf 84' lang='lat' dir='ltr'>verba</span> <span class='ocrx_word' id='word_1_791' title='bbox 2173 3179 2228 3202; x_wconf 88' lang='lat' dir='ltr'>ac-</span> 
     </span>
     <span class='ocr_line' id='line_1_98' title="bbox 77 3219 2227 3266; baseline -0.004 -11"><span class='ocrx_word' id='word_1_792' title='bbox 77 3223 220 3255; x_wconf 82' lang='lat' dir='ltr'><strong>curatius</strong></span> <span class='ocrx_word' id='word_1_793' title='bbox 238 3232 334 3264; x_wconf 81' lang='lat' dir='ltr'>quam</span> <span class='ocrx_word' id='word_1_794' title='bbox 354 3225 499 3264; x_wconf 82' lang='lat' dir='ltr'><strong>Epitome</strong></span> <span class='ocrx_word' id='word_1_795' title='bbox 518 3225 579 3256; x_wconf 82' lang='lat' dir='ltr'>ista</span> <span class='ocrx_word' id='word_1_796' title='bbox 596 3227 837 3265; x_wconf 70' lang='lat' dir='ltr'><strong>repraesentant.</strong></span> <span class='ocrx_word' id='word_1_797' title='bbox 855 3244 896 3251; x_wconf 83' lang='lat'>-</span> <span class='ocrx_word' id='word_1_798' title='bbox 913 3225 1146 3266; x_wconf 76' lang='grc' dir='ltr'>ψιλωθέντι]</span> <span class='ocrx_word' id='word_1_799' title='bbox 1167 3225 1227 3255; x_wconf 78' lang='lat' dir='ltr'>hae</span> <span class='ocrx_word' id='word_1_800' title='bbox 1250 3222 1361 3255; x_wconf 81' lang='lat' dir='ltr'>Dionis</span> <span class='ocrx_word' id='word_1_801' title='bbox 1388 3229 1467 3252; x_wconf 85' lang='lat' dir='ltr'>voce</span> <span class='ocrx_word' id='word_1_802' title='bbox 1487 3221 1518 3251; x_wconf 71' lang='lat' dir='ltr'>ln.</span> <span class='ocrx_word' id='word_1_803' title='bbox 1548 3228 1569 3252; x_wconf 86' lang='grc' dir='ltr'>ι.</span> <span class='ocrx_word' id='word_1_804' title='bbox 1588 3220 1683 3251; x_wconf 80' lang='lat' dir='ltr'>etiam</span> <span class='ocrx_word' id='word_1_805' title='bbox 1703 3229 1780 3251; x_wconf 91' lang='lat' dir='ltr'><strong>usus</strong></span> <span class='ocrx_word' id='word_1_806' title='bbox 1806 3220 1902 3251; x_wconf 87' lang='lat' dir='ltr'><strong>suerit</strong></span> <span class='ocrx_word' id='word_1_807' title='bbox 1920 3219 2099 3259; x_wconf 81' lang='lat' dir='ltr'><strong>Xiphilinus</strong></span> <span class='ocrx_word' id='word_1_808' title='bbox 2123 3226 2152 3248; x_wconf 73' lang='lat' dir='ltr'>c,</span> <span class='ocrx_word' id='word_1_809' title='bbox 2169 3219 2202 3246; x_wconf 79' lang='grc'>51</span> <span class='ocrx_word' id='word_1_810' title='bbox 2218 3237 2227 3252; x_wconf 78' lang='lat'><strong><em>‚</em></strong></span> 
     </span>
     <span class='ocr_line' id='line_1_99' title="bbox 76 3261 2229 3312; baseline -0.005 -11"><span class='ocrx_word' id='word_1_811' title='bbox 76 3269 132 3301; x_wconf 88' lang='lat' dir='ltr'>ubi</span> <span class='ocrx_word' id='word_1_812' title='bbox 150 3270 244 3302; x_wconf 86' lang='lat' dir='ltr'><strong>codd.</strong></span> <span class='ocrx_word' id='word_1_813' title='bbox 260 3271 445 3311; x_wconf 82' lang='grc' dir='ltr'>ψιληθῆναι,</span> <span class='ocrx_word' id='word_1_814' title='bbox 463 3270 552 3310; x_wconf 88' lang='lat' dir='ltr'>quod</span> <span class='ocrx_word' id='word_1_815' title='bbox 566 3273 674 3303; x_wconf 81' lang='lat' dir='ltr'>Sturz.</span> <span class='ocrx_word' id='word_1_816' title='bbox 690 3272 829 3302; x_wconf 84' lang='lat' dir='ltr'><strong>mutavit</strong></span> <span class='ocrx_word' id='word_1_817' title='bbox 851 3271 882 3302; x_wconf 91' lang='lat' dir='ltr'>in</span> <span class='ocrx_word' id='word_1_818' title='bbox 899 3272 1085 3312; x_wconf 79' lang='grc' dir='ltr'>ψιλισθῆναι.</span> <span class='ocrx_word' id='word_1_819' title='bbox 1100 3288 1143 3293; x_wconf 87' lang='grc'>-</span> <span class='ocrx_word' id='word_1_820' title='bbox 1158 3268 1389 3302; x_wconf 86' lang='grc' dir='ltr'>Μουσώνιόν</span> <span class='ocrx_word' id='word_1_821' title='bbox 1406 3278 1446 3299; x_wconf 91' lang='grc' dir='ltr'>τε</span> <span class='ocrx_word' id='word_1_822' title='bbox 1462 3268 1526 3298; x_wconf 85' lang='grc' dir='ltr'>καὶ</span> <span class='ocrx_word' id='word_1_823' title='bbox 1544 3266 1785 3309; x_wconf 79' lang='grc' dir='ltr'>Κορνοῦτον]</span> <span class='ocrx_word' id='word_1_824' title='bbox 1803 3268 1842 3297; x_wconf 89' lang='lat' dir='ltr'>V.</span> <span class='ocrx_word' id='word_1_825' title='bbox 1863 3266 1922 3298; x_wconf 89' lang='lat' dir='ltr'>Dio</span> <span class='ocrx_word' id='word_1_826' title='bbox 1937 3270 1994 3303; x_wconf 85' lang='grc'>62,</span> <span class='ocrx_word' id='word_1_827' title='bbox 2023 3267 2060 3296; x_wconf 88' lang='grc'>27</span> <span class='ocrx_word' id='word_1_828' title='bbox 2085 3263 2124 3294; x_wconf 80' lang='lat' dir='ltr'>tle</span> <span class='ocrx_word' id='word_1_829' title='bbox 2148 3261 2229 3294; x_wconf 76' lang='lat' dir='ltr'><strong>Ruso</strong></span> 
     </span>
     <span class='ocr_line' id='line_1_100' title="bbox 77 3307 2229 3358; baseline -0.004 -9"><span class='ocrx_word' id='word_1_830' title='bbox 77 3317 239 3357; x_wconf 82' lang='lat' dir='ltr'>Musonio,</span> <span class='ocrx_word' id='word_1_831' title='bbox 266 3326 294 3350; x_wconf 89' lang='lat' dir='ltr'>c.</span> <span class='ocrx_word' id='word_1_832' title='bbox 319 3322 358 3350; x_wconf 83' lang='lat'>29</span> <span class='ocrx_word' id='word_1_833' title='bbox 380 3317 420 3349; x_wconf 83' lang='lat' dir='ltr'>de</span> <span class='ocrx_word' id='word_1_834' title='bbox 440 3319 592 3350; x_wconf 79' lang='lat' dir='ltr'>cornuto.</span> <span class='ocrx_word' id='word_1_835' title='bbox 607 3335 647 3340; x_wconf 84' lang='lat'>—</span> <span class='ocrx_word' id='word_1_836' title='bbox 662 3319 923 3358; x_wconf 87' lang='grc' dir='ltr'>Βρεττανικὸν</span> <span class='ocrx_word' id='word_1_837' title='bbox 949 3317 1039 3358; x_wconf 58' lang='grc' dir='ltr'>κτλ]</span> <span class='ocrx_word' id='word_1_838' title='bbox 1060 3321 1100 3350; x_wconf 85' lang='lat' dir='ltr'>V.</span> <span class='ocrx_word' id='word_1_839' title='bbox 1127 3318 1187 3350; x_wconf 85' lang='lat' dir='ltr'>Dio</span> <span class='ocrx_word' id='word_1_840' title='bbox 1211 3321 1269 3355; x_wconf 81' lang='grc'>61,</span> <span class='ocrx_word' id='word_1_841' title='bbox 1295 3320 1326 3349; x_wconf 92' lang='lat'>7.</span> <span class='ocrx_word' id='word_1_842' title='bbox 1340 3313 1629 3355; x_wconf 78' lang='grc' dir='ltr'>-Ὀκταὸίαν]</span> <span class='ocrx_word' id='word_1_843' title='bbox 1649 3317 1690 3347; x_wconf 89' lang='lat' dir='ltr'>V.</span> <span class='ocrx_word' id='word_1_844' title='bbox 1706 3315 1764 3346; x_wconf 85' lang='lat' dir='ltr'>Dio</span> <span class='ocrx_word' id='word_1_845' title='bbox 1779 3319 1816 3346; x_wconf 79' lang='lat'>62</span> <span class='ocrx_word' id='word_1_846' title='bbox 1829 3338 1838 3353; x_wconf 89' lang='lat'>‚</span> <span class='ocrx_word' id='word_1_847' title='bbox 1867 3307 2229 3352; x_wconf 81' lang='grc' dir='ltr'>13.-Ἀγριππίνη]</span> 
     </span>
     <span class='ocr_line' id='line_1_101' title="bbox 77 3358 2112 3405; baseline -0.003 -10"><span class='ocrx_word' id='word_1_848' title='bbox 77 3365 118 3395; x_wconf 87' lang='lat' dir='ltr'>V.</span> <span class='ocrx_word' id='word_1_849' title='bbox 135 3364 195 3395; x_wconf 90' lang='lat' dir='ltr'>Dio</span> <span class='ocrx_word' id='word_1_850' title='bbox 209 3368 269 3402; x_wconf 87' lang='grc'>61,</span> <span class='ocrx_word' id='word_1_851' title='bbox 285 3368 303 3395; x_wconf 81' lang='grc'><strong>3</strong></span> <span class='ocrx_word' id='word_1_852' title='bbox 317 3373 388 3404; x_wconf 85' lang='lat' dir='ltr'><strong>sqq.</strong></span> <span class='ocrx_word' id='word_1_853' title='bbox 400 3383 440 3390; x_wconf 91' lang='lat'>—</span> <span class='ocrx_word' id='word_1_854' title='bbox 453 3367 545 3395; x_wconf 88' lang='grc' dir='ltr'>παῖε</span> <span class='ocrx_word' id='word_1_855' title='bbox 558 3388 566 3403; x_wconf 90' lang='grc'>,</span> <span class='ocrx_word' id='word_1_856' title='bbox 581 3364 649 3405; x_wconf 80' lang='grc' dir='ltr'>ἔφη</span> <span class='ocrx_word' id='word_1_857' title='bbox 663 3363 674 3404; x_wconf 96' lang='grc'>]</span> <span class='ocrx_word' id='word_1_858' title='bbox 695 3365 733 3395; x_wconf 89' lang='lat' dir='ltr'>V.</span> <span class='ocrx_word' id='word_1_859' title='bbox 751 3364 809 3395; x_wconf 87' lang='lat' dir='ltr'>Dio</span> <span class='ocrx_word' id='word_1_860' title='bbox 824 3369 859 3396; x_wconf 84' lang='grc'>61</span> <span class='ocrx_word' id='word_1_861' title='bbox 872 3387 881 3403; x_wconf 93' lang='grc'>,</span> <span class='ocrx_word' id='word_1_862' title='bbox 898 3368 946 3396; x_wconf 83' lang='grc'>13.</span> <span class='ocrx_word' id='word_1_863' title='bbox 961 3381 1003 3387; x_wconf 89' lang='grc'>-</span> <span class='ocrx_word' id='word_1_864' title='bbox 1016 3364 1157 3405; x_wconf 87' lang='grc' dir='ltr'>Σπόρου]</span> <span class='ocrx_word' id='word_1_865' title='bbox 1173 3366 1212 3395; x_wconf 86' lang='lat' dir='ltr'>V.</span> <span class='ocrx_word' id='word_1_866' title='bbox 1228 3364 1287 3395; x_wconf 88' lang='lat' dir='ltr'>Dio</span> <span class='ocrx_word' id='word_1_867' title='bbox 1301 3368 1358 3402; x_wconf 84' lang='grc'>62,</span> <span class='ocrx_word' id='word_1_868' title='bbox 1377 3366 1428 3395; x_wconf 85' lang='lat'>27.</span> <span class='ocrx_word' id='word_1_869' title='bbox 1445 3366 1482 3393; x_wconf 84' lang='grc'>63</span> <span class='ocrx_word' id='word_1_870' title='bbox 1495 3386 1503 3401; x_wconf 91' lang='grc'>,</span> <span class='ocrx_word' id='word_1_871' title='bbox 1524 3365 1571 3393; x_wconf 87' lang='lat'>12.</span> <span class='ocrx_word' id='word_1_872' title='bbox 1587 3361 1669 3394; x_wconf 83' lang='lat' dir='ltr'>Nihil</span> <span class='ocrx_word' id='word_1_873' title='bbox 1683 3361 1722 3392; x_wconf 85' lang='lat' dir='ltr'>de</span> <span class='ocrx_word' id='word_1_874' title='bbox 1736 3363 1836 3401; x_wconf 79' lang='lat' dir='ltr'>Sporo</span> <span class='ocrx_word' id='word_1_875' title='bbox 1849 3361 1880 3391; x_wconf 84' lang='lat' dir='ltr'>in</span> <span class='ocrx_word' id='word_1_876' title='bbox 1896 3363 1974 3391; x_wconf 80' lang='lat' dir='ltr'>Exc.</span> <span class='ocrx_word' id='word_1_877' title='bbox 1989 3358 2112 3390; x_wconf 78' lang='lat' dir='ltr'>nostris.</span> 
     </span>
    </p>

    <p class='ocr_par' dir='ltr' id='par_1_10' title="bbox 124 3403 2223 3452">
     <span class='ocr_line' id='line_1_102' title="bbox 124 3403 2223 3452; baseline -0.006 -10"><span class='ocrx_word' id='word_1_878' title='bbox 124 3411 178 3443; x_wconf 79' lang='lat' dir='ltr'>Fr,</span> <span class='ocrx_word' id='word_1_879' title='bbox 193 3413 245 3442; x_wconf 87' lang='lat'>91.</span> <span class='ocrx_word' id='word_1_880' title='bbox 264 3410 324 3449; x_wconf 73' lang='grc' dir='ltr'>Ἐν</span> <span class='ocrx_word' id='word_1_881' title='bbox 344 3410 512 3452; x_wconf 79' lang='grc' dir='ltr'>’16ηρὶᾳ]</span> <span class='ocrx_word' id='word_1_882' title='bbox 528 3411 600 3443; x_wconf 83' lang='lat' dir='ltr'>deb.</span> <span class='ocrx_word' id='word_1_883' title='bbox 617 3411 648 3442; x_wconf 89' lang='grc' dir='ltr'>ἐν</span> <span class='ocrx_word' id='word_1_884' title='bbox 662 3411 789 3451; x_wconf 83' lang='grc' dir='ltr'>Γαλλίᾳ.</span> <span class='ocrx_word' id='word_1_885' title='bbox 812 3413 851 3442; x_wconf 90' lang='lat' dir='ltr'>V.</span> <span class='ocrx_word' id='word_1_886' title='bbox 868 3411 928 3443; x_wconf 87' lang='lat' dir='ltr'>Dio</span> <span class='ocrx_word' id='word_1_887' title='bbox 944 3412 1043 3442; x_wconf 82' lang='lat' dir='ltr'>LXlll</span> <span class='ocrx_word' id='word_1_888' title='bbox 1055 3434 1064 3450; x_wconf 91' lang='lat'>‚</span> <span class='ocrx_word' id='word_1_889' title='bbox 1082 3414 1119 3441; x_wconf 79' lang='lat'>22</span> <span class='ocrx_word' id='word_1_890' title='bbox 1134 3418 1205 3450; x_wconf 83' lang='lat' dir='ltr'><strong>sqq.</strong></span> <span class='ocrx_word' id='word_1_891' title='bbox 1221 3409 1393 3449; x_wconf 77' lang='lat' dir='ltr'>Complura</span> <span class='ocrx_word' id='word_1_892' title='bbox 1411 3407 1526 3439; x_wconf 76' lang='lat' dir='ltr'>nostris</span> <span class='ocrx_word' id='word_1_893' title='bbox 1540 3407 1667 3446; x_wconf 83' lang='lat' dir='ltr'><strong>insunt,</strong></span> <span class='ocrx_word' id='word_1_894' title='bbox 1682 3416 1754 3447; x_wconf 78' lang='lat' dir='ltr'>quae</span> <span class='ocrx_word' id='word_1_895' title='bbox 1770 3408 1800 3438; x_wconf 88' lang='lat' dir='ltr'>in</span> <span class='ocrx_word' id='word_1_896' title='bbox 1817 3406 1980 3446; x_wconf 76' lang='lat' dir='ltr'>xiphilino</span> <span class='ocrx_word' id='word_1_897' title='bbox 1993 3403 2223 3435; x_wconf 71' lang='lat' dir='ltr'><strong>desiderantur.</strong></span> 
     </span>
    </p>
   </div>
  </div>
 </body>
</html>
