<?xml version="1.0" encoding="UTF-8"?>
<!DOCTYPE html PUBLIC "-//W3C//DTD XHTML 1.0 Transitional//EN"
    "http://www.w3.org/TR/xhtml1/DTD/xhtml1-transitional.dtd">
<html xmlns="http://www.w3.org/1999/xhtml" xml:lang="en" lang="en">
 <head>
  <title>
</title>
<meta http-equiv="Content-Type" content="text/html;charset=utf-8" />
  <meta name='ocr-system' content='tesseract 3.04.00' />
  <meta name='ocr-capabilities' content='ocr_page ocr_carea ocr_par ocr_line ocrx_word'/>
</head>
<body>
  <div class='ocr_page' id='page_1' title='image "./fragmentahistori04mueluoft_0338.png"; bbox 0 0 2372 3704; ppageno 0'>
   <div class='ocr_carea' id='block_1_1' title="bbox 14 251 146 287">
    <p class='ocr_par' dir='ltr' id='par_1_1' title="bbox 14 251 146 287">
     <span class='ocr_line' id='line_1_1' title="bbox 14 251 146 287; baseline 0.008 -1"><span class='ocrx_word' id='word_1_1' title='bbox 14 251 19 257; x_wconf 65' lang='lat'><strong>⁴</strong></span> <span class='ocrx_word' id='word_1_2' title='bbox 73 255 146 287; x_wconf 76' lang='lat'>326</span> 
     </span>
    </p>
   </div>
   <div class='ocr_carea' id='block_1_2' title="bbox 157 346 941 528">
    <p class='ocr_par' dir='ltr' id='par_1_2' title="bbox 158 346 941 390">
     <span class='ocr_line' id='line_1_2' title="bbox 158 346 941 390; baseline -0.004 -10"><span class='ocrx_word' id='word_1_3' title='bbox 158 349 352 390; x_wconf 78' lang='grc' dir='ltr'>Εὐχάριστον</span> <span class='ocrx_word' id='word_1_4' title='bbox 369 347 395 380; x_wconf 88' lang='grc' dir='ltr'>δ’</span> <span class='ocrx_word' id='word_1_5' title='bbox 411 348 590 389; x_wconf 82' lang='grc' dir='ltr'>ἐπίγραμμα</span> <span class='ocrx_word' id='word_1_6' title='bbox 606 347 725 388; x_wconf 81' lang='grc' dir='ltr'>γράψας</span> <span class='ocrx_word' id='word_1_7' title='bbox 738 347 756 378; x_wconf 80' lang='grc' dir='ltr'>ὁ</span> <span class='ocrx_word' id='word_1_8' title='bbox 772 346 941 386; x_wconf 82' lang='grc' dir='ltr'><strong>Σιμωνίδης</strong></span> 
     </span>
    </p>

    <p class='ocr_par' dir='ltr' id='par_1_3' title="bbox 157 392 931 437">
     <span class='ocr_line' id='line_1_3' title="bbox 157 392 931 437; baseline -0.004 -10"><span class='ocrx_word' id='word_1_9' title='bbox 157 400 195 437; x_wconf 85' lang='grc' dir='ltr'>τῇ</span> <span class='ocrx_word' id='word_1_10' title='bbox 210 396 307 435; x_wconf 82' lang='grc' dir='ltr'>στήλῃ</span> <span class='ocrx_word' id='word_1_11' title='bbox 324 395 536 436; x_wconf 83' lang='grc' dir='ltr'>παρενέγραψε</span> <span class='ocrx_word' id='word_1_12' title='bbox 548 397 656 436; x_wconf 77' lang='grc' dir='ltr'>νεκροῦ</span> <span class='ocrx_word' id='word_1_13' title='bbox 669 397 724 425; x_wconf 83' lang='grc' dir='ltr'>τοῦ</span> <span class='ocrx_word' id='word_1_14' title='bbox 739 392 931 428; x_wconf 76' lang='grc' dir='ltr'><strong>σεσωκότας·</strong></span> 
     </span>
    </p>

    <p class='ocr_par' dir='ltr' id='par_1_4' title="bbox 159 439 930 528">
     <span class='ocr_line' id='line_1_4' title="bbox 159 439 930 482; baseline -0.005 -8"><span class='ocrx_word' id='word_1_15' title='bbox 159 455 173 469; x_wconf 63' lang='lat' dir='ltr'><em>n</em></span> <span class='ocrx_word' id='word_1_16' title='bbox 190 442 288 478; x_wconf 82' lang='grc' dir='ltr'>Οὗτος</span> <span class='ocrx_word' id='word_1_17' title='bbox 304 442 321 474; x_wconf 88' lang='grc' dir='ltr'><strong>ὁ</strong></span> <span class='ocrx_word' id='word_1_18' title='bbox 334 445 388 474; x_wconf 84' lang='grc' dir='ltr'>τοῦ</span> <span class='ocrx_word' id='word_1_19' title='bbox 405 441 510 474; x_wconf 85' lang='grc' dir='ltr'>Κείοιο</span> <span class='ocrx_word' id='word_1_20' title='bbox 525 440 700 482; x_wconf 84' lang='grc' dir='ltr'>Σιμωνίδεώ</span> <span class='ocrx_word' id='word_1_21' title='bbox 714 440 778 471; x_wconf 84' lang='grc' dir='ltr'>ἐστι</span> <span class='ocrx_word' id='word_1_22' title='bbox 793 439 930 478; x_wconf 85' lang='grc' dir='ltr'>σαωτήρ,</span> 
     </span>
     <span class='ocr_line' id='line_1_5' title="bbox 199 485 848 528; baseline -0.008 -7"><span class='ocrx_word' id='word_1_23' title='bbox 199 489 232 525; x_wconf 90' lang='grc' dir='ltr'>ὃς</span> <span class='ocrx_word' id='word_1_24' title='bbox 244 489 296 520; x_wconf 85' lang='grc' dir='ltr'>καὶ</span> <span class='ocrx_word' id='word_1_25' title='bbox 309 488 440 525; x_wconf 83' lang='grc' dir='ltr'>τεθνηὼς</span> <span class='ocrx_word' id='word_1_26' title='bbox 456 491 544 525; x_wconf 84' lang='grc' dir='ltr'>ζῶντι</span> <span class='ocrx_word' id='word_1_27' title='bbox 561 488 698 528; x_wconf 85' lang='grc' dir='ltr'>παρέσχε</span> <span class='ocrx_word' id='word_1_28' title='bbox 714 485 814 527; x_wconf 84' lang='grc' dir='ltr'>χάριν.</span> <span class='ocrx_word' id='word_1_29' title='bbox 832 498 848 513; x_wconf 75' lang='grc' dir='ltr'>ι»</span> 
     </span>
    </p>
   </div>
   <div class='ocr_carea' id='block_1_3' title="bbox 75 581 1118 809">
    <p class='ocr_par' dir='ltr' id='par_1_5' title="bbox 75 581 1118 809">
     <span class='ocr_line' id='line_1_6' title="bbox 131 581 1118 633; baseline -0.009 -9"><span class='ocrx_word' id='word_1_30' title='bbox 131 585 190 624; x_wconf 90' lang='lat' dir='ltr'>Cf.</span> <span class='ocrx_word' id='word_1_31' title='bbox 214 585 341 622; x_wconf 82' lang='lat' dir='ltr'><strong>schol.</strong></span> <span class='ocrx_word' id='word_1_32' title='bbox 378 584 531 620; x_wconf 86' lang='lat' dir='ltr'><strong>Aristid.</strong></span> <span class='ocrx_word' id='word_1_33' title='bbox 557 597 596 633; x_wconf 82' lang='lat' dir='ltr'>p.</span> <span class='ocrx_word' id='word_1_34' title='bbox 615 595 687 620; x_wconf 84' lang='lat'>201</span> <span class='ocrx_word' id='word_1_35' title='bbox 712 583 773 619; x_wconf 91' lang='lat' dir='ltr'>ed.</span> <span class='ocrx_word' id='word_1_36' title='bbox 796 581 1021 629; x_wconf 83' lang='lat' dir='ltr'><strong>Frommel.;</strong></span> <span class='ocrx_word' id='word_1_37' title='bbox 1040 584 1118 616; x_wconf 92' lang='lat' dir='ltr'><strong>An-</strong></span> 
     </span>
     <span class='ocr_line' id='line_1_7' title="bbox 76 638 1114 689; baseline -0.007 -9"><span class='ocrx_word' id='word_1_38' title='bbox 76 645 170 681; x_wconf 79' lang='lat' dir='ltr'><strong>thol.</strong></span> <span class='ocrx_word' id='word_1_39' title='bbox 201 645 319 680; x_wconf 84' lang='lat' dir='ltr'><strong>Palat.</strong></span> <span class='ocrx_word' id='word_1_40' title='bbox 350 644 444 687; x_wconf 90' lang='lat' dir='ltr'>VII,</span> <span class='ocrx_word' id='word_1_41' title='bbox 467 656 538 689; x_wconf 79' lang='lat'>773</span> <span class='ocrx_word' id='word_1_42' title='bbox 559 641 823 678; x_wconf 86' lang='lat' dir='ltr'><strong>Schneidewin</strong></span> <span class='ocrx_word' id='word_1_43' title='bbox 856 639 1039 676; x_wconf 87' lang='lat' dir='ltr'><strong>Simonid.</strong></span> <span class='ocrx_word' id='word_1_44' title='bbox 1068 638 1114 673; x_wconf 81' lang='lat' dir='ltr'>fr.</span> 
     </span>
     <span class='ocr_line' id='line_1_8' title="bbox 75 698 1114 751; baseline -0.008 -13"><span class='ocrx_word' id='word_1_45' title='bbox 75 717 116 751; x_wconf 91' lang='lat' dir='ltr'>p.</span> <span class='ocrx_word' id='word_1_46' title='bbox 140 715 233 749; x_wconf 89' lang='lat' dir='ltr'><strong>17o;</strong></span> <span class='ocrx_word' id='word_1_47' title='bbox 249 703 382 739; x_wconf 85' lang='lat' dir='ltr'><strong>Cicero</strong></span> <span class='ocrx_word' id='word_1_48' title='bbox 402 703 458 737; x_wconf 90' lang='lat' dir='ltr'>De</span> <span class='ocrx_word' id='word_1_49' title='bbox 475 701 552 739; x_wconf 83' lang='lat' dir='ltr'><strong>div.</strong></span> <span class='ocrx_word' id='word_1_50' title='bbox 568 703 607 746; x_wconf 91' lang='grc' dir='ltr'>Ι,</span> <span class='ocrx_word' id='word_1_51' title='bbox 628 713 690 743; x_wconf 80' lang='lat'>27.</span> <span class='ocrx_word' id='word_1_52' title='bbox 710 701 769 748; x_wconf 78' lang='grc' dir='ltr'>ΙΙ,</span> <span class='ocrx_word' id='word_1_53' title='bbox 789 699 857 743; x_wconf 82' lang='lat'>263</span> <span class='ocrx_word' id='word_1_54' title='bbox 876 698 1000 734; x_wconf 85' lang='lat' dir='ltr'><strong>Valer.</strong></span> <span class='ocrx_word' id='word_1_55' title='bbox 1014 698 1114 732; x_wconf 84' lang='lat' dir='ltr'><strong>Max.</strong></span> 
     </span>
     <span class='ocr_line' id='line_1_9' title="bbox 75 759 848 809; baseline -0.006 -12"><span class='ocrx_word' id='word_1_56' title='bbox 75 763 115 809; x_wconf 81' lang='grc' dir='ltr'>Ι,</span> <span class='ocrx_word' id='word_1_57' title='bbox 140 775 181 808; x_wconf 80' lang='lat'>73</span> <span class='ocrx_word' id='word_1_58' title='bbox 199 761 379 796; x_wconf 85' lang='lat' dir='ltr'><strong>Libanius</strong></span> <span class='ocrx_word' id='word_1_59' title='bbox 399 767 491 795; x_wconf 84' lang='lat' dir='ltr'><strong>tom.</strong></span> <span class='ocrx_word' id='word_1_60' title='bbox 516 761 590 804; x_wconf 94' lang='lat' dir='ltr'>IV,</span> <span class='ocrx_word' id='word_1_61' title='bbox 608 772 648 807; x_wconf 90' lang='lat' dir='ltr'>p.</span> <span class='ocrx_word' id='word_1_62' title='bbox 678 770 770 800; x_wconf 75' lang='lat'><em>1101</em></span> <span class='ocrx_word' id='word_1_63' title='bbox 800 759 848 792; x_wconf 84' lang='lat' dir='ltr'>R.</span> 
     </span>
    </p>
   </div>
   <div class='ocr_carea' id='block_1_4' title="bbox 447 880 746 919">
    <p class='ocr_par' dir='ltr' id='par_1_6' title="bbox 447 880 746 919">
     <span class='ocr_line' id='line_1_10' title="bbox 447 880 746 919; baseline -0.01 0"><span class='ocrx_word' id='word_1_64' title='bbox 447 880 746 919; x_wconf 76' lang='grc' dir='ltr'>ΜΙΛΗΣῘΑΚΑ.</span> 
     </span>
    </p>
   </div>
   <div class='ocr_carea' id='block_1_5' title="bbox 75 981 1126 2025">
    <p class='ocr_par' dir='ltr' id='par_1_7' title="bbox 75 981 1126 1851">
     <span class='ocr_line' id='line_1_11' title="bbox 128 981 1121 1031; baseline -0.007 -8"><span class='ocrx_word' id='word_1_65' title='bbox 128 989 185 1023; x_wconf 91' lang='lat' dir='ltr'>De</span> <span class='ocrx_word' id='word_1_66' title='bbox 218 986 415 1022; x_wconf 90' lang='lat' dir='ltr'><strong>Milesiacis</strong></span> <span class='ocrx_word' id='word_1_67' title='bbox 434 985 725 1020; x_wconf 83' lang='lat' dir='ltr'><strong>narratiunculis</strong></span> <span class='ocrx_word' id='word_1_68' title='bbox 745 983 897 1020; x_wconf 87' lang='lat' dir='ltr'><strong>eroticis</strong></span> <span class='ocrx_word' id='word_1_69' title='bbox 915 981 1121 1031; x_wconf 80' lang='lat' dir='ltr'><strong>praemitti-</strong></span> 
     </span>
     <span class='ocr_line' id='line_1_12' title="bbox 75 1040 1115 1081; baseline -0.007 0"><span class='ocrx_word' id='word_1_70' title='bbox 75 1058 158 1081; x_wconf 89' lang='lat' dir='ltr'>mus</span> <span class='ocrx_word' id='word_1_71' title='bbox 186 1044 399 1081; x_wconf 86' lang='lat' dir='ltr'><strong>testimonia</strong></span> <span class='ocrx_word' id='word_1_72' title='bbox 424 1043 618 1079; x_wconf 88' lang='lat' dir='ltr'><strong>Plutarchi</strong></span> <span class='ocrx_word' id='word_1_73' title='bbox 651 1049 688 1078; x_wconf 89' lang='lat' dir='ltr'>et</span> <span class='ocrx_word' id='word_1_74' title='bbox 717 1041 891 1078; x_wconf 86' lang='lat' dir='ltr'><strong>Luciani.</strong></span> <span class='ocrx_word' id='word_1_75' title='bbox 925 1040 1115 1076; x_wconf 87' lang='lat' dir='ltr'><strong>Plutarch.</strong></span> 
     </span>
     <span class='ocr_line' id='line_1_13' title="bbox 76 1096 1119 1149; baseline -0.008 -9"><span class='ocrx_word' id='word_1_76' title='bbox 76 1105 227 1140; x_wconf 84' lang='lat' dir='ltr'><strong>Crassus</strong></span> <span class='ocrx_word' id='word_1_77' title='bbox 246 1116 280 1138; x_wconf 91' lang='lat' dir='ltr'>c.</span> <span class='ocrx_word' id='word_1_78' title='bbox 306 1103 353 1139; x_wconf 82' lang='lat'>32</span> <span class='ocrx_word' id='word_1_79' title='bbox 383 1113 392 1139; x_wconf 88' lang='lat'><strong>:</strong></span> <span class='ocrx_word' id='word_1_80' title='bbox 413 1102 555 1138; x_wconf 87' lang='lat' dir='ltr'><strong>Surena</strong></span> <span class='ocrx_word' id='word_1_81' title='bbox 578 1107 666 1149; x_wconf 88' lang='lat' dir='ltr'><strong>post</strong></span> <span class='ocrx_word' id='word_1_82' title='bbox 684 1112 815 1136; x_wconf 86' lang='lat' dir='ltr'><strong>necem</strong></span> <span class='ocrx_word' id='word_1_83' title='bbox 837 1098 958 1135; x_wconf 86' lang='lat' dir='ltr'><strong>Crassi</strong></span> <span class='ocrx_word' id='word_1_84' title='bbox 974 1096 1038 1142; x_wconf 86' lang='grc' dir='ltr'>τὴν</span> <span class='ocrx_word' id='word_1_85' title='bbox 1058 1111 1119 1146; x_wconf 85' lang='grc' dir='ltr'>γε-</span> 
     </span>
     <span class='ocr_line' id='line_1_14' title="bbox 78 1154 1120 1212; baseline -0.005 -14"><span class='ocrx_word' id='word_1_86' title='bbox 78 1159 217 1212; x_wconf 86' lang='grc' dir='ltr'>ρουσίαν</span> <span class='ocrx_word' id='word_1_87' title='bbox 235 1161 302 1197; x_wconf 86' lang='grc' dir='ltr'>τῶν</span> <span class='ocrx_word' id='word_1_88' title='bbox 329 1157 529 1197; x_wconf 83' lang='grc' dir='ltr'>Σελευκέων</span> <span class='ocrx_word' id='word_1_89' title='bbox 547 1157 709 1208; x_wconf 85' lang='grc' dir='ltr'>ἀθροίσας</span> <span class='ocrx_word' id='word_1_90' title='bbox 728 1155 923 1205; x_wconf 80' lang='grc' dir='ltr'>εἰσήνεγκεν</span> <span class='ocrx_word' id='word_1_91' title='bbox 941 1154 1120 1194; x_wconf 79' lang='grc' dir='ltr'>ἀκόλαστα</span> 
     </span>
     <span class='ocr_line' id='line_1_15' title="bbox 79 1212 1120 1269; baseline -0.006 -13"><span class='ocrx_word' id='word_1_92' title='bbox 79 1217 198 1269; x_wconf 79' lang='grc' dir='ltr'>βιὸλία</span> <span class='ocrx_word' id='word_1_93' title='bbox 226 1219 294 1254; x_wconf 80' lang='grc' dir='ltr'>τῶν</span> <span class='ocrx_word' id='word_1_94' title='bbox 321 1215 529 1268; x_wconf 81' lang='grc' dir='ltr'>Ἀριστείδου</span> <span class='ocrx_word' id='word_1_95' title='bbox 561 1216 806 1262; x_wconf 84' lang='grc' dir='ltr'>Μιλησιακῶν,</span> <span class='ocrx_word' id='word_1_96' title='bbox 827 1213 920 1252; x_wconf 84' lang='grc' dir='ltr'>οὔτοι</span> <span class='ocrx_word' id='word_1_97' title='bbox 944 1212 1056 1251; x_wconf 74' lang='grc' dir='ltr'>ταῦτά</span> <span class='ocrx_word' id='word_1_98' title='bbox 1081 1229 1120 1264; x_wconf 92' lang='grc' dir='ltr'>γε</span> 
     </span>
     <span class='ocr_line' id='line_1_16' title="bbox 77 1270 1121 1328; baseline -0.004 -15"><span class='ocrx_word' id='word_1_99' title='bbox 77 1273 403 1328; x_wconf 77' lang='grc' dir='ltr'>καταψευσάμενος·</span> <span class='ocrx_word' id='word_1_100' title='bbox 424 1273 545 1326; x_wconf 83' lang='grc' dir='ltr'>εὑρέθη</span> <span class='ocrx_word' id='word_1_101' title='bbox 563 1271 630 1325; x_wconf 86' lang='grc' dir='ltr'>γὰρ</span> <span class='ocrx_word' id='word_1_102' title='bbox 651 1274 686 1310; x_wconf 84' lang='grc' dir='ltr'>ἐν</span> <span class='ocrx_word' id='word_1_103' title='bbox 702 1274 772 1315; x_wconf 83' lang='grc' dir='ltr'>τοῖς</span> <span class='ocrx_word' id='word_1_104' title='bbox 791 1270 975 1311; x_wconf 88' lang='grc' dir='ltr'>Ῥουστίου</span> <span class='ocrx_word' id='word_1_105' title='bbox 996 1286 1121 1309; x_wconf 59' lang='grc' dir='ltr'>σκευοο</span> 
     </span>
     <span class='ocr_line' id='line_1_17' title="bbox 77 1329 1121 1386; baseline -0.004 -15"><span class='ocrx_word' id='word_1_106' title='bbox 77 1332 212 1386; x_wconf 84' lang='grc' dir='ltr'>φόροις,</span> <span class='ocrx_word' id='word_1_107' title='bbox 227 1332 286 1371; x_wconf 77' lang='grc' dir='ltr'>καὶ</span> <span class='ocrx_word' id='word_1_108' title='bbox 300 1332 456 1384; x_wconf 78' lang='grc' dir='ltr'>παρέσχε</span> <span class='ocrx_word' id='word_1_109' title='bbox 470 1333 520 1384; x_wconf 80' lang='grc' dir='ltr'>τῷ</span> <span class='ocrx_word' id='word_1_110' title='bbox 535 1330 696 1384; x_wconf 69' lang='grc' dir='ltr'>Σουρήνα</span> <span class='ocrx_word' id='word_1_111' title='bbox 710 1329 919 1382; x_wconf 72' lang='grc' dir='ltr'>καθυὸρίσαι</span> <span class='ocrx_word' id='word_1_112' title='bbox 933 1330 1045 1368; x_wconf 78' lang='grc' dir='ltr'>πολλὰ</span> <span class='ocrx_word' id='word_1_113' title='bbox 1061 1329 1121 1367; x_wconf 78' lang='grc' dir='ltr'>καὶ</span> 
     </span>
     <span class='ocr_line' id='line_1_18' title="bbox 78 1387 1123 1444; baseline -0.003 -15"><span class='ocrx_word' id='word_1_114' title='bbox 78 1393 311 1444; x_wconf 81' lang='grc' dir='ltr'>κατασκῶψαι</span> <span class='ocrx_word' id='word_1_115' title='bbox 322 1390 399 1434; x_wconf 79' lang='grc' dir='ltr'>τοὺς</span> <span class='ocrx_word' id='word_1_116' title='bbox 412 1390 627 1440; x_wconf 80' lang='grc' dir='ltr'>Ῥωμαίους,</span> <span class='ocrx_word' id='word_1_117' title='bbox 642 1390 672 1427; x_wconf 87' lang='grc' dir='ltr'>εἷ</span> <span class='ocrx_word' id='word_1_118' title='bbox 687 1387 775 1439; x_wconf 82' lang='grc' dir='ltr'>μηδὲ</span> <span class='ocrx_word' id='word_1_119' title='bbox 790 1389 1018 1439; x_wconf 78' lang='grc' dir='ltr'>πολεμοῦντες</span> <span class='ocrx_word' id='word_1_120' title='bbox 1034 1387 1123 1426; x_wconf 84' lang='grc' dir='ltr'>ἀπέ-</span> 
     </span>
     <span class='ocr_line' id='line_1_19' title="bbox 78 1445 1120 1502; baseline -0.003 -14"><span class='ocrx_word' id='word_1_121' title='bbox 78 1453 202 1502; x_wconf 83' lang='grc' dir='ltr'>χεσθαι</span> <span class='ocrx_word' id='word_1_122' title='bbox 219 1448 435 1502; x_wconf 83' lang='grc' dir='ltr'>πραγμάτων</span> <span class='ocrx_word' id='word_1_123' title='bbox 452 1448 512 1486; x_wconf 75' lang='grc' dir='ltr'>καὶ</span> <span class='ocrx_word' id='word_1_124' title='bbox 534 1447 751 1499; x_wconf 85' lang='grc' dir='ltr'>γραμμάτων</span> <span class='ocrx_word' id='word_1_125' title='bbox 767 1445 930 1484; x_wconf 85' lang='grc' dir='ltr'>δύνανται</span> <span class='ocrx_word' id='word_1_126' title='bbox 943 1445 1120 1486; x_wconf 82' lang='grc' dir='ltr'>τοιούτων.</span> 
     </span>
     <span class='ocr_line' id='line_1_20' title="bbox 78 1505 1123 1557; baseline -0.004 -11"><span class='ocrx_word' id='word_1_127' title='bbox 78 1509 336 1546; x_wconf 85' lang='lat' dir='ltr'><strong>—Lucianus</strong></span> <span class='ocrx_word' id='word_1_128' title='bbox 353 1511 484 1546; x_wconf 81' lang='lat' dir='ltr'><strong>Amor.</strong></span> <span class='ocrx_word' id='word_1_129' title='bbox 508 1521 542 1546; x_wconf 86' lang='lat' dir='ltr'>e.</span> <span class='ocrx_word' id='word_1_130' title='bbox 566 1521 581 1544; x_wconf 93' lang='lat'>1</span> <span class='ocrx_word' id='word_1_131' title='bbox 605 1521 644 1557; x_wconf 87' lang='lat' dir='ltr'>p.</span> <span class='ocrx_word' id='word_1_132' title='bbox 667 1506 741 1544; x_wconf 85' lang='lat'>385</span> <span class='ocrx_word' id='word_1_133' title='bbox 759 1507 820 1545; x_wconf 90' lang='lat' dir='ltr'>ed.</span> <span class='ocrx_word' id='word_1_134' title='bbox 836 1507 965 1543; x_wconf 89' lang='lat' dir='ltr'><strong>Didot.</strong></span> <span class='ocrx_word' id='word_1_135' title='bbox 989 1520 997 1542; x_wconf 94' lang='lat'><strong>:</strong></span> <span class='ocrx_word' id='word_1_136' title='bbox 1022 1505 1123 1544; x_wconf 84' lang='grc' dir='ltr'>Πάνυ</span> 
     </span>
     <span class='ocr_line' id='line_1_21' title="bbox 79 1563 1123 1618; baseline -0.005 -13"><span class='ocrx_word' id='word_1_137' title='bbox 79 1567 122 1614; x_wconf 84' lang='grc' dir='ltr'>δή</span> <span class='ocrx_word' id='word_1_138' title='bbox 144 1583 186 1618; x_wconf 91' lang='grc' dir='ltr'>με</span> <span class='ocrx_word' id='word_1_139' title='bbox 205 1566 271 1604; x_wconf 78' lang='grc' dir='ltr'>ὑπὸ</span> <span class='ocrx_word' id='word_1_140' title='bbox 290 1566 347 1604; x_wconf 83' lang='grc' dir='ltr'>τὸν</span> <span class='ocrx_word' id='word_1_141' title='bbox 368 1566 486 1618; x_wconf 84' lang='grc' dir='ltr'>ὄρθρον</span> <span class='ocrx_word' id='word_1_142' title='bbox 508 1569 527 1612; x_wconf 81' lang='grc' dir='ltr'>ἡ</span> <span class='ocrx_word' id='word_1_143' title='bbox 549 1568 616 1603; x_wconf 83' lang='grc' dir='ltr'>τῶν</span> <span class='ocrx_word' id='word_1_144' title='bbox 638 1565 842 1603; x_wconf 82' lang='grc' dir='ltr'>ἀκολάστων</span> <span class='ocrx_word' id='word_1_145' title='bbox 863 1579 923 1602; x_wconf 93' lang='grc' dir='ltr'>σου</span> <span class='ocrx_word' id='word_1_146' title='bbox 945 1563 1123 1613; x_wconf 86' lang='grc' dir='ltr'>διηγημά-</span> 
     </span>
     <span class='ocr_line' id='line_1_22' title="bbox 79 1621 1124 1676; baseline -0.004 -12"><span class='ocrx_word' id='word_1_147' title='bbox 79 1641 147 1664; x_wconf 92' lang='grc' dir='ltr'>των</span> <span class='ocrx_word' id='word_1_148' title='bbox 165 1624 297 1675; x_wconf 79' lang='grc' dir='ltr'>αἱμύλη</span> <span class='ocrx_word' id='word_1_149' title='bbox 314 1625 373 1662; x_wconf 85' lang='grc' dir='ltr'>καὶ</span> <span class='ocrx_word' id='word_1_150' title='bbox 392 1625 535 1676; x_wconf 85' lang='grc' dir='ltr'>γλυκεῖα</span> <span class='ocrx_word' id='word_1_151' title='bbox 554 1622 662 1661; x_wconf 83' lang='grc' dir='ltr'>πειθὼ</span> <span class='ocrx_word' id='word_1_152' title='bbox 679 1622 936 1675; x_wconf 84' lang='grc' dir='ltr'>κατηύφρανεν,</span> <span class='ocrx_word' id='word_1_153' title='bbox 953 1621 1037 1660; x_wconf 81' lang='grc' dir='ltr'>ὥστ’</span> <span class='ocrx_word' id='word_1_154' title='bbox 1053 1621 1124 1660; x_wconf 86' lang='grc' dir='ltr'>ὀλί-</span> 
     </span>
     <span class='ocr_line' id='line_1_23' title="bbox 79 1676 1126 1735; baseline -0.006 -12"><span class='ocrx_word' id='word_1_155' title='bbox 79 1700 142 1735; x_wconf 88' lang='grc' dir='ltr'>γου</span> <span class='ocrx_word' id='word_1_156' title='bbox 167 1685 235 1722; x_wconf 85' lang='grc' dir='ltr'>δεῖν</span> <span class='ocrx_word' id='word_1_157' title='bbox 266 1683 475 1735; x_wconf 84' lang='grc' dir='ltr'>Ἀριστείδης</span> <span class='ocrx_word' id='word_1_158' title='bbox 503 1681 657 1732; x_wconf 82' lang='grc' dir='ltr'>ἐνόμιζον</span> <span class='ocrx_word' id='word_1_159' title='bbox 686 1676 775 1719; x_wconf 72' lang='grc' dir='ltr'>εἶναι</span> <span class='ocrx_word' id='word_1_160' title='bbox 801 1683 871 1724; x_wconf 81' lang='grc' dir='ltr'>τοῖς</span> <span class='ocrx_word' id='word_1_161' title='bbox 891 1682 1126 1727; x_wconf 80' lang='grc' dir='ltr'>Μιλησιακοῖς</span> 
     </span>
     <span class='ocr_line' id='line_1_24' title="bbox 79 1741 1124 1794; baseline -0.002 -14"><span class='ocrx_word' id='word_1_162' title='bbox 79 1742 194 1794; x_wconf 82' lang='grc' dir='ltr'>λόγοις</span> <span class='ocrx_word' id='word_1_163' title='bbox 223 1741 538 1794; x_wconf 79' lang='grc' dir='ltr'>ὓπερκηλούμενος.</span> <span class='ocrx_word' id='word_1_164' title='bbox 578 1742 633 1778; x_wconf 89' lang='lat' dir='ltr'>Cf.</span> <span class='ocrx_word' id='word_1_165' title='bbox 671 1741 791 1777; x_wconf 79' lang='lat' dir='ltr'><strong>Baehr.</strong></span> <span class='ocrx_word' id='word_1_166' title='bbox 831 1742 936 1778; x_wconf 65' lang='lat' dir='ltr'><strong>Rb’m.</strong></span> <span class='ocrx_word' id='word_1_167' title='bbox 973 1743 1124 1779; x_wconf 83' lang='lat' dir='ltr'><strong>Literat.</strong></span> 
     </span>
     <span class='ocr_line' id='line_1_25' title="bbox 83 1802 214 1851; baseline -0.031 0"><span class='ocrx_word' id='word_1_168' title='bbox 83 1802 105 1851; x_wconf 65' lang='grc' dir='ltr'>ἑ</span> <span class='ocrx_word' id='word_1_169' title='bbox 127 1815 214 1848; x_wconf 88' lang='lat'><strong>177-</strong></span> 
     </span>
    </p>

    <p class='ocr_par' dir='ltr' id='par_1_8' title="bbox 136 1858 588 1903">
     <span class='ocr_line' id='line_1_26' title="bbox 136 1858 588 1903; baseline -0.007 -6"><span class='ocrx_word' id='word_1_170' title='bbox 136 1859 248 1897; x_wconf 83' lang='lat' dir='ltr'><strong>ovid.</strong></span> <span class='ocrx_word' id='word_1_171' title='bbox 266 1860 378 1895; x_wconf 86' lang='lat' dir='ltr'><strong>Trist.</strong></span> <span class='ocrx_word' id='word_1_172' title='bbox 402 1860 463 1903; x_wconf 90' lang='grc' dir='ltr'>ΙΙ,</span> <span class='ocrx_word' id='word_1_173' title='bbox 486 1858 560 1902; x_wconf 76' lang='lat'>413</span> <span class='ocrx_word' id='word_1_174' title='bbox 581 1870 588 1895; x_wconf 93' lang='lat'>:</span> 
     </span>
    </p>

    <p class='ocr_par' dir='ltr' id='par_1_9' title="bbox 136 1918 975 1958">
     <span class='ocr_line' id='line_1_27' title="bbox 136 1918 975 1958; baseline -0.005 -5"><span class='ocrx_word' id='word_1_175' title='bbox 136 1920 270 1954; x_wconf 68' lang='lat' dir='ltr'><strong>lunxit</strong></span> <span class='ocrx_word' id='word_1_176' title='bbox 293 1918 468 1954; x_wconf 76' lang='lat' dir='ltr'>Aristides</span> <span class='ocrx_word' id='word_1_177' title='bbox 487 1918 642 1952; x_wconf 72' lang='lat' dir='ltr'><strong>Milesia</strong></span> <span class='ocrx_word' id='word_1_178' title='bbox 660 1919 816 1951; x_wconf 78' lang='lat' dir='ltr'><strong>crimina</strong></span> <span class='ocrx_word' id='word_1_179' title='bbox 832 1927 975 1958; x_wconf 79' lang='lat' dir='ltr'><strong>secum,-</strong></span> 
     </span>
    </p>

    <p class='ocr_par' dir='ltr' id='par_1_10' title="bbox 186 1975 992 2025">
     <span class='ocr_line' id='line_1_28' title="bbox 186 1975 992 2025; baseline -0.004 -14"><span class='ocrx_word' id='word_1_180' title='bbox 186 1978 315 2025; x_wconf 75' lang='lat' dir='ltr'><strong>puLffls</strong></span> <span class='ocrx_word' id='word_1_181' title='bbox 331 1976 509 2011; x_wconf 79' lang='lat' dir='ltr'>Aristides</span> <span class='ocrx_word' id='word_1_182' title='bbox 523 1987 590 2010; x_wconf 85' lang='lat' dir='ltr'>nec</span> <span class='ocrx_word' id='word_1_183' title='bbox 606 1983 729 2010; x_wconf 83' lang='lat' dir='ltr'><strong>tamen</strong></span> <span class='ocrx_word' id='word_1_184' title='bbox 743 1975 830 2010; x_wconf 84' lang='lat' dir='ltr'><strong>urbe</strong></span> <span class='ocrx_word' id='word_1_185' title='bbox 845 1987 913 2009; x_wconf 84' lang='lat' dir='ltr'><strong>sua</strong></span> <span class='ocrx_word' id='word_1_186' title='bbox 928 1981 992 2009; x_wconf 80' lang='lat' dir='ltr'><strong>est.</strong></span> 
     </span>
    </p>
   </div>
   <div class='ocr_carea' id='block_1_6' title="bbox 407 2093 811 2130">
    <p class='ocr_par' dir='ltr' id='par_1_11' title="bbox 407 2093 811 2130">
     <span class='ocr_line' id='line_1_29' title="bbox 407 2093 811 2130; baseline 0 -1"><span class='ocrx_word' id='word_1_187' title='bbox 407 2095 436 2129; x_wconf 76' lang='lat' dir='ltr'>F.</span> <span class='ocrx_word' id='word_1_188' title='bbox 463 2094 613 2130; x_wconf 83' lang='lat' dir='ltr'>LIBRO</span> <span class='ocrx_word' id='word_1_189' title='bbox 641 2093 811 2129; x_wconf 88' lang='lat' dir='ltr'><strong>SEXTO.</strong></span> 
     </span>
    </p>
   </div>
   <div class='ocr_carea' id='block_1_7' title="bbox 576 2203 638 2239">
    <p class='ocr_par' dir='ltr' id='par_1_12' title="bbox 576 2203 638 2239">
     <span class='ocr_line' id='line_1_30' title="bbox 576 2203 638 2239; baseline 0 -12"><span class='ocrx_word' id='word_1_190' title='bbox 576 2203 638 2239; x_wconf 76' lang='lat'>29.</span> 
     </span>
    </p>
   </div>
   <div class='ocr_carea' id='block_1_8' title="bbox 87 2273 1134 2676">
    <p class='ocr_par' dir='ltr' id='par_1_13' title="bbox 87 2273 1134 2676">
     <span class='ocr_line' id='line_1_31' title="bbox 140 2273 1130 2328; baseline -0.003 -14"><span class='ocrx_word' id='word_1_191' title='bbox 140 2278 395 2327; x_wconf 83' lang='lat' dir='ltr'><strong>Harpocratio</strong></span> <span class='ocrx_word' id='word_1_192' title='bbox 411 2288 420 2314; x_wconf 73' lang='grc' dir='ltr'>ε</span> <span class='ocrx_word' id='word_1_193' title='bbox 439 2274 733 2328; x_wconf 83' lang='grc' dir='ltr'>Δερμηστής...</span> <span class='ocrx_word' id='word_1_194' title='bbox 755 2273 904 2324; x_wconf 80' lang='grc' dir='ltr'>Δίδυμος</span> <span class='ocrx_word' id='word_1_195' title='bbox 925 2273 988 2324; x_wconf 89' lang='grc' dir='ltr'>μὲν</span> <span class='ocrx_word' id='word_1_196' title='bbox 1006 2274 1130 2312; x_wconf 85' lang='grc' dir='ltr'>ἀποδί-</span> 
     </span>
     <span class='ocr_line' id='line_1_32' title="bbox 87 2331 1134 2383; baseline -0.001 -11"><span class='ocrx_word' id='word_1_197' title='bbox 87 2335 172 2372; x_wconf 81' lang='grc' dir='ltr'>δωσι</span> <span class='ocrx_word' id='word_1_198' title='bbox 191 2334 248 2371; x_wconf 79' lang='grc' dir='ltr'>τὸν</span> <span class='ocrx_word' id='word_1_199' title='bbox 271 2332 439 2379; x_wconf 86' lang='grc' dir='ltr'>σκώληκα</span> <span class='ocrx_word' id='word_1_200' title='bbox 459 2332 548 2370; x_wconf 77' lang='grc' dir='ltr'>οὕτω</span> <span class='ocrx_word' id='word_1_201' title='bbox 566 2333 727 2383; x_wconf 87' lang='grc' dir='ltr'>λέγεσθαι</span> <span class='ocrx_word' id='word_1_202' title='bbox 747 2334 781 2370; x_wconf 82' lang='grc' dir='ltr'>ἐν</span> <span class='ocrx_word' id='word_1_203' title='bbox 801 2331 934 2383; x_wconf 75' lang='grc' dir='ltr'>Νιόὸῃ,</span> <span class='ocrx_word' id='word_1_204' title='bbox 955 2333 989 2369; x_wconf 82' lang='grc' dir='ltr'>ἐν</span> <span class='ocrx_word' id='word_1_205' title='bbox 1009 2331 1037 2377; x_wconf 84' lang='grc' dir='ltr'>ζ’</span> <span class='ocrx_word' id='word_1_206' title='bbox 1060 2334 1134 2378; x_wconf 76' lang='grc' dir='ltr'>Τῆς</span> 
     </span>
     <span class='ocr_line' id='line_1_33' title="bbox 89 2389 1131 2443; baseline -0.002 -13"><span class='ocrx_word' id='word_1_207' title='bbox 89 2391 328 2443; x_wconf 84' lang='grc' dir='ltr'>ἀπορουμένης</span> <span class='ocrx_word' id='word_1_208' title='bbox 340 2390 472 2434; x_wconf 85' lang='grc' dir='ltr'>λέξεως.</span> <span class='ocrx_word' id='word_1_209' title='bbox 487 2389 710 2442; x_wconf 83' lang='grc' dir='ltr'>Ἀρίσταρχος</span> <span class='ocrx_word' id='word_1_210' title='bbox 724 2390 760 2428; x_wconf 79' lang='grc' dir='ltr'>δὲ</span> <span class='ocrx_word' id='word_1_211' title='bbox 776 2390 814 2428; x_wconf 86' lang='grc' dir='ltr'>τὸ</span> <span class='ocrx_word' id='word_1_212' title='bbox 829 2390 1039 2442; x_wconf 74' lang='grc' dir='ltr'>Σοφόκλειον</span> <span class='ocrx_word' id='word_1_213' title='bbox 1057 2389 1131 2436; x_wconf 83' lang='grc' dir='ltr'>ἐξη-</span> 
     </span>
     <span class='ocr_line' id='line_1_34' title="bbox 88 2447 1132 2501; baseline -0.001 -13"><span class='ocrx_word' id='word_1_214' title='bbox 88 2450 253 2501; x_wconf 83' lang='grc' dir='ltr'>γούμενος</span> <span class='ocrx_word' id='word_1_215' title='bbox 267 2449 325 2487; x_wconf 80' lang='grc' dir='ltr'>τὸν</span> <span class='ocrx_word' id='word_1_216' title='bbox 345 2448 419 2501; x_wconf 84' lang='grc' dir='ltr'>ὄφιν</span> <span class='ocrx_word' id='word_1_217' title='bbox 439 2448 614 2487; x_wconf 88' lang='grc' dir='ltr'>ἀπέδωκε.</span> <span class='ocrx_word' id='word_1_218' title='bbox 639 2448 788 2494; x_wconf 82' lang='grc' dir='ltr'>Μήποτε</span> <span class='ocrx_word' id='word_1_219' title='bbox 807 2448 842 2486; x_wconf 81' lang='grc' dir='ltr'>δὲ</span> <span class='ocrx_word' id='word_1_220' title='bbox 864 2449 995 2498; x_wconf 81' lang='grc' dir='ltr'>μᾶλλον</span> <span class='ocrx_word' id='word_1_221' title='bbox 1017 2447 1069 2495; x_wconf 85' lang='grc' dir='ltr'>εἴη</span> <span class='ocrx_word' id='word_1_222' title='bbox 1090 2447 1132 2487; x_wconf 78' lang='grc' dir='ltr'>ἂν</span> 
     </span>
     <span class='ocr_line' id='line_1_35' title="bbox 89 2506 1133 2559; baseline -0.004 -12"><span class='ocrx_word' id='word_1_223' title='bbox 89 2509 182 2552; x_wconf 84' lang='grc' dir='ltr'>ὅστις</span> <span class='ocrx_word' id='word_1_224' title='bbox 201 2507 245 2547; x_wconf 82' lang='grc' dir='ltr'>τὰ</span> <span class='ocrx_word' id='word_1_225' title='bbox 263 2507 420 2559; x_wconf 90' lang='grc' dir='ltr'>δέρματα</span> <span class='ocrx_word' id='word_1_226' title='bbox 437 2507 540 2545; x_wconf 77' lang='grc' dir='ltr'>ἐσθίει</span> <span class='ocrx_word' id='word_1_227' title='bbox 556 2506 774 2559; x_wconf 81' lang='grc' dir='ltr'>δερμηστής,</span> <span class='ocrx_word' id='word_1_228' title='bbox 790 2508 835 2549; x_wconf 84' lang='grc' dir='ltr'>ὡς</span> <span class='ocrx_word' id='word_1_229' title='bbox 856 2506 1133 2556; x_wconf 77' lang='grc' dir='ltr'>ὑποσημαίνεται</span> 
     </span>
     <span class='ocr_line' id='line_1_36' title="bbox 89 2564 1132 2617; baseline -0.001 -12"><span class='ocrx_word' id='word_1_230' title='bbox 89 2567 149 2605; x_wconf 75' lang='grc' dir='ltr'>καὶ</span> <span class='ocrx_word' id='word_1_231' title='bbox 170 2569 204 2605; x_wconf 84' lang='grc' dir='ltr'>ἐν</span> <span class='ocrx_word' id='word_1_232' title='bbox 224 2566 258 2610; x_wconf 74' lang='grc' dir='ltr'>ς’</span> <span class='ocrx_word' id='word_1_233' title='bbox 277 2567 511 2611; x_wconf 83' lang='grc' dir='ltr'>Μιλησιακῶν</span> <span class='ocrx_word' id='word_1_234' title='bbox 528 2564 747 2617; x_wconf 82' lang='grc' dir='ltr'>Ἀριστείδου.</span> <span class='ocrx_word' id='word_1_235' title='bbox 767 2568 810 2603; x_wconf 91' lang='lat' dir='ltr'>V.</span> <span class='ocrx_word' id='word_1_236' title='bbox 827 2567 957 2614; x_wconf 89' lang='lat' dir='ltr'><strong>Steph.</strong></span> <span class='ocrx_word' id='word_1_237' title='bbox 981 2567 1088 2603; x_wconf 90' lang='lat' dir='ltr'><strong>Thes.</strong></span> <span class='ocrx_word' id='word_1_238' title='bbox 1104 2579 1132 2604; x_wconf 90' lang='lat' dir='ltr'>s.</span> 
     </span>
     <span class='ocr_line' id='line_1_37' title="bbox 90 2626 887 2676; baseline -0.001 -13"><span class='ocrx_word' id='word_1_239' title='bbox 90 2641 129 2665; x_wconf 78' lang='lat' dir='ltr'>v.</span> <span class='ocrx_word' id='word_1_240' title='bbox 149 2628 254 2676; x_wconf 84' lang='lat' dir='ltr'><strong>11,p.</strong></span> <span class='ocrx_word' id='word_1_241' title='bbox 275 2626 387 2670; x_wconf 91' lang='lat'>1006,</span> <span class='ocrx_word' id='word_1_242' title='bbox 403 2626 444 2664; x_wconf 90' lang='lat' dir='ltr'>C.</span> <span class='ocrx_word' id='word_1_243' title='bbox 885 2641 887 2644; x_wconf 58' lang='lat'><strong>⁴</strong></span> 
     </span>
    </p>
   </div>
   <div class='ocr_carea' id='block_1_9' title="bbox 900 256 1375 297">
    <p class='ocr_par' dir='ltr' id='par_1_14' title="bbox 900 256 1375 297">
     <span class='ocr_line' id='line_1_38' title="bbox 900 256 1375 297; baseline -0.006 0"><span class='ocrx_word' id='word_1_244' title='bbox 900 256 1152 297; x_wconf 84' lang='lat' dir='ltr'><strong>ABISTlDlS</strong></span> <span class='ocrx_word' id='word_1_245' title='bbox 1179 256 1375 296; x_wconf 86' lang='lat' dir='ltr'><strong>MILESII</strong></span> 
     </span>
    </p>
   </div>
   <div class='ocr_carea' id='block_1_10' title="bbox 1464 352 1927 393">
    <p class='ocr_par' dir='ltr' id='par_1_15' title="bbox 1464 352 1927 393">
     <span class='ocr_line' id='line_1_39' title="bbox 1464 352 1927 393; baseline 0 -1"><span class='ocrx_word' id='word_1_246' title='bbox 1464 353 1587 393; x_wconf 84' lang='grc' dir='ltr'>ΠΕΡΙ</span> <span class='ocrx_word' id='word_1_247' title='bbox 1616 352 1927 393; x_wconf 82' lang='grc' dir='ltr'>ΠΑΡΟΙΜΙΩΝ.</span> 
     </span>
    </p>
   </div>
   <div class='ocr_carea' id='block_1_11' title="bbox 1459 438 1931 551">
    <p class='ocr_par' dir='ltr' id='par_1_16' title="bbox 1459 438 1931 551">
     <span class='ocr_line' id='line_1_40' title="bbox 1663 438 1726 476; baseline 0.016 -1"><span class='ocrx_word' id='word_1_248' title='bbox 1663 438 1726 476; x_wconf 87' lang='lat'>30.</span> 
     </span>
     <span class='ocr_line' id='line_1_41' title="bbox 1459 513 1931 551; baseline -0.002 -2"><span class='ocrx_word' id='word_1_249' title='bbox 1459 515 1490 549; x_wconf 90' lang='lat' dir='ltr'>E</span> <span class='ocrx_word' id='word_1_250' title='bbox 1516 514 1665 550; x_wconf 87' lang='lat' dir='ltr'>LIBRO</span> <span class='ocrx_word' id='word_1_251' title='bbox 1695 513 1931 551; x_wconf 89' lang='lat' dir='ltr'><strong>SECUNDO.</strong></span> 
     </span>
    </p>
   </div>
   <div class='ocr_carea' id='block_1_12' title="bbox 1178 583 2222 1160">
    <p class='ocr_par' dir='ltr' id='par_1_17' title="bbox 1178 583 2222 1160">
     <span class='ocr_line' id='line_1_42' title="bbox 1234 583 2220 636; baseline 0 -13"><span class='ocrx_word' id='word_1_252' title='bbox 1234 587 1363 636; x_wconf 90' lang='lat' dir='ltr'><strong>Steph.</strong></span> <span class='ocrx_word' id='word_1_253' title='bbox 1383 587 1472 634; x_wconf 85' lang='lat' dir='ltr'><strong>Byz.</strong></span> <span class='ocrx_word' id='word_1_254' title='bbox 1490 599 1528 624; x_wconf 88' lang='lat' dir='ltr'>v.</span> <span class='ocrx_word' id='word_1_255' title='bbox 1543 583 1712 632; x_wconf 85' lang='grc' dir='ltr'>Δωδώνη,</span> <span class='ocrx_word' id='word_1_256' title='bbox 1729 586 1776 622; x_wconf 89' lang='lat' dir='ltr'>de</span> <span class='ocrx_word' id='word_1_257' title='bbox 1791 585 1997 635; x_wconf 89' lang='lat' dir='ltr'><strong>proverbio</strong></span> <span class='ocrx_word' id='word_1_258' title='bbox 2015 583 2220 623; x_wconf 84' lang='grc' dir='ltr'>Δωδωναῖον</span> 
     </span>
     <span class='ocr_line' id='line_1_43' title="bbox 1178 635 2218 695; baseline -0.002 -14"><span class='ocrx_word' id='word_1_259' title='bbox 1178 644 1340 695; x_wconf 81' lang='grc' dir='ltr'>χαλκεῖον</span> <span class='ocrx_word' id='word_1_260' title='bbox 1363 656 1372 681; x_wconf 87' lang='lat'><strong>:</strong></span> <span class='ocrx_word' id='word_1_261' title='bbox 1405 642 1619 695; x_wconf 88' lang='grc' dir='ltr'>Προσθετέον</span> <span class='ocrx_word' id='word_1_262' title='bbox 1642 635 1700 681; x_wconf 63' lang='grc' dir='ltr'>οὖν</span> <span class='ocrx_word' id='word_1_263' title='bbox 1719 644 1769 694; x_wconf 82' lang='grc' dir='ltr'>τῷ</span> <span class='ocrx_word' id='word_1_264' title='bbox 1797 644 1991 694; x_wconf 88' lang='grc' dir='ltr'>περιηγητῇ</span> <span class='ocrx_word' id='word_1_265' title='bbox 2012 641 2218 691; x_wconf 83' lang='grc' dir='ltr'>Πολέμωνι,</span> 
     </span>
     <span class='ocr_line' id='line_1_44' title="bbox 1178 699 2220 754; baseline 0 -16"><span class='ocrx_word' id='word_1_266' title='bbox 1178 701 1329 754; x_wconf 73' lang='grc' dir='ltr'>ἀκριὸῶς</span> <span class='ocrx_word' id='word_1_267' title='bbox 1349 699 1411 747; x_wconf 80' lang='grc' dir='ltr'>τὴν</span> <span class='ocrx_word' id='word_1_268' title='bbox 1431 700 1604 747; x_wconf 81' lang='grc' dir='ltr'>Δωδώνην</span> <span class='ocrx_word' id='word_1_269' title='bbox 1626 699 1865 752; x_wconf 82' lang='grc' dir='ltr'>ἐπισταμένῳ,</span> <span class='ocrx_word' id='word_1_270' title='bbox 1887 699 1947 738; x_wconf 79' lang='grc' dir='ltr'>καὶ</span> <span class='ocrx_word' id='word_1_271' title='bbox 1966 699 2156 752; x_wconf 83' lang='grc' dir='ltr'>Ἀριστείδῃ</span> <span class='ocrx_word' id='word_1_272' title='bbox 2176 699 2220 738; x_wconf 78' lang='grc' dir='ltr'>τὰ</span> 
     </span>
     <span class='ocr_line' id='line_1_45' title="bbox 1181 756 2220 812; baseline 0.001 -16"><span class='ocrx_word' id='word_1_273' title='bbox 1181 759 1302 797; x_wconf 81' lang='grc' dir='ltr'>τούτου</span> <span class='ocrx_word' id='word_1_274' title='bbox 1323 757 1616 812; x_wconf 77' lang='grc' dir='ltr'>μεταγεγραφότι,</span> <span class='ocrx_word' id='word_1_275' title='bbox 1635 757 1769 809; x_wconf 88' lang='grc' dir='ltr'>λέγοντι</span> <span class='ocrx_word' id='word_1_276' title='bbox 1787 757 1878 796; x_wconf 86' lang='grc' dir='ltr'>κατὰ</span> <span class='ocrx_word' id='word_1_277' title='bbox 1897 756 1959 804; x_wconf 84' lang='grc' dir='ltr'>τὴν</span> <span class='ocrx_word' id='word_1_278' title='bbox 1981 758 2029 809; x_wconf 86' lang='grc' dir='ltr'>β’·</span> <span class='ocrx_word' id='word_1_279' title='bbox 2055 775 2071 793; x_wconf 86' lang='lat'>«</span> <span class='ocrx_word' id='word_1_280' title='bbox 2084 757 2158 800; x_wconf 80' lang='grc' dir='ltr'>’Ἐν</span> <span class='ocrx_word' id='word_1_281' title='bbox 2177 761 2220 810; x_wconf 84' lang='grc' dir='ltr'>τῇ</span> 
     </span>
     <span class='ocr_line' id='line_1_46' title="bbox 1178 815 2220 869; baseline -0.001 -14"><span class='ocrx_word' id='word_1_282' title='bbox 1178 818 1330 867; x_wconf 85' lang='grc' dir='ltr'>Δωδώνῃ</span> <span class='ocrx_word' id='word_1_283' title='bbox 1343 815 1461 855; x_wconf 84' lang='grc' dir='ltr'>στύλοι</span> <span class='ocrx_word' id='word_1_284' title='bbox 1475 815 1535 854; x_wconf 86' lang='grc' dir='ltr'>δύο</span> <span class='ocrx_word' id='word_1_285' title='bbox 1548 815 1765 869; x_wconf 87' lang='grc' dir='ltr'>παράλληλοι</span> <span class='ocrx_word' id='word_1_286' title='bbox 1778 815 1838 854; x_wconf 79' lang='grc' dir='ltr'>καὶ</span> <span class='ocrx_word' id='word_1_287' title='bbox 1855 815 2028 868; x_wconf 77' lang='grc' dir='ltr'>παρεγγὺς</span> <span class='ocrx_word' id='word_1_288' title='bbox 2042 815 2220 863; x_wconf 86' lang='grc' dir='ltr'>ἀλλήλων·</span> 
     </span>
     <span class='ocr_line' id='line_1_47' title="bbox 1178 872 2220 926; baseline 0 -14"><span class='ocrx_word' id='word_1_289' title='bbox 1178 874 1237 913; x_wconf 74' lang='grc' dir='ltr'>καὶ</span> <span class='ocrx_word' id='word_1_290' title='bbox 1253 874 1310 912; x_wconf 80' lang='grc' dir='ltr'>ἐπὶ</span> <span class='ocrx_word' id='word_1_291' title='bbox 1325 875 1387 925; x_wconf 81' lang='grc' dir='ltr'>μὲν</span> <span class='ocrx_word' id='word_1_292' title='bbox 1405 873 1549 926; x_wconf 83' lang='grc' dir='ltr'>θατέρου</span> <span class='ocrx_word' id='word_1_293' title='bbox 1561 873 1724 926; x_wconf 86' lang='grc' dir='ltr'>χαλκεῖόν</span> <span class='ocrx_word' id='word_1_294' title='bbox 1741 875 1832 913; x_wconf 81' lang='grc' dir='ltr'>ἐστιν</span> <span class='ocrx_word' id='word_1_295' title='bbox 1851 875 1888 912; x_wconf 84' lang='grc' dir='ltr'>οὗ</span> <span class='ocrx_word' id='word_1_296' title='bbox 1905 872 1995 925; x_wconf 88' lang='grc' dir='ltr'>μέγα</span> <span class='ocrx_word' id='word_1_297' title='bbox 2005 903 2016 922; x_wconf 96' lang='grc'>,</span> <span class='ocrx_word' id='word_1_298' title='bbox 2032 879 2100 918; x_wconf 88' lang='grc' dir='ltr'>τοῖς</span> <span class='ocrx_word' id='word_1_299' title='bbox 2111 873 2147 912; x_wconf 83' lang='grc' dir='ltr'>δὲ</span> <span class='ocrx_word' id='word_1_300' title='bbox 2163 877 2220 912; x_wconf 75' lang='grc' dir='ltr'>νῦν</span> 
     </span>
     <span class='ocr_line' id='line_1_48' title="bbox 1179 931 2220 986; baseline 0.001 -16"><span class='ocrx_word' id='word_1_301' title='bbox 1179 932 1424 985; x_wconf 79' lang='grc' dir='ltr'>παραπλήσιον</span> <span class='ocrx_word' id='word_1_302' title='bbox 1441 932 1584 979; x_wconf 72' lang='grc' dir='ltr'>λέὸησι,</span> <span class='ocrx_word' id='word_1_303' title='bbox 1612 932 1670 970; x_wconf 77' lang='grc' dir='ltr'>ἐπὶ</span> <span class='ocrx_word' id='word_1_304' title='bbox 1687 931 1724 970; x_wconf 80' lang='grc' dir='ltr'>δὲ</span> <span class='ocrx_word' id='word_1_305' title='bbox 1752 931 1895 984; x_wconf 81' lang='grc' dir='ltr'>θατέρου</span> <span class='ocrx_word' id='word_1_306' title='bbox 1915 931 2098 984; x_wconf 85' lang='grc' dir='ltr'>παιδάριον</span> <span class='ocrx_word' id='word_1_307' title='bbox 2117 933 2152 971; x_wconf 82' lang='grc' dir='ltr'>ἐν</span> <span class='ocrx_word' id='word_1_308' title='bbox 2175 936 2220 986; x_wconf 85' lang='grc' dir='ltr'>τῇ</span> 
     </span>
     <span class='ocr_line' id='line_1_49' title="bbox 1180 983 2222 1044; baseline 0.001 -16"><span class='ocrx_word' id='word_1_309' title='bbox 1180 991 1272 1044; x_wconf 79' lang='grc' dir='ltr'>δεξιᾷ</span> <span class='ocrx_word' id='word_1_310' title='bbox 1301 991 1392 1044; x_wconf 77' lang='grc' dir='ltr'>χειρὶ</span> <span class='ocrx_word' id='word_1_311' title='bbox 1415 990 1598 1042; x_wconf 86' lang='grc' dir='ltr'>μαστίγιον</span> <span class='ocrx_word' id='word_1_312' title='bbox 1627 989 1719 1042; x_wconf 88' lang='grc' dir='ltr'>ἔχόν,</span> <span class='ocrx_word' id='word_1_313' title='bbox 1742 983 1781 1028; x_wconf 67' lang='grc' dir='ltr'>οἶ</span> <span class='ocrx_word' id='word_1_314' title='bbox 1811 989 1903 1029; x_wconf 81' lang='grc' dir='ltr'>κατὰ</span> <span class='ocrx_word' id='word_1_315' title='bbox 1923 989 1962 1028; x_wconf 86' lang='grc' dir='ltr'>τὸ</span> <span class='ocrx_word' id='word_1_316' title='bbox 1993 990 2100 1035; x_wconf 85' lang='grc' dir='ltr'>δεξιὸν</span> <span class='ocrx_word' id='word_1_317' title='bbox 2120 990 2222 1044; x_wconf 82' lang='grc' dir='ltr'>μέρος</span> 
     </span>
     <span class='ocr_line' id='line_1_50' title="bbox 1180 1042 2222 1101; baseline 0 -13"><span class='ocrx_word' id='word_1_318' title='bbox 1180 1052 1197 1088; x_wconf 85' lang='grc' dir='ltr'>ὁ</span> <span class='ocrx_word' id='word_1_319' title='bbox 1217 1049 1257 1088; x_wconf 84' lang='grc' dir='ltr'>τὸ</span> <span class='ocrx_word' id='word_1_320' title='bbox 1285 1049 1448 1096; x_wconf 73' lang='grc' dir='ltr'>λεὸήτιον</span> <span class='ocrx_word' id='word_1_321' title='bbox 1467 1047 1559 1101; x_wconf 85' lang='grc' dir='ltr'>ἔχων</span> <span class='ocrx_word' id='word_1_322' title='bbox 1578 1048 1662 1086; x_wconf 80' lang='grc' dir='ltr'>κίων</span> <span class='ocrx_word' id='word_1_323' title='bbox 1694 1047 1852 1096; x_wconf 81' lang='grc' dir='ltr'>ἕστηκεν.</span> <span class='ocrx_word' id='word_1_324' title='bbox 1880 1047 1996 1087; x_wconf 70' lang='lat' dir='ltr'>‘&#39;va</span> <span class='ocrx_word' id='word_1_325' title='bbox 2017 1042 2076 1087; x_wconf 65' lang='grc' dir='ltr'>οὖν</span> <span class='ocrx_word' id='word_1_326' title='bbox 2095 1047 2222 1099; x_wconf 81' lang='grc' dir='ltr'>ἄνεμον</span> 
     </span>
     <span class='ocr_line' id='line_1_51' title="bbox 1180 1097 2218 1160; baseline -0.003 -14"><span class='ocrx_word' id='word_1_327' title='bbox 1180 1107 1297 1160; x_wconf 75' lang='grc' dir='ltr'>συμὸῇ</span> <span class='ocrx_word' id='word_1_328' title='bbox 1311 1108 1420 1156; x_wconf 82' lang='grc' dir='ltr'>πνεῖν,</span> <span class='ocrx_word' id='word_1_329' title='bbox 1433 1105 1582 1160; x_wconf 57' lang='grc' dir='ltr'>τοὺςτῆς</span> <span class='ocrx_word' id='word_1_330' title='bbox 1596 1105 1762 1158; x_wconf 84' lang='grc' dir='ltr'>μάστιγος</span> <span class='ocrx_word' id='word_1_331' title='bbox 1776 1105 1923 1157; x_wconf 81' lang='grc' dir='ltr'>ἱμάντας</span> <span class='ocrx_word' id='word_1_332' title='bbox 1934 1097 2086 1158; x_wconf 76' lang='grc' dir='ltr'>χαλκοῦς</span> <span class='ocrx_word' id='word_1_333' title='bbox 2101 1105 2218 1153; x_wconf 81' lang='grc' dir='ltr'>ὄντας,</span> 
     </span>
    </p>
   </div>
   <div class='ocr_carea' id='block_1_13' title="bbox 1181 1163 2328 1217">
    <p class='ocr_par' dir='ltr' id='par_1_18' title="bbox 1181 1163 2328 1217">
     <span class='ocr_line' id='line_1_52' title="bbox 1181 1163 2328 1217; baseline -0.002 -13"><span class='ocrx_word' id='word_1_334' title='bbox 1181 1165 1307 1217; x_wconf 85' lang='grc' dir='ltr'>ὁμοίως</span> <span class='ocrx_word' id='word_1_335' title='bbox 1335 1171 1404 1209; x_wconf 86' lang='grc' dir='ltr'>τοῖς</span> <span class='ocrx_word' id='word_1_336' title='bbox 1435 1166 1607 1212; x_wconf 87' lang='grc' dir='ltr'>ἀληθινοῖς</span> <span class='ocrx_word' id='word_1_337' title='bbox 1637 1165 1775 1215; x_wconf 78' lang='grc' dir='ltr'>ἱμᾶσιν,</span> <span class='ocrx_word' id='word_1_338' title='bbox 1804 1163 2055 1217; x_wconf 79' lang='grc' dir='ltr'>αἰωρουμένους</span> <span class='ocrx_word' id='word_1_339' title='bbox 2079 1163 2145 1202; x_wconf 77' lang='grc' dir='ltr'>ὑπὸ</span> <span class='ocrx_word' id='word_1_340' title='bbox 2163 1167 2224 1203; x_wconf 75' lang='grc' dir='ltr'>τοῦ</span> <span class='ocrx_word' id='word_1_341' title='bbox 2254 1202 2263 1208; x_wconf 72' lang='lat'>‚</span> <span class='ocrx_word' id='word_1_342' title='bbox 2323 1170 2328 1174; x_wconf 88' lang='lat'>&#39;</span> 
     </span>
    </p>
   </div>
   <div class='ocr_carea' id='block_1_14' title="bbox 1181 1221 2230 1856">
    <p class='ocr_par' dir='ltr' id='par_1_19' title="bbox 1181 1221 2223 1331">
     <span class='ocr_line' id='line_1_53' title="bbox 1181 1221 2223 1276; baseline -0.001 -14"><span class='ocrx_word' id='word_1_343' title='bbox 1181 1224 1376 1276; x_wconf 82' lang='grc' dir='ltr'>πνεύματος</span> <span class='ocrx_word' id='word_1_344' title='bbox 1395 1222 1575 1262; x_wconf 73' lang='grc' dir='ltr'>συνέὸαινε</span> <span class='ocrx_word' id='word_1_345' title='bbox 1594 1221 1717 1276; x_wconf 85' lang='grc' dir='ltr'>ψαύειν</span> <span class='ocrx_word' id='word_1_346' title='bbox 1748 1225 1808 1260; x_wconf 81' lang='grc' dir='ltr'>τοῦ</span> <span class='ocrx_word' id='word_1_347' title='bbox 1837 1221 2005 1275; x_wconf 86' lang='grc' dir='ltr'>χαλκείου</span> <span class='ocrx_word' id='word_1_348' title='bbox 2033 1221 2094 1260; x_wconf 82' lang='grc' dir='ltr'>καὶ</span> <span class='ocrx_word' id='word_1_349' title='bbox 2121 1225 2223 1261; x_wconf 81' lang='grc' dir='ltr'>τοῦτο</span> 
     </span>
     <span class='ocr_line' id='line_1_54' title="bbox 1183 1279 2092 1331; baseline -0.006 -10"><span class='ocrx_word' id='word_1_350' title='bbox 1183 1282 1413 1326; x_wconf 85' lang='grc' dir='ltr'>ἀδιαλείπτως</span> <span class='ocrx_word' id='word_1_351' title='bbox 1432 1282 1555 1329; x_wconf 80' lang='grc' dir='ltr'>ποιεῖν,</span> <span class='ocrx_word' id='word_1_352' title='bbox 1575 1280 1639 1324; x_wconf 82' lang='grc' dir='ltr'>ἕως</span> <span class='ocrx_word' id='word_1_353' title='bbox 1659 1280 1700 1318; x_wconf 81' lang='grc' dir='ltr'>ἂν</span> <span class='ocrx_word' id='word_1_354' title='bbox 1719 1283 1736 1318; x_wconf 84' lang='grc' dir='ltr'><strong>ὃ</strong></span> <span class='ocrx_word' id='word_1_355' title='bbox 1753 1279 1876 1330; x_wconf 85' lang='grc' dir='ltr'>ἄνεμος</span> <span class='ocrx_word' id='word_1_356' title='bbox 1896 1279 2057 1331; x_wconf 82' lang='grc' dir='ltr'>διαμένῃ.</span> <span class='ocrx_word' id='word_1_357' title='bbox 2075 1298 2092 1314; x_wconf 82' lang='lat'>»</span> 
     </span>
    </p>

    <p class='ocr_par' dir='ltr' id='par_1_20' title="bbox 1181 1333 2230 1856">
     <span class='ocr_line' id='line_1_55' title="bbox 1235 1333 2222 1385; baseline -0.004 -11"><span class='ocrx_word' id='word_1_358' title='bbox 1235 1338 1292 1376; x_wconf 85' lang='lat' dir='ltr'>Cf.</span> <span class='ocrx_word' id='word_1_359' title='bbox 1315 1337 1446 1373; x_wconf 88' lang='lat' dir='ltr'><strong>Suidas</strong></span> <span class='ocrx_word' id='word_1_360' title='bbox 1463 1349 1499 1374; x_wconf 79' lang='lat' dir='ltr'>v,</span> <span class='ocrx_word' id='word_1_361' title='bbox 1520 1334 1725 1373; x_wconf 88' lang='grc' dir='ltr'>Δωδωναῖον</span> <span class='ocrx_word' id='word_1_362' title='bbox 1745 1333 1922 1385; x_wconf 86' lang='grc' dir='ltr'>χαλκεῖον,</span> <span class='ocrx_word' id='word_1_363' title='bbox 1939 1334 2007 1370; x_wconf 87' lang='lat' dir='ltr'>ubi</span> <span class='ocrx_word' id='word_1_364' title='bbox 2019 1341 2222 1383; x_wconf 84' lang='lat' dir='ltr'><strong>postquam</strong></span> 
     </span>
     <span class='ocr_line' id='line_1_56' title="bbox 1181 1393 2228 1444; baseline -0.003 -12"><span class='ocrx_word' id='word_1_365' title='bbox 1181 1396 1362 1432; x_wconf 79' lang='lat' dir='ltr'><strong>Demom&#39;s</strong></span> <span class='ocrx_word' id='word_1_366' title='bbox 1401 1394 1411 1444; x_wconf 96' lang='lat'>(</span> <span class='ocrx_word' id='word_1_367' title='bbox 1426 1395 1473 1431; x_wconf 87' lang='lat' dir='ltr'>fr.</span> <span class='ocrx_word' id='word_1_368' title='bbox 1509 1393 1576 1444; x_wconf 88' lang='lat'>18)</span> <span class='ocrx_word' id='word_1_369' title='bbox 1610 1395 1829 1430; x_wconf 86' lang='lat' dir='ltr'><strong>sententiam</strong></span> <span class='ocrx_word' id='word_1_370' title='bbox 1865 1394 2062 1442; x_wconf 84' lang='lat' dir='ltr'><strong>exposuit,</strong></span> <span class='ocrx_word' id='word_1_371' title='bbox 2103 1394 2228 1442; x_wconf 85' lang='lat' dir='ltr'><strong>pergit</strong></span> 
     </span>
     <span class='ocr_line' id='line_1_57' title="bbox 1185 1449 2227 1505; baseline -0.005 -14"><span class='ocrx_word' id='word_1_372' title='bbox 1185 1456 1238 1491; x_wconf 87' lang='lat' dir='ltr'>ita</span> <span class='ocrx_word' id='word_1_373' title='bbox 1264 1467 1272 1490; x_wconf 89' lang='lat'><strong>:</strong></span> <span class='ocrx_word' id='word_1_374' title='bbox 1295 1451 1533 1505; x_wconf 88' lang='grc' dir='ltr'>Ἀριστοτέλης</span> <span class='ocrx_word' id='word_1_375' title='bbox 1558 1450 1593 1488; x_wconf 85' lang='grc' dir='ltr'>δὲ</span> <span class='ocrx_word' id='word_1_376' title='bbox 1613 1453 1659 1494; x_wconf 80' lang='grc' dir='ltr'>ὥς</span> <span class='ocrx_word' id='word_1_377' title='bbox 1677 1450 1826 1501; x_wconf 85' lang='grc' dir='ltr'>πλάσμα</span> <span class='ocrx_word' id='word_1_378' title='bbox 1845 1449 2031 1502; x_wconf 88' lang='grc' dir='ltr'>διελέγχων</span> <span class='ocrx_word' id='word_1_379' title='bbox 2055 1451 2126 1500; x_wconf 88' lang='lat' dir='ltr'><strong>(sc.</strong></span> <span class='ocrx_word' id='word_1_380' title='bbox 2153 1453 2227 1487; x_wconf 92' lang='lat' dir='ltr'>De-</span> 
     </span>
     <span class='ocr_line' id='line_1_58' title="bbox 1185 1501 2227 1562; baseline -0.003 -13"><span class='ocrx_word' id='word_1_381' title='bbox 1185 1514 1307 1549; x_wconf 90' lang='lat' dir='ltr'><strong>monis</strong></span> <span class='ocrx_word' id='word_1_382' title='bbox 1320 1510 1631 1561; x_wconf 85' lang='lat' dir='ltr'><strong>explicationem)</strong></span> <span class='ocrx_word' id='word_1_383' title='bbox 1651 1508 1710 1547; x_wconf 82' lang='grc' dir='ltr'>δύο</span> <span class='ocrx_word' id='word_1_384' title='bbox 1727 1508 1812 1561; x_wconf 81' lang='grc' dir='ltr'>φησὶ</span> <span class='ocrx_word' id='word_1_385' title='bbox 1832 1508 1974 1552; x_wconf 80' lang='grc' dir='ltr'>στύλους</span> <span class='ocrx_word' id='word_1_386' title='bbox 1991 1501 2078 1546; x_wconf 71' lang='grc' dir='ltr'>εἶναι</span> <span class='ocrx_word' id='word_1_387' title='bbox 2093 1508 2154 1546; x_wconf 82' lang='grc' dir='ltr'>καὶ</span> <span class='ocrx_word' id='word_1_388' title='bbox 2170 1508 2227 1562; x_wconf 55' lang='grc' dir='ltr'>ἐπὶ</span> 
     </span>
     <span class='ocr_line' id='line_1_59' title="bbox 1188 1567 2228 1622; baseline -0.005 -13"><span class='ocrx_word' id='word_1_389' title='bbox 1188 1570 1249 1621; x_wconf 79' lang='grc' dir='ltr'>μὲν</span> <span class='ocrx_word' id='word_1_390' title='bbox 1266 1574 1324 1608; x_wconf 72' lang='grc' dir='ltr'>τοῦ</span> <span class='ocrx_word' id='word_1_391' title='bbox 1338 1569 1453 1622; x_wconf 84' lang='grc' dir='ltr'>ἑτέρου</span> <span class='ocrx_word' id='word_1_392' title='bbox 1463 1568 1612 1618; x_wconf 77' lang='grc' dir='ltr'>λέὸητα,</span> <span class='ocrx_word' id='word_1_393' title='bbox 1631 1567 1688 1606; x_wconf 74' lang='grc' dir='ltr'>ἐπὶ</span> <span class='ocrx_word' id='word_1_394' title='bbox 1704 1567 1846 1620; x_wconf 88' lang='grc' dir='ltr'>θατέρου</span> <span class='ocrx_word' id='word_1_395' title='bbox 1863 1567 1899 1605; x_wconf 86' lang='grc' dir='ltr'>δὲ</span> <span class='ocrx_word' id='word_1_396' title='bbox 1913 1567 2022 1605; x_wconf 87' lang='grc' dir='ltr'>παῖδα</span> <span class='ocrx_word' id='word_1_397' title='bbox 2032 1570 2228 1618; x_wconf 75' lang='grc' dir='ltr'>κρατοῦντα</span> 
     </span>
     <span class='ocr_line' id='line_1_60' title="bbox 1188 1623 2228 1680; baseline -0.006 -13"><span class='ocrx_word' id='word_1_398' title='bbox 1188 1628 1362 1680; x_wconf 84' lang='grc' dir='ltr'>μάστιγα,</span> <span class='ocrx_word' id='word_1_399' title='bbox 1388 1623 1430 1676; x_wconf 71' lang='grc' dir='ltr'>ἧς</span> <span class='ocrx_word' id='word_1_400' title='bbox 1447 1626 1525 1671; x_wconf 80' lang='grc' dir='ltr'>τοὺς</span> <span class='ocrx_word' id='word_1_401' title='bbox 1545 1626 1693 1678; x_wconf 84' lang='grc' dir='ltr'>ἱμάντας</span> <span class='ocrx_word' id='word_1_402' title='bbox 1717 1624 1888 1677; x_wconf 85' lang='grc' dir='ltr'>χαλκέους</span> <span class='ocrx_word' id='word_1_403' title='bbox 1915 1623 2015 1668; x_wconf 83' lang='grc' dir='ltr'>ὄντας</span> <span class='ocrx_word' id='word_1_404' title='bbox 2033 1623 2228 1674; x_wconf 74' lang='grc' dir='ltr'>σειομένους</span> 
     </span>
     <span class='ocr_line' id='line_1_61' title="bbox 1191 1681 2229 1738; baseline -0.005 -14"><span class='ocrx_word' id='word_1_405' title='bbox 1191 1688 1249 1724; x_wconf 81' lang='grc' dir='ltr'>ὑπ’</span> <span class='ocrx_word' id='word_1_406' title='bbox 1271 1686 1400 1736; x_wconf 88' lang='grc' dir='ltr'>ἀνέμου</span> <span class='ocrx_word' id='word_1_407' title='bbox 1416 1689 1466 1738; x_wconf 83' lang='grc' dir='ltr'>τῷ</span> <span class='ocrx_word' id='word_1_408' title='bbox 1481 1685 1602 1733; x_wconf 71' lang='grc' dir='ltr'>λέὸητι</span> <span class='ocrx_word' id='word_1_409' title='bbox 1626 1681 1866 1736; x_wconf 80' lang='grc' dir='ltr'>προσκρούειν,</span> <span class='ocrx_word' id='word_1_410' title='bbox 1882 1682 1940 1721; x_wconf 78' lang='grc' dir='ltr'>τὸν</span> <span class='ocrx_word' id='word_1_411' title='bbox 1960 1682 1996 1720; x_wconf 85' lang='grc' dir='ltr'>δὲ</span> <span class='ocrx_word' id='word_1_412' title='bbox 2015 1682 2229 1733; x_wconf 60' lang='grc' dir='ltr'>τυπτάκενον</span> 
     </span>
     <span class='ocr_line' id='line_1_62' title="bbox 1186 1735 2227 1797; baseline -0.007 -13"><span class='ocrx_word' id='word_1_413' title='bbox 1186 1747 1300 1797; x_wconf 86' lang='grc' dir='ltr'>ἠχεῖν.</span> <span class='ocrx_word' id='word_1_414' title='bbox 1315 1744 1409 1797; x_wconf 87' lang='grc' dir='ltr'>Πρὸς</span> <span class='ocrx_word' id='word_1_415' title='bbox 1426 1743 1580 1793; x_wconf 83' lang='grc' dir='ltr'>Δήμωνα</span> <span class='ocrx_word' id='word_1_416' title='bbox 1593 1758 1600 1766; x_wconf 95' lang='grc'><em>·</em></span> <span class='ocrx_word' id='word_1_417' title='bbox 1619 1743 1649 1780; x_wconf 87' lang='grc' dir='ltr'>εἷ</span> <span class='ocrx_word' id='word_1_418' title='bbox 1665 1742 1700 1779; x_wconf 81' lang='grc' dir='ltr'>δὲ</span> <span class='ocrx_word' id='word_1_419' title='bbox 1713 1741 1837 1780; x_wconf 81' lang='grc' dir='ltr'>πολλοὶ</span> <span class='ocrx_word' id='word_1_420' title='bbox 1851 1735 1958 1790; x_wconf 63' lang='grc' dir='ltr'>ἦσαν,</span> <span class='ocrx_word' id='word_1_421' title='bbox 1977 1741 2038 1778; x_wconf 81' lang='grc' dir='ltr'>οὐκ</span> <span class='ocrx_word' id='word_1_422' title='bbox 2050 1739 2091 1778; x_wconf 82' lang='grc' dir='ltr'>ἂν</span> <span class='ocrx_word' id='word_1_423' title='bbox 2108 1742 2227 1784; x_wconf 75' lang='grc' dir='ltr'>ἑνικῶς</span> 
     </span>
     <span class='ocr_line' id='line_1_63' title="bbox 1188 1799 2230 1856; baseline -0.005 -14"><span class='ocrx_word' id='word_1_424' title='bbox 1188 1803 1325 1856; x_wconf 83' lang='grc' dir='ltr'>ἐλέγετο</span> <span class='ocrx_word' id='word_1_425' title='bbox 1343 1805 1366 1850; x_wconf 84' lang='grc' dir='ltr'>ἡ</span> <span class='ocrx_word' id='word_1_426' title='bbox 1385 1801 1571 1855; x_wconf 79' lang='grc' dir='ltr'>παροιμία.</span> <span class='ocrx_word' id='word_1_427' title='bbox 1593 1804 1668 1839; x_wconf 87' lang='lat' dir='ltr'>Pro</span> <span class='ocrx_word' id='word_1_428' title='bbox 1688 1799 1927 1852; x_wconf 86' lang='grc' dir='ltr'>Ἀριστοτέλης</span> <span class='ocrx_word' id='word_1_429' title='bbox 1940 1800 2143 1849; x_wconf 86' lang='lat' dir='ltr'><strong>legendum</strong></span> <span class='ocrx_word' id='word_1_430' title='bbox 2155 1813 2230 1841; x_wconf 83' lang='lat' dir='ltr'><strong>esse</strong></span> 
     </span>
    </p>
   </div>
   <div class='ocr_carea' id='block_1_15' title="bbox 1126 1859 2232 1914">
    <p class='ocr_par' dir='ltr' id='par_1_21' title="bbox 1126 1859 2232 1914">
     <span class='ocr_line' id='line_1_64' title="bbox 1126 1859 2232 1914; baseline -0.005 -14"><span class='ocrx_word' id='word_1_431' title='bbox 1126 1886 1128 1888; x_wconf 97' lang='lat'>-</span> <span class='ocrx_word' id='word_1_432' title='bbox 1191 1860 1403 1914; x_wconf 86' lang='grc' dir='ltr'>Ἀριστείδης</span> <span class='ocrx_word' id='word_1_433' title='bbox 1424 1875 1444 1899; x_wconf 93' lang='lat' dir='ltr'>e</span> <span class='ocrx_word' id='word_1_434' title='bbox 1472 1861 1650 1911; x_wconf 85' lang='lat' dir='ltr'><strong>Stephani</strong></span> <span class='ocrx_word' id='word_1_435' title='bbox 1669 1861 1755 1896; x_wconf 92' lang='lat' dir='ltr'><strong>loco</strong></span> <span class='ocrx_word' id='word_1_436' title='bbox 1783 1867 1900 1910; x_wconf 83' lang='lat' dir='ltr'><strong>patet.</strong></span> <span class='ocrx_word' id='word_1_437' title='bbox 1922 1859 2088 1896; x_wconf 88' lang='lat' dir='ltr'><strong>Eandem</strong></span> <span class='ocrx_word' id='word_1_438' title='bbox 2110 1860 2232 1895; x_wconf 87' lang='lat' dir='ltr'><strong>nomi-</strong></span> 
     </span>
    </p>
   </div>
   <div class='ocr_carea' id='block_1_16' title="bbox 1188 1916 2235 2317">
    <p class='ocr_par' dir='ltr' id='par_1_22' title="bbox 1188 1916 2235 2317">
     <span class='ocr_line' id='line_1_65' title="bbox 1189 1916 2214 1958; baseline -0.006 0"><span class='ocrx_word' id='word_1_439' title='bbox 1189 1935 1282 1958; x_wconf 88' lang='lat' dir='ltr'>num</span> <span class='ocrx_word' id='word_1_440' title='bbox 1293 1921 1558 1958; x_wconf 86' lang='lat' dir='ltr'><strong>confusionem</strong></span> <span class='ocrx_word' id='word_1_441' title='bbox 1566 1919 1683 1955; x_wconf 86' lang='lat' dir='ltr'><strong>habet</strong></span> <span class='ocrx_word' id='word_1_442' title='bbox 1698 1920 1812 1957; x_wconf 87' lang='lat' dir='ltr'><strong>Prov.</strong></span> <span class='ocrx_word' id='word_1_443' title='bbox 1831 1918 1952 1954; x_wconf 86' lang='lat' dir='ltr'><strong>codex</strong></span> <span class='ocrx_word' id='word_1_444' title='bbox 1967 1916 2120 1955; x_wconf 85' lang='lat' dir='ltr'><strong>coislin.</strong></span> <span class='ocrx_word' id='word_1_445' title='bbox 2141 1930 2156 1953; x_wconf 90' lang='lat'>1</span> <span class='ocrx_word' id='word_1_446' title='bbox 2168 1918 2214 1953; x_wconf 91' lang='lat'>16</span> 
     </span>
     <span class='ocr_line' id='line_1_66' title="bbox 1188 1974 2232 2023; baseline -0.005 -6"><span class='ocrx_word' id='word_1_447' title='bbox 1188 1981 1283 2018; x_wconf 87' lang='lat' dir='ltr'><strong>Vide</strong></span> <span class='ocrx_word' id='word_1_448' title='bbox 1295 1980 1466 2017; x_wconf 87' lang='lat' dir='ltr'><strong>Leutsch.</strong></span> <span class='ocrx_word' id='word_1_449' title='bbox 1481 1979 1530 2015; x_wconf 87' lang='lat' dir='ltr'>ad</span> <span class='ocrx_word' id='word_1_450' title='bbox 1545 1978 1687 2015; x_wconf 89' lang='lat' dir='ltr'><strong>Zenob.</strong></span> <span class='ocrx_word' id='word_1_451' title='bbox 1701 1978 1815 2014; x_wconf 86' lang='lat' dir='ltr'><strong>Prov.</strong></span> <span class='ocrx_word' id='word_1_452' title='bbox 1829 1978 1880 2014; x_wconf 94' lang='lat' dir='ltr'>VI</span> <span class='ocrx_word' id='word_1_453' title='bbox 1890 2003 1902 2022; x_wconf 91' lang='lat'>,</span> <span class='ocrx_word' id='word_1_454' title='bbox 1920 1974 1941 2011; x_wconf 84' lang='lat'>5</span> <span class='ocrx_word' id='word_1_455' title='bbox 1953 2002 1964 2021; x_wconf 91' lang='lat'>‚</span> <span class='ocrx_word' id='word_1_456' title='bbox 1975 1976 2044 2011; x_wconf 88' lang='lat' dir='ltr'>ubi</span> <span class='ocrx_word' id='word_1_457' title='bbox 2054 1976 2232 2023; x_wconf 89' lang='lat' dir='ltr'><strong>reliquos,</strong></span> 
     </span>
     <span class='ocr_line' id='line_1_67' title="bbox 1191 2033 2230 2086; baseline -0.004 -12"><span class='ocrx_word' id='word_1_458' title='bbox 1191 2039 1257 2086; x_wconf 93' lang='lat' dir='ltr'>qui</span> <span class='ocrx_word' id='word_1_459' title='bbox 1274 2038 1320 2074; x_wconf 86' lang='lat' dir='ltr'>de</span> <span class='ocrx_word' id='word_1_460' title='bbox 1334 2038 1409 2074; x_wconf 92' lang='lat' dir='ltr'><strong>hoc</strong></span> <span class='ocrx_word' id='word_1_461' title='bbox 1430 2036 1637 2086; x_wconf 86' lang='lat' dir='ltr'><strong>proverbio</strong></span> <span class='ocrx_word' id='word_1_462' title='bbox 1657 2042 1834 2084; x_wconf 88' lang='lat' dir='ltr'><strong>egerunt,</strong></span> <span class='ocrx_word' id='word_1_463' title='bbox 1854 2033 2026 2070; x_wconf 84' lang='lat' dir='ltr'><strong>laudatos</strong></span> <span class='ocrx_word' id='word_1_464' title='bbox 2049 2033 2230 2070; x_wconf 85' lang='lat' dir='ltr'><strong>invenies.</strong></span> 
     </span>
     <span class='ocr_line' id='line_1_68' title="bbox 1195 2093 2233 2146; baseline -0.008 -13"><span class='ocrx_word' id='word_1_465' title='bbox 1195 2112 1211 2128; x_wconf 90' lang='lat'>«</span> <span class='ocrx_word' id='word_1_466' title='bbox 1241 2096 1367 2133; x_wconf 86' lang='lat' dir='ltr'><strong>Verba</strong></span> <span class='ocrx_word' id='word_1_467' title='bbox 1384 2093 1468 2146; x_wconf 84' lang='grc' dir='ltr'>πρὸς</span> <span class='ocrx_word' id='word_1_468' title='bbox 1498 2093 1655 2144; x_wconf 80' lang='grc' dir='ltr'>Δήμωνα</span> <span class='ocrx_word' id='word_1_469' title='bbox 1674 2094 1846 2130; x_wconf 89' lang='lat' dir='ltr'><strong>indicant</strong></span> <span class='ocrx_word' id='word_1_470' title='bbox 1865 2104 1911 2128; x_wconf 87' lang='lat' dir='ltr'>ea</span> <span class='ocrx_word' id='word_1_471' title='bbox 1935 2103 2017 2139; x_wconf 87' lang='lat' dir='ltr'>quae</span> <span class='ocrx_word' id='word_1_472' title='bbox 2043 2103 2144 2127; x_wconf 88' lang='lat' dir='ltr'><strong>nunc</strong></span> <span class='ocrx_word' id='word_1_473' title='bbox 2171 2102 2233 2126; x_wconf 91' lang='lat' dir='ltr'>se-</span> 
     </span>
     <span class='ocr_line' id='line_1_69' title="bbox 1193 2149 2233 2202; baseline -0.005 -13"><span class='ocrx_word' id='word_1_474' title='bbox 1193 2160 1371 2202; x_wconf 87' lang='lat' dir='ltr'><strong>quuntur,</strong></span> <span class='ocrx_word' id='word_1_475' title='bbox 1399 2152 1428 2189; x_wconf 83' lang='grc' dir='ltr'>εἷ</span> <span class='ocrx_word' id='word_1_476' title='bbox 1445 2150 1481 2189; x_wconf 83' lang='grc' dir='ltr'>δὲ</span> <span class='ocrx_word' id='word_1_477' title='bbox 1506 2150 1629 2189; x_wconf 77' lang='grc' dir='ltr'>πολλοὶ</span> <span class='ocrx_word' id='word_1_478' title='bbox 1656 2151 1734 2189; x_wconf 89' lang='grc' dir='ltr'>κτλ.</span> <span class='ocrx_word' id='word_1_479' title='bbox 1764 2151 1811 2187; x_wconf 88' lang='lat' dir='ltr'>ab</span> <span class='ocrx_word' id='word_1_480' title='bbox 1831 2149 1994 2187; x_wconf 88' lang='lat' dir='ltr'><strong>Aristide</strong></span> <span class='ocrx_word' id='word_1_481' title='bbox 2011 2155 2144 2185; x_wconf 84' lang='lat' dir='ltr'><strong>contra</strong></span> <span class='ocrx_word' id='word_1_482' title='bbox 2157 2150 2233 2185; x_wconf 88' lang='lat' dir='ltr'>De·</span> 
     </span>
     <span class='ocr_line' id='line_1_70' title="bbox 1192 2207 2235 2259; baseline -0.006 -11"><span class='ocrx_word' id='word_1_483' title='bbox 1192 2213 1315 2248; x_wconf 91' lang='lat' dir='ltr'><strong>monis</strong></span> <span class='ocrx_word' id='word_1_484' title='bbox 1337 2212 1580 2257; x_wconf 87' lang='lat' dir='ltr'><strong>sententiam,</strong></span> <span class='ocrx_word' id='word_1_485' title='bbox 1603 2211 1743 2247; x_wconf 88' lang='lat' dir='ltr'><strong>multos</strong></span> <span class='ocrx_word' id='word_1_486' title='bbox 1768 2210 1897 2259; x_wconf 86' lang='lat' dir='ltr'><strong>pelves</strong></span> <span class='ocrx_word' id='word_1_487' title='bbox 1927 2207 2060 2252; x_wconf 85' lang='lat' dir='ltr'><strong>fuisse,</strong></span> <span class='ocrx_word' id='word_1_488' title='bbox 2090 2207 2235 2243; x_wconf 82' lang='lat' dir='ltr'><strong>monita</strong></span> 
     </span>
     <span class='ocr_line' id='line_1_71' title="bbox 1195 2265 1884 2317; baseline -0.007 -10"><span class='ocrx_word' id='word_1_489' title='bbox 1195 2282 1286 2307; x_wconf 90' lang='lat' dir='ltr'><strong>esse.</strong></span> <span class='ocrx_word' id='word_1_490' title='bbox 1313 2286 1329 2302; x_wconf 69' lang='grc' dir='ltr'>ι»</span> <span class='ocrx_word' id='word_1_491' title='bbox 1351 2271 1507 2307; x_wconf 86' lang='lat' dir='ltr'><strong>Preller.</strong></span> <span class='ocrx_word' id='word_1_492' title='bbox 1526 2269 1575 2306; x_wconf 88' lang='lat' dir='ltr'>ad</span> <span class='ocrx_word' id='word_1_493' title='bbox 1594 2269 1738 2306; x_wconf 88' lang='lat' dir='ltr'><strong>Polem.</strong></span> <span class='ocrx_word' id='word_1_494' title='bbox 1752 2280 1794 2317; x_wconf 93' lang='lat' dir='ltr'>p.</span> <span class='ocrx_word' id='word_1_495' title='bbox 1821 2265 1884 2303; x_wconf 86' lang='lat'>58.</span> 
     </span>
    </p>
   </div>
   <div class='ocr_carea' id='block_1_17' title="bbox 1679 2352 1742 2390">
    <p class='ocr_par' dir='ltr' id='par_1_23' title="bbox 1679 2352 1742 2390">
     <span class='ocr_line' id='line_1_72' title="bbox 1679 2352 1742 2390; baseline 0 -1"><span class='ocrx_word' id='word_1_496' title='bbox 1679 2352 1742 2390; x_wconf 85' lang='lat'>31.</span> 
     </span>
    </p>
   </div>
   <div class='ocr_carea' id='block_1_18' title="bbox 1197 2434 2236 2732">
    <p class='ocr_par' dir='ltr' id='par_1_24' title="bbox 1223 2434 1933 2490">
     <span class='ocr_line' id='line_1_73' title="bbox 1223 2434 1933 2490; baseline -0.008 -14"><span class='ocrx_word' id='word_1_497' title='bbox 1223 2483 1232 2490; x_wconf 24' lang='grc' dir='ltr'>χ</span> <span class='ocrx_word' id='word_1_498' title='bbox 1495 2439 1541 2480; x_wconf 69' lang='lat' dir='ltr'>,E</span> <span class='ocrx_word' id='word_1_499' title='bbox 1565 2437 1712 2474; x_wconf 91' lang='lat' dir='ltr'>LIBRO</span> <span class='ocrx_word' id='word_1_500' title='bbox 1740 2434 1933 2472; x_wconf 85' lang='lat' dir='ltr'>TERTIO.</span> 
     </span>
    </p>

    <p class='ocr_par' dir='ltr' id='par_1_25' title="bbox 1197 2499 2236 2732">
     <span class='ocr_line' id='line_1_74' title="bbox 1246 2499 2236 2556; baseline -0.006 -12"><span class='ocrx_word' id='word_1_501' title='bbox 1246 2508 1444 2544; x_wconf 82' lang='lat' dir='ltr'><strong>Athenaeus</strong></span> <span class='ocrx_word' id='word_1_502' title='bbox 1462 2508 1569 2553; x_wconf 88' lang='lat' dir='ltr'><strong>XIV,</strong></span> <span class='ocrx_word' id='word_1_503' title='bbox 1586 2519 1626 2556; x_wconf 89' lang='lat' dir='ltr'>p.</span> <span class='ocrx_word' id='word_1_504' title='bbox 1651 2507 1743 2552; x_wconf 74' lang='lat'><strong>641,</strong></span> <span class='ocrx_word' id='word_1_505' title='bbox 1759 2507 1792 2542; x_wconf 89' lang='lat' dir='ltr'>A</span> <span class='ocrx_word' id='word_1_506' title='bbox 1821 2516 1830 2542; x_wconf 74' lang='grc' dir='ltr'>ε</span> <span class='ocrx_word' id='word_1_507' title='bbox 1852 2502 1905 2542; x_wconf 81' lang='grc' dir='ltr'>Τὸ</span> <span class='ocrx_word' id='word_1_508' title='bbox 1925 2500 2044 2553; x_wconf 90' lang='grc' dir='ltr'>μέντοι</span> <span class='ocrx_word' id='word_1_509' title='bbox 2061 2499 2151 2540; x_wconf 81' lang='grc' dir='ltr'>κατὰ</span> <span class='ocrx_word' id='word_1_510' title='bbox 2173 2499 2236 2548; x_wconf 80' lang='grc' dir='ltr'>τὴν</span> 
     </span>
     <span class='ocr_line' id='line_1_75' title="bbox 1197 2557 2236 2616; baseline -0.005 -15"><span class='ocrx_word' id='word_1_511' title='bbox 1197 2564 1386 2616; x_wconf 87' lang='grc' dir='ltr'>παροιμίαν</span> <span class='ocrx_word' id='word_1_512' title='bbox 1405 2563 1590 2613; x_wconf 85' lang='grc' dir='ltr'>λεγόμενον</span> <span class='ocrx_word' id='word_1_513' title='bbox 1606 2580 1622 2597; x_wconf 79' lang='grc' dir='ltr'>α</span> <span class='ocrx_word' id='word_1_514' title='bbox 1640 2560 1823 2609; x_wconf 71' lang='grc' dir='ltr'>Ἀὸυδηνὸν</span> <span class='ocrx_word' id='word_1_515' title='bbox 1841 2559 2039 2613; x_wconf 72' lang='grc' dir='ltr'>ἐπιφόρημα</span> <span class='ocrx_word' id='word_1_516' title='bbox 2058 2577 2074 2592; x_wconf 72' lang='lat'>³·</span> <span class='ocrx_word' id='word_1_517' title='bbox 2093 2558 2188 2602; x_wconf 89' lang='grc' dir='ltr'>τέλος</span> <span class='ocrx_word' id='word_1_518' title='bbox 2203 2557 2236 2596; x_wconf 87' lang='grc' dir='ltr'>τί</span> 
     </span>
     <span class='ocr_line' id='line_1_76' title="bbox 1197 2615 2235 2672; baseline -0.005 -13"><span class='ocrx_word' id='word_1_519' title='bbox 1197 2623 1270 2659; x_wconf 84' lang='grc' dir='ltr'>ἐστι</span> <span class='ocrx_word' id='word_1_520' title='bbox 1285 2622 1344 2659; x_wconf 82' lang='grc' dir='ltr'>καὶ</span> <span class='ocrx_word' id='word_1_521' title='bbox 1359 2621 1564 2672; x_wconf 84' lang='grc' dir='ltr'>ἐλλιμένιον,</span> <span class='ocrx_word' id='word_1_522' title='bbox 1577 2623 1622 2664; x_wconf 80' lang='grc' dir='ltr'>ὡς</span> <span class='ocrx_word' id='word_1_523' title='bbox 1637 2619 1844 2672; x_wconf 85' lang='grc' dir='ltr'>Ἀριστείδης</span> <span class='ocrx_word' id='word_1_524' title='bbox 1858 2617 1962 2670; x_wconf 84' lang='grc' dir='ltr'>φησὶν</span> <span class='ocrx_word' id='word_1_525' title='bbox 1978 2619 2012 2656; x_wconf 83' lang='grc' dir='ltr'>ἐν</span> <span class='ocrx_word' id='word_1_526' title='bbox 2026 2615 2132 2670; x_wconf 82' lang='grc' dir='ltr'>τρίτῳ</span> <span class='ocrx_word' id='word_1_527' title='bbox 2145 2615 2235 2668; x_wconf 67' lang='grc' dir='ltr'>Περὶ</span> 
     </span>
     <span class='ocr_line' id='line_1_77' title="bbox 1199 2695 1408 2732; baseline -0.005 -14"><span class='ocrx_word' id='word_1_528' title='bbox 1199 2695 1408 2732; x_wconf 90' lang='grc' dir='ltr'>παροιμιων.</span> 
     </span>
    </p>
   </div>
   <div class='ocr_carea' id='block_1_19' title="bbox 117 2750 2236 2769">
    <p class='ocr_par' dir='ltr' id='par_1_26' title="bbox 117 2750 2236 2769">
     <span class='ocr_line' id='line_1_78' title="bbox 117 2750 2236 2769; baseline 0 935"><span class='ocrx_word' id='word_1_529' title='bbox 117 2750 2236 2769; x_wconf 95' lang='lat' dir='ltr'> </span> 
     </span>
    </p>
   </div>
   <div class='ocr_carea' id='block_1_20' title="bbox 163 2791 952 2967">
    <p class='ocr_par' dir='ltr' id='par_1_27' title="bbox 163 2791 952 2916">
     <span class='ocr_line' id='line_1_79' title="bbox 163 2791 916 2828; baseline -0.005 -6"><span class='ocrx_word' id='word_1_530' title='bbox 163 2797 238 2822; x_wconf 73' lang='lat' dir='ltr'><strong>&#39;rum</strong></span> <span class='ocrx_word' id='word_1_531' title='bbox 247 2793 322 2828; x_wconf 82' lang='lat' dir='ltr'><strong>grati</strong></span> <span class='ocrx_word' id='word_1_532' title='bbox 337 2793 426 2821; x_wconf 84' lang='lat' dir='ltr'><strong>animi</strong></span> <span class='ocrx_word' id='word_1_533' title='bbox 440 2794 544 2821; x_wconf 80' lang='lat' dir='ltr'><strong>testem</strong></span> <span class='ocrx_word' id='word_1_534' title='bbox 557 2792 738 2828; x_wconf 83' lang='lat' dir='ltr'><strong>epigramma</strong></span> <span class='ocrx_word' id='word_1_535' title='bbox 751 2791 916 2819; x_wconf 84' lang='lat' dir='ltr'><strong>simonides</strong></span> 
     </span>
     <span class='ocr_line' id='line_1_80' title="bbox 163 2837 952 2875; baseline -0.004 -8"><span class='ocrx_word' id='word_1_536' title='bbox 163 2839 250 2875; x_wconf 79' lang='lat' dir='ltr'><strong>cippo</strong></span> <span class='ocrx_word' id='word_1_537' title='bbox 263 2838 372 2866; x_wconf 88' lang='lat' dir='ltr'><strong>mortui</strong></span> <span class='ocrx_word' id='word_1_538' title='bbox 384 2858 392 2872; x_wconf 93' lang='lat'>‚</span> <span class='ocrx_word' id='word_1_539' title='bbox 407 2838 456 2873; x_wconf 87' lang='lat' dir='ltr'>qui</span> <span class='ocrx_word' id='word_1_540' title='bbox 469 2837 567 2874; x_wconf 85' lang='lat' dir='ltr'><strong>ipsum</strong></span> <span class='ocrx_word' id='word_1_541' title='bbox 577 2840 761 2870; x_wconf 75' lang='lat' dir='ltr'><strong>servaverat,</strong></span> <span class='ocrx_word' id='word_1_542' title='bbox 781 2837 930 2873; x_wconf 82' lang='lat' dir='ltr'><strong>inscripsit</strong></span> <span class='ocrx_word' id='word_1_543' title='bbox 944 2847 952 2863; x_wconf 75' lang='grc' dir='ltr'><strong><em>ε</em></strong></span> 
     </span>
     <span class='ocr_line' id='line_1_81' title="bbox 168 2885 718 2916; baseline 0.002 -5"><span class='ocrx_word' id='word_1_544' title='bbox 168 2896 180 2911; x_wconf 79' lang='grc' dir='ltr'>ι</span> <span class='ocrx_word' id='word_1_545' title='bbox 198 2886 254 2914; x_wconf 80' lang='lat' dir='ltr'>Hic</span> <span class='ocrx_word' id='word_1_546' title='bbox 269 2885 320 2914; x_wconf 87' lang='lat' dir='ltr'>Cei</span> <span class='ocrx_word' id='word_1_547' title='bbox 338 2885 497 2913; x_wconf 82' lang='lat' dir='ltr'><strong>Simonidis</strong></span> <span class='ocrx_word' id='word_1_548' title='bbox 509 2888 553 2913; x_wconf 91' lang='lat' dir='ltr'>est</span> <span class='ocrx_word' id='word_1_549' title='bbox 570 2886 718 2916; x_wconf 77' lang='lat' dir='ltr'><strong>servator,</strong></span> 
     </span>
    </p>

    <p class='ocr_par' dir='ltr' id='par_1_28' title="bbox 199 2930 840 2967">
     <span class='ocr_line' id='line_1_82' title="bbox 199 2930 840 2967; baseline -0.005 -6"><span class='ocrx_word' id='word_1_550' title='bbox 199 2932 250 2967; x_wconf 85' lang='lat' dir='ltr'>qui</span> <span class='ocrx_word' id='word_1_551' title='bbox 266 2931 314 2961; x_wconf 89' lang='lat' dir='ltr'>vel</span> <span class='ocrx_word' id='word_1_552' title='bbox 332 2934 467 2960; x_wconf 80' lang='lat' dir='ltr'><strong>mortuus</strong></span> <span class='ocrx_word' id='word_1_553' title='bbox 478 2931 548 2959; x_wconf 90' lang='lat' dir='ltr'><strong>vivo</strong></span> <span class='ocrx_word' id='word_1_554' title='bbox 563 2931 686 2966; x_wconf 78' lang='lat' dir='ltr'><strong>gratiam</strong></span> <span class='ocrx_word' id='word_1_555' title='bbox 699 2930 810 2959; x_wconf 86' lang='lat' dir='ltr'><strong>retulit.</strong></span> <span class='ocrx_word' id='word_1_556' title='bbox 826 2941 840 2956; x_wconf 82' lang='lat' dir='ltr'><strong>n</strong></span> 
     </span>
    </p>
   </div>
   <div class='ocr_carea' id='block_1_21' title="bbox 99 3002 1140 3297">
    <p class='ocr_par' dir='ltr' id='par_1_29' title="bbox 99 3002 1140 3297">
     <span class='ocr_line' id='line_1_83' title="bbox 372 3002 861 3042; baseline 0 -2"><span class='ocrx_word' id='word_1_557' title='bbox 372 3002 591 3042; x_wconf 83' lang='lat' dir='ltr'>FABULAE</span> <span class='ocrx_word' id='word_1_558' title='bbox 623 3002 861 3040; x_wconf 86' lang='lat' dir='ltr'><strong>MILESIAE.</strong></span> 
     </span>
     <span class='ocr_line' id='line_1_84' title="bbox 590 3068 646 3101; baseline 0.018 -1"><span class='ocrx_word' id='word_1_559' title='bbox 590 3068 646 3101; x_wconf 83' lang='lat'>29.</span> 
     </span>
     <span class='ocr_line' id='line_1_85' title="bbox 139 3127 1140 3171; baseline -0.001 -11"><span class='ocrx_word' id='word_1_560' title='bbox 139 3128 317 3171; x_wconf 78' lang='grc' dir='ltr'>Δερμηστής</span> <span class='ocrx_word' id='word_1_561' title='bbox 341 3127 473 3159; x_wconf 81' lang='lat' dir='ltr'><strong>sortasse</strong></span> <span class='ocrx_word' id='word_1_562' title='bbox 493 3128 519 3159; x_wconf 90' lang='lat' dir='ltr'>is</span> <span class='ocrx_word' id='word_1_563' title='bbox 532 3128 636 3168; x_wconf 87' lang='lat' dir='ltr'><strong>potius</strong></span> <span class='ocrx_word' id='word_1_564' title='bbox 649 3129 714 3167; x_wconf 83' lang='lat' dir='ltr'><strong>est,</strong></span> <span class='ocrx_word' id='word_1_565' title='bbox 729 3128 783 3168; x_wconf 86' lang='lat' dir='ltr'>qui</span> <span class='ocrx_word' id='word_1_566' title='bbox 797 3128 836 3159; x_wconf 87' lang='grc' dir='ltr'>τὰ</span> <span class='ocrx_word' id='word_1_567' title='bbox 858 3128 1012 3169; x_wconf 76' lang='grc' dir='ltr'>δέρματα,</span> <span class='ocrx_word' id='word_1_568' title='bbox 1035 3129 1140 3167; x_wconf 75' lang='lat' dir='ltr'><strong>coria,</strong></span> 
     </span>
     <span class='ocr_line' id='line_1_86' title="bbox 99 3178 1053 3222; baseline -0.005 -7"><span class='ocrx_word' id='word_1_569' title='bbox 99 3182 182 3222; x_wconf 71' lang='lat' dir='ltr'><strong>edit,</strong></span> <span class='ocrx_word' id='word_1_570' title='bbox 201 3179 294 3213; x_wconf 78' lang='lat' dir='ltr'><strong>sicuti</strong></span> <span class='ocrx_word' id='word_1_571' title='bbox 307 3178 485 3211; x_wconf 85' lang='lat' dir='ltr'><strong>subindicat</strong></span> <span class='ocrx_word' id='word_1_572' title='bbox 496 3178 529 3210; x_wconf 91' lang='lat' dir='ltr'>in</span> <span class='ocrx_word' id='word_1_573' title='bbox 545 3179 634 3211; x_wconf 82' lang='lat' dir='ltr'><strong>sexto</strong></span> <span class='ocrx_word' id='word_1_574' title='bbox 649 3179 884 3211; x_wconf 85' lang='lat' dir='ltr'><strong>Milesiacorum</strong></span> <span class='ocrx_word' id='word_1_575' title='bbox 895 3178 1053 3211; x_wconf 83' lang='lat' dir='ltr'><strong>Aristides.</strong></span> 
     </span>
     <span class='ocr_line' id='line_1_87' title="bbox 417 3257 833 3297; baseline 0.002 -2"><span class='ocrx_word' id='word_1_576' title='bbox 417 3257 484 3296; x_wconf 90' lang='lat' dir='ltr'>DE</span> <span class='ocrx_word' id='word_1_577' title='bbox 514 3258 833 3297; x_wconf 87' lang='lat' dir='ltr'><strong>PROVERBIIS.</strong></span> 
     </span>
    </p>
   </div>
   <div class='ocr_carea' id='block_1_22' title="bbox 589 3329 647 3360">
    <p class='ocr_par' dir='ltr' id='par_1_30' title="bbox 589 3329 647 3360">
     <span class='ocr_line' id='line_1_88' title="bbox 589 3329 647 3360; baseline -0.017 0"><span class='ocrx_word' id='word_1_578' title='bbox 589 3329 647 3360; x_wconf 87' lang='grc'>30.</span> 
     </span>
    </p>
   </div>
   <div class='ocr_carea' id='block_1_23' title="bbox 104 3388 1147 3483">
    <p class='ocr_par' dir='ltr' id='par_1_31' title="bbox 104 3388 1147 3483">
     <span class='ocr_line' id='line_1_89' title="bbox 143 3388 1144 3430; baseline -0.002 -7"><span class='ocrx_word' id='word_1_579' title='bbox 143 3388 384 3423; x_wconf 80' lang='lat' dir='ltr'><strong>Assentiendum</strong></span> <span class='ocrx_word' id='word_1_580' title='bbox 391 3388 495 3428; x_wconf 85' lang='lat' dir='ltr'><strong>potius</strong></span> <span class='ocrx_word' id='word_1_581' title='bbox 501 3389 547 3420; x_wconf 86' lang='lat' dir='ltr'>est</span> <span class='ocrx_word' id='word_1_582' title='bbox 555 3389 716 3421; x_wconf 85' lang='lat' dir='ltr'><strong>Polemoni</strong></span> <span class='ocrx_word' id='word_1_583' title='bbox 726 3389 889 3430; x_wconf 75' lang='lat' dir='ltr'><strong>periegetae</strong></span> <span class='ocrx_word' id='word_1_584' title='bbox 896 3414 904 3429; x_wconf 87' lang='lat'><em>,</em></span> <span class='ocrx_word' id='word_1_585' title='bbox 912 3390 1144 3422; x_wconf 78' lang='lat' dir='ltr'><strong>Dodonaearum</strong></span> 
     </span>
     <span class='ocr_line' id='line_1_90' title="bbox 104 3439 1147 3483; baseline 0 -10"><span class='ocrx_word' id='word_1_586' title='bbox 104 3450 212 3475; x_wconf 83' lang='lat' dir='ltr'><strong>rerum</strong></span> <span class='ocrx_word' id='word_1_587' title='bbox 221 3441 340 3483; x_wconf 84' lang='lat' dir='ltr'><strong>optime</strong></span> <span class='ocrx_word' id='word_1_588' title='bbox 352 3448 465 3481; x_wconf 85' lang='lat' dir='ltr'><strong>gnaro,</strong></span> <span class='ocrx_word' id='word_1_589' title='bbox 478 3441 510 3472; x_wconf 85' lang='lat' dir='ltr'>et</span> <span class='ocrx_word' id='word_1_590' title='bbox 523 3439 666 3479; x_wconf 73' lang='lat' dir='ltr'><strong>Aristidi,</strong></span> <span class='ocrx_word' id='word_1_591' title='bbox 680 3441 734 3480; x_wconf 86' lang='lat' dir='ltr'>qui</span> <span class='ocrx_word' id='word_1_592' title='bbox 752 3440 954 3473; x_wconf 86' lang='lat' dir='ltr'><strong>Polemonem</strong></span> <span class='ocrx_word' id='word_1_593' title='bbox 964 3441 1147 3474; x_wconf 80' lang='lat' dir='ltr'><strong>exscribens</strong></span> 
     </span>
    </p>
   </div>
   <div class='ocr_carea' id='block_1_24' title="bbox 1198 2787 2242 3196">
    <p class='ocr_par' dir='ltr' id='par_1_32' title="bbox 1198 2787 2242 3196">
     <span class='ocr_line' id='line_1_91' title="bbox 1198 2787 2239 2826; baseline -0.005 -3"><span class='ocrx_word' id='word_1_594' title='bbox 1198 2791 1229 2822; x_wconf 90' lang='lat' dir='ltr'>in</span> <span class='ocrx_word' id='word_1_595' title='bbox 1242 2791 1324 2823; x_wconf 89' lang='lat' dir='ltr'><strong>libro</strong></span> <span class='ocrx_word' id='word_1_596' title='bbox 1336 2791 1475 2823; x_wconf 86' lang='lat' dir='ltr'><strong>secundo</strong></span> <span class='ocrx_word' id='word_1_597' title='bbox 1490 2791 1534 2822; x_wconf 81' lang='lat' dir='ltr'>ait</span> <span class='ocrx_word' id='word_1_598' title='bbox 1551 2800 1559 2821; x_wconf 92' lang='lat'>:</span> <span class='ocrx_word' id='word_1_599' title='bbox 1579 2802 1595 2818; x_wconf 75' lang='grc' dir='ltr'>α</span> <span class='ocrx_word' id='word_1_600' title='bbox 1619 2791 1654 2821; x_wconf 84' lang='grc' dir='ltr'>1η</span> <span class='ocrx_word' id='word_1_601' title='bbox 1675 2789 1807 2821; x_wconf 86' lang='lat' dir='ltr'><strong>Dodona</strong></span> <span class='ocrx_word' id='word_1_602' title='bbox 1823 2789 1897 2820; x_wconf 77' lang='lat' dir='ltr'><strong>duae</strong></span> <span class='ocrx_word' id='word_1_603' title='bbox 1915 2788 1990 2820; x_wconf 84' lang='lat' dir='ltr'><strong>sunt</strong></span> <span class='ocrx_word' id='word_1_604' title='bbox 2002 2787 2160 2819; x_wconf 81' lang='lat' dir='ltr'><strong>columnae</strong></span> <span class='ocrx_word' id='word_1_605' title='bbox 2181 2794 2239 2826; x_wconf 85' lang='lat' dir='ltr'><strong>pa·</strong></span> 
     </span>
     <span class='ocr_line' id='line_1_92' title="bbox 1199 2836 2240 2882; baseline -0.006 -8"><span class='ocrx_word' id='word_1_606' title='bbox 1199 2842 1317 2874; x_wconf 78' lang='lat' dir='ltr'><strong>rallelae</strong></span> <span class='ocrx_word' id='word_1_607' title='bbox 1329 2866 1338 2882; x_wconf 92' lang='lat'>,</span> <span class='ocrx_word' id='word_1_608' title='bbox 1360 2850 1420 2874; x_wconf 85' lang='lat' dir='ltr'>nec</span> <span class='ocrx_word' id='word_1_609' title='bbox 1441 2841 1580 2872; x_wconf 85' lang='lat' dir='ltr'><strong>multum</strong></span> <span class='ocrx_word' id='word_1_610' title='bbox 1596 2840 1678 2872; x_wconf 83' lang='lat' dir='ltr'><strong>inter</strong></span> <span class='ocrx_word' id='word_1_611' title='bbox 1697 2849 1731 2872; x_wconf 89' lang='lat' dir='ltr'>se</span> <span class='ocrx_word' id='word_1_612' title='bbox 1746 2839 1918 2878; x_wconf 82' lang='lat' dir='ltr'><strong>distantes,</strong></span> <span class='ocrx_word' id='word_1_613' title='bbox 1934 2847 2072 2879; x_wconf 88' lang='lat' dir='ltr'><strong>quarum</strong></span> <span class='ocrx_word' id='word_1_614' title='bbox 2088 2837 2120 2869; x_wconf 88' lang='lat' dir='ltr'>in</span> <span class='ocrx_word' id='word_1_615' title='bbox 2140 2836 2240 2868; x_wconf 87' lang='lat' dir='ltr'><strong>altera</strong></span> 
     </span>
     <span class='ocr_line' id='line_1_93' title="bbox 1199 2887 2238 2931; baseline -0.007 -6"><span class='ocrx_word' id='word_1_616' title='bbox 1199 2894 1247 2925; x_wconf 85' lang='lat' dir='ltr'>est</span> <span class='ocrx_word' id='word_1_617' title='bbox 1256 2902 1313 2925; x_wconf 90' lang='lat' dir='ltr'>vas</span> <span class='ocrx_word' id='word_1_618' title='bbox 1325 2901 1451 2925; x_wconf 78' lang='lat' dir='ltr'><strong>aeneum</strong></span> <span class='ocrx_word' id='word_1_619' title='bbox 1462 2892 1546 2923; x_wconf 85' lang='lat' dir='ltr'><strong>haud</strong></span> <span class='ocrx_word' id='word_1_620' title='bbox 1555 2891 1600 2923; x_wconf 86' lang='lat' dir='ltr'>ita</span> <span class='ocrx_word' id='word_1_621' title='bbox 1609 2899 1758 2931; x_wconf 87' lang='lat' dir='ltr'><strong>magnum</strong></span> <span class='ocrx_word' id='word_1_622' title='bbox 1768 2889 1988 2929; x_wconf 82' lang='lat' dir='ltr'><strong>lebetibusque</strong></span> <span class='ocrx_word' id='word_1_623' title='bbox 1997 2888 2112 2920; x_wconf 87' lang='lat' dir='ltr'><strong>nostris</strong></span> <span class='ocrx_word' id='word_1_624' title='bbox 2117 2887 2238 2926; x_wconf 80' lang='lat' dir='ltr'><strong>simile;</strong></span> 
     </span>
     <span class='ocr_line' id='line_1_94' title="bbox 1200 2937 2241 2984; baseline -0.007 -8"><span class='ocrx_word' id='word_1_625' title='bbox 1200 2945 1231 2975; x_wconf 91' lang='lat' dir='ltr'>in</span> <span class='ocrx_word' id='word_1_626' title='bbox 1247 2945 1347 2976; x_wconf 84' lang='lat' dir='ltr'><strong>altera</strong></span> <span class='ocrx_word' id='word_1_627' title='bbox 1359 2944 1424 2976; x_wconf 86' lang='lat' dir='ltr'><strong>stat</strong></span> <span class='ocrx_word' id='word_1_628' title='bbox 1435 2943 1588 2984; x_wconf 86' lang='lat' dir='ltr'><strong>puerulus</strong></span> <span class='ocrx_word' id='word_1_629' title='bbox 1600 2941 1712 2973; x_wconf 80' lang='lat' dir='ltr'><strong>dextra</strong></span> <span class='ocrx_word' id='word_1_630' title='bbox 1726 2941 1945 2972; x_wconf 81' lang='lat' dir='ltr'><strong>manutenens</strong></span> <span class='ocrx_word' id='word_1_631' title='bbox 1958 2939 2136 2979; x_wconf 82' lang='lat' dir='ltr'><strong>flagellum,</strong></span> <span class='ocrx_word' id='word_1_632' title='bbox 2152 2939 2186 2970; x_wconf 87' lang='lat' dir='ltr'>et</span> <span class='ocrx_word' id='word_1_633' title='bbox 2199 2937 2241 2969; x_wconf 88' lang='lat' dir='ltr'>ad</span> 
     </span>
     <span class='ocr_line' id='line_1_95' title="bbox 1199 2989 2238 3031; baseline -0.006 -5"><span class='ocrx_word' id='word_1_634' title='bbox 1199 2994 1346 3026; x_wconf 84' lang='lat' dir='ltr'><strong>dextram</strong></span> <span class='ocrx_word' id='word_1_635' title='bbox 1367 2993 1487 3025; x_wconf 81' lang='lat' dir='ltr'><strong>liabens</strong></span> <span class='ocrx_word' id='word_1_636' title='bbox 1505 2993 1686 3024; x_wconf 82' lang='lat' dir='ltr'><strong>columnam</strong></span> <span class='ocrx_word' id='word_1_637' title='bbox 1696 3014 1706 3030; x_wconf 88' lang='lat'>,</span> <span class='ocrx_word' id='word_1_638' title='bbox 1719 2991 1752 3022; x_wconf 89' lang='lat' dir='ltr'>in</span> <span class='ocrx_word' id='word_1_639' title='bbox 1765 2999 1828 3031; x_wconf 87' lang='lat' dir='ltr'>qua</span> <span class='ocrx_word' id='word_1_640' title='bbox 1844 2990 1981 3030; x_wconf 85' lang='lat' dir='ltr'><strong>positum</strong></span> <span class='ocrx_word' id='word_1_641' title='bbox 1996 2990 2045 3021; x_wconf 84' lang='lat' dir='ltr'>est</span> <span class='ocrx_word' id='word_1_642' title='bbox 2062 2989 2238 3020; x_wconf 81' lang='lat' dir='ltr'><strong>vasculum.</strong></span> 
     </span>
     <span class='ocr_line' id='line_1_96' title="bbox 1201 3039 2242 3086; baseline -0.005 -9"><span class='ocrx_word' id='word_1_643' title='bbox 1201 3048 1219 3078; x_wconf 88' lang='lat' dir='ltr'>J</span> <span class='ocrx_word' id='word_1_644' title='bbox 1222 3054 1274 3077; x_wconf 88' lang='lat' dir='ltr'>am</span> <span class='ocrx_word' id='word_1_645' title='bbox 1286 3045 1380 3086; x_wconf 85' lang='lat' dir='ltr'><strong>igitur</strong></span> <span class='ocrx_word' id='word_1_646' title='bbox 1390 3045 1416 3076; x_wconf 90' lang='lat' dir='ltr'>si</span> <span class='ocrx_word' id='word_1_647' title='bbox 1427 3044 1539 3076; x_wconf 83' lang='lat' dir='ltr'><strong>ventus</strong></span> <span class='ocrx_word' id='word_1_648' title='bbox 1547 3042 1714 3084; x_wconf 83' lang='lat' dir='ltr'><strong>spiraverit</strong></span> <span class='ocrx_word' id='word_1_649' title='bbox 1722 3065 1731 3080; x_wconf 87' lang='lat'><strong>,</strong></span> <span class='ocrx_word' id='word_1_650' title='bbox 1742 3041 1856 3081; x_wconf 81' lang='lat' dir='ltr'><strong>flagelli</strong></span> <span class='ocrx_word' id='word_1_651' title='bbox 1872 3039 1934 3072; x_wconf 85' lang='lat' dir='ltr'><strong>loci</strong></span> <span class='ocrx_word' id='word_1_652' title='bbox 1943 3040 2036 3079; x_wconf 59' lang='lat' dir='ltr'><strong>aenei,</strong></span> <span class='ocrx_word' id='word_1_653' title='bbox 2050 3039 2194 3072; x_wconf 86' lang='lat' dir='ltr'><strong>similiter</strong></span> <span class='ocrx_word' id='word_1_654' title='bbox 2203 3047 2242 3072; x_wconf 76' lang='lat' dir='ltr'>ae</span> 
     </span>
     <span class='ocr_line' id='line_1_97' title="bbox 1202 3090 2242 3136; baseline -0.007 -7"><span class='ocrx_word' id='word_1_655' title='bbox 1202 3095 1362 3136; x_wconf 78' lang='lat' dir='ltr'><strong>coreaoei,</strong></span> <span class='ocrx_word' id='word_1_656' title='bbox 1390 3095 1487 3128; x_wconf 84' lang='lat' dir='ltr'><strong>vento</strong></span> <span class='ocrx_word' id='word_1_657' title='bbox 1511 3093 1619 3135; x_wconf 80' lang='lat' dir='ltr'><strong>agitati</strong></span> <span class='ocrx_word' id='word_1_658' title='bbox 1643 3093 1677 3124; x_wconf 88' lang='lat' dir='ltr'>in</span> <span class='ocrx_word' id='word_1_659' title='bbox 1695 3101 1754 3124; x_wconf 88' lang='lat' dir='ltr'>vas</span> <span class='ocrx_word' id='word_1_660' title='bbox 1787 3100 1913 3123; x_wconf 86' lang='lat' dir='ltr'><strong>aeneum</strong></span> <span class='ocrx_word' id='word_1_661' title='bbox 1942 3091 2121 3131; x_wconf 87' lang='lat' dir='ltr'><strong>illiduntur,</strong></span> <span class='ocrx_word' id='word_1_662' title='bbox 2146 3090 2242 3132; x_wconf 88' lang='lat' dir='ltr'><strong>idque</strong></span> 
     </span>
     <span class='ocr_line' id='line_1_98' title="bbox 1203 3142 1958 3196; baseline -0.009 -15"><span class='ocrx_word' id='word_1_663' title='bbox 1203 3148 1356 3181; x_wconf 81' lang='lat' dir='ltr'><strong>continuo</strong></span> <span class='ocrx_word' id='word_1_664' title='bbox 1371 3148 1406 3180; x_wconf 81' lang='lat' dir='ltr'><strong>fit</strong></span> <span class='ocrx_word' id='word_1_665' title='bbox 1422 3146 1544 3180; x_wconf 81' lang='lat' dir='ltr'><strong>tamdiu</strong></span> <span class='ocrx_word' id='word_1_666' title='bbox 1557 3154 1653 3196; x_wconf 77' lang='lat' dir='ltr'><strong>quam</strong></span> <span class='ocrx_word' id='word_1_667' title='bbox 1667 3145 1783 3177; x_wconf 82' lang='lat' dir='ltr'><strong>ventus</strong></span> <span class='ocrx_word' id='word_1_668' title='bbox 1797 3142 1958 3184; x_wconf 78' lang='lat' dir='ltr'><strong>perdurat.</strong></span> 
     </span>
    </p>
   </div>
   <div class='ocr_carea' id='block_1_25' title="bbox 1690 3222 1747 3254">
    <p class='ocr_par' dir='ltr' id='par_1_33' title="bbox 1690 3222 1747 3254">
     <span class='ocr_line' id='line_1_99' title="bbox 1690 3222 1747 3254; baseline -0.018 0"><span class='ocrx_word' id='word_1_669' title='bbox 1690 3222 1747 3254; x_wconf 87' lang='lat'>31.</span> 
     </span>
    </p>
   </div>
   <div class='ocr_carea' id='block_1_26' title="bbox 1205 3279 2246 3427">
    <p class='ocr_par' dir='ltr' id='par_1_34' title="bbox 1205 3279 2246 3427">
     <span class='ocr_line' id='line_1_100' title="bbox 1245 3279 2243 3324; baseline -0.006 -6"><span class='ocrx_word' id='word_1_670' title='bbox 1245 3285 1335 3324; x_wconf 90' lang='lat' dir='ltr'><strong>Quod</strong></span> <span class='ocrx_word' id='word_1_671' title='bbox 1351 3285 1457 3317; x_wconf 83' lang='lat' dir='ltr'><strong>autem</strong></span> <span class='ocrx_word' id='word_1_672' title='bbox 1471 3285 1501 3316; x_wconf 91' lang='lat' dir='ltr'>in</span> <span class='ocrx_word' id='word_1_673' title='bbox 1523 3283 1691 3324; x_wconf 84' lang='lat' dir='ltr'><strong>proverbio</strong></span> <span class='ocrx_word' id='word_1_674' title='bbox 1712 3282 1828 3314; x_wconf 79' lang='lat' dir='ltr'><strong>dicitur</strong></span> <span class='ocrx_word' id='word_1_675' title='bbox 1848 3280 2082 3321; x_wconf 75' lang='lat' dir='ltr'><strong>Abydenorum</strong></span> <span class='ocrx_word' id='word_1_676' title='bbox 2105 3279 2243 3321; x_wconf 73' lang='lat' dir='ltr'><strong>epipho-</strong></span> 
     </span>
     <span class='ocr_line' id='line_1_101' title="bbox 1205 3331 2246 3377; baseline -0.006 -7"><span class='ocrx_word' id='word_1_677' title='bbox 1205 3346 1316 3377; x_wconf 85' lang='lat' dir='ltr'><strong>rema,</strong></span> <span class='ocrx_word' id='word_1_678' title='bbox 1330 3337 1362 3368; x_wconf 90' lang='lat' dir='ltr'>id</span> <span class='ocrx_word' id='word_1_679' title='bbox 1383 3336 1516 3376; x_wconf 72' lang='lat' dir='ltr'><strong>vectigal</strong></span> <span class='ocrx_word' id='word_1_680' title='bbox 1539 3334 1699 3376; x_wconf 83' lang='lat' dir='ltr'><strong>quoddam</strong></span> <span class='ocrx_word' id='word_1_681' title='bbox 1719 3335 1764 3366; x_wconf 78' lang='lat' dir='ltr'>est</span> <span class='ocrx_word' id='word_1_682' title='bbox 1781 3335 1811 3366; x_wconf 87' lang='lat' dir='ltr'>et</span> <span class='ocrx_word' id='word_1_683' title='bbox 1829 3332 2022 3373; x_wconf 84' lang='lat' dir='ltr'><strong>portorium,</strong></span> <span class='ocrx_word' id='word_1_684' title='bbox 2043 3333 2079 3364; x_wconf 88' lang='lat' dir='ltr'>ut</span> <span class='ocrx_word' id='word_1_685' title='bbox 2095 3331 2246 3364; x_wconf 81' lang='lat' dir='ltr'><strong>Aristides</strong></span> 
     </span>
     <span class='ocr_line' id='line_1_102' title="bbox 1206 3385 1716 3427; baseline -0.01 -6"><span class='ocrx_word' id='word_1_686' title='bbox 1206 3389 1249 3421; x_wconf 81' lang='lat' dir='ltr'>ait</span> <span class='ocrx_word' id='word_1_687' title='bbox 1262 3389 1355 3421; x_wconf 81' lang='lat' dir='ltr'><strong>tertio</strong></span> <span class='ocrx_word' id='word_1_688' title='bbox 1373 3388 1453 3420; x_wconf 88' lang='lat' dir='ltr'><strong>libro</strong></span> <span class='ocrx_word' id='word_1_689' title='bbox 1467 3389 1512 3419; x_wconf 86' lang='lat' dir='ltr'>De</span> <span class='ocrx_word' id='word_1_690' title='bbox 1532 3385 1716 3427; x_wconf 81' lang='lat' dir='ltr'><strong>proverbiis.</strong></span> 
     </span>
    </p>
   </div>
  </div>
 </body>
</html>
