2372 3704
507 171 763 218 ZENODOTI
791 172 1071 221 TROEZENu,
1101 174 1287 214 ZOPYRI
1315 175 1554 216 BYZANTII
1584 178 1913 220 FRAGMENTA.

144 258 232 313 ὓπὲρ
253 262 316 308 τῆς
338 258 429 300 Χίου
453 258 714 312 συγγράψαντες
731 258 899 312 ἱστορίας.
923 262 1046 298 Petita
1069 262 1184 311 igitur

142 321 282 357 fuerint
313 321 375 356 vel
406 331 454 356 ex
471 320 566 356 Ione
590 320 653 356 vel
686 318 928 368 Hypermene
960 321 1086 356 velex
1112 322 1182 356 Ze-

137 378 242 417 uide.
275 378 413 415 AElian.
452 378 503 413 H.
535 379 610 416 An.
642 378 756 423 XVI,
795 377 846 427 39
874 389 883 415 :
918 375 1068 428 Λέγουσι
1101 380 1183 427 γοῦν

137 434 200 474 καὶ
223 437 255 474 οἱ
278 434 340 479 τὰς
359 433 446 486 ὑπὲρ
465 436 528 481 τῆς
543 433 632 474 Χίου
652 433 909 488 συγγράψαντες
938 434 1092 487 ἱστορίας
1123 450 1183 486 γε-

135 496 255 536 νέσθαι
274 497 310 535 ἐν
337 499 381 549 τῇ
403 496 499 549 νήσῳ
534 495 633 550 παρὰ
651 496 691 535 τὸ
715 496 792 549 ὅρος
816 496 856 536 τὸ
872 496 1084 548 καλούμενον
1106 499 1182 536 Πε-

135 556 300 606 λινναῖον,
334 556 368 594 ἐν
393 555 523 594 αὐλῶνί
550 570 617 594 τινι
647 555 745 593 δασεῖ
769 555 828 594 καὶ
862 555 1008 608 δένδρων
1039 556 1181 616 υψηλῶν

137 612 427 688 πεπληρωμένῳ,
465 613 637 666 δράκοντα
677 613 813 686 μεγεθει
859 614 1037 665 μέγιστον,
1075 617 1181 666 οὕπερ

136 665 196 710 ουν
225 671 358 711 καὶτὸν
379 671 546 726 συριγμὸν
566 671 797 725 ἐπεφρίκεσαν
822 673 854 710 οἱ
878 672 941 719 τὴν
962 674 1048 712 Χῖον
1064 687 1181 711 κατοι-

137 733 287 774 κοῦντες.
308 729 446 771 Οὔκουν
470 730 548 769 οὐδὲ
579 730 734 781 ἐτόλμων
751 729 876 777 τινὲςῆ
906 746 974 769 των
991 730 1181 783 γεωργούν-

136 803 205 826 των
223 787 247 836 ἢ
274 791 343 828 τῶν
379 787 552 840 νεμόντων
573 787 720 836 πλησίον
754 788 932 840 γενόμενοι
960 791 1181 840 καταγνῶναι

136 845 176 884 τὸ
191 845 352 898 μέγεθος,
372 845 463 885 ἀλλὰ
491 848 530 885 ἔκ
551 845 657 897 μόνης
679 848 740 892 τῆς
775 844 935 899 σύριγγος
960 846 1129 898 πελώριόν
1147 861 1181 885 τι

137 905 197 943 καὶ
217 904 449 952 ἐκπληκτικὸν
468 905 508 943 τὸ
532 905 648 957 θηρίον
667 908 755 943 εἰναι
781 905 969 944 ἐπίστευον.
998 903 1179 956 Ἒγνώσθη

139 964 171 1002 δ’
194 957 253 1002 ουν
268 962 347 1003 ὅσον
368 965 450 1003 ποτὲ
471 963 510 1002 τὸ
528 958 710 1015 μέγεθοςῗ
686 979 729 1011 ην
750 964 912 1016 δαιμονίᾳ
939 963 1005 1002 τινὶ
1022 963 1081 1002 καὶ
1098 966 1182 1002 θαυ-

137 1023 256 1074 μαστῇ
272 1025 439 1074 μηχανῇ,
457 1022 513 1060 ναὶ
535 1022 586 1072 μὰ
605 1022 686 1062 Δία.
706 1023 864 1075 Σφοδροῦ
884 1021 951 1074 γὰρ
969 1022 1099 1072 ἀνέμου
1122 1022 1181 1060 καὶ

137 1081 289 1131 σκληροῦ
303 1080 582 1132 προσπεσόντος,
601 1082 744 1133 ἐρρίφθη
755 1080 840 1133 πρὸς
859 1080 997 1127 ἄλληλα
1015 1079 1059 1118 τὰ
1077 1081 1113 1118 ἐν
1132 1082 1181 1132 τῷ

137 1139 267 1176 αὖλῶνι
283 1138 429 1192 δένδρα,
446 1141 506 1178 καὶ
525 1141 556 1178 οἱ
582 1139 702 1177 κλάδοι
723 1139 843 1191 βιαίως
871 1138 1101 1192 ἀραττόμενοι
1127 1137 1182 1176 τί-

116 1223 120 1226 -
137 1211 257 1236 κτουσι
276 1200 359 1248 πῦρ,
375 1197 434 1235 καὶ
446 1197 581 1250 αἴρεται
601 1197 748 1249 μεγίστη
768 1196 871 1250 φλὸξ,
885 1196 945 1236 καὶ
958 1195 1182 1248 περιλαμὸά-

137 1270 187 1293 νει
205 1254 263 1294 τὸν
291 1255 409 1293 πάντα
439 1257 564 1308 χῶρον
590 1255 651 1294 καὶ
671 1256 860 1294 κυκλοῦται
878 1254 937 1294 τὸν
961 1257 1069 1307 θῆρα·
1095 1256 1114 1292 ὁ
1147 1252 1182 1291 δὲ

137 1313 350 1367 ἀποληφθεὶς
368 1313 429 1352 καὶ
447 1312 634 1366 ἐξερπύσαι
654 1314 704 1365 μὴ
721 1313 908 1364 δυνάμενος
926 1311 1181 1363 καταπίμπρα-

136 1387 208 1410 ται.
243 1372 381 1411 Οὗκοῦν
400 1371 635 1423 γυμνωθέντος
653 1375 713 1410 τοῦ
733 1371 840 1410 τόπου
858 1371 990 1422 γίνεται
1023 1370 1182 1408 κάτοπτα

135 1429 270 1468 πάντα·
291 1429 352 1468 καὶ
376 1432 408 1469 οἱ
426 1432 506 1470 Χῖοι
520 1429 801 1483 ἐλευθερωθέντες
821 1433 880 1468 τοῦ
900 1428 996 1473 δέους
1023 1423 1107 1475 ἧκον
1124 1429 1181 1465 ἐπὶ

134 1487 234 1539 θέαν,
250 1487 311 1526 καὶ
337 1488 652 1538 καταλαμὸάνουσι
671 1487 715 1526 τὰ
735 1490 822 1527 ὀστᾶ
846 1488 982 1539 μεγέθει
1013 1486 1180 1537 μέγιστα,

136 1546 198 1585 καὶ
215 1546 371 1600 κεφαλὴν
391 1545 679 1594 ἕκπληκτικὴν,ε
661 1563 707 1590 ως
730 1548 769 1586 ἐκ
784 1546 914 1585 τούτων
938 1545 1029 1598 ἔχειν
1050 1544 1180 1595 συμὸα·

135 1605 222 1653 λεῖν,
237 1605 315 1649 ὅσος
330 1620 368 1643 τε
386 1606 512 1648 ἐκεῖνος
523 1599 565 1652 ην
583 1606 643 1643 καὶ
661 1604 811 1648 ὁποῖος”
792 1620 843 1643 ετι
856 1604 995 1658 περιών.

187 1667 244 1702 De
254 1666 443 1702 Pelinnaeo
455 1677 484 1703 s.
501 1663 666 1701 Pelinaeo
678 1665 787 1703 Chii
776 1678 845 1701 ms.
857 1671 1030 1702 montev.
1045 1663 1181 1700 strabo

133 1736 171 1773 p.
196 1723 294 1770 645,
309 1725 467 1773 Dionys,
485 1724 528 1759 P.
546 1737 584 1761 v.
615 1723 690 1760 535
710 1732 748 1761 et
761 1724 812 1760 ad
829 1724 869 1760 h.
898 1725 924 1762 l.
946 1723 1179 1771 Bernhardy.

133 1795 177 1832 p.
215 1782 291 1829 670
310 1796 412 1831 sqq.;
450 1783 628 1831 Stephan.
663 1785 749 1831 Byz.
784 1796 812 1820 S.
846 1797 899 1830 v.‚
929 1783 1048 1820 schol.
1071 1782 1180 1819 Pind.

134 1841 246 1889 Pyth.
264 1842 314 1888 X,
333 1842 372 1878 6.

555 1921 769 1935 -v-—ouoo-——st

180 2003 618 2060 ZENODOTUS
657 2003 1125 2060 TROEZENIUS.

388 2108 643 2158 [ΡΩΜΑΙΚΗ
679 2108 927 2157 [worm]

645 2211 676 2234 1.

186 2257 344 2304 Dionys.
366 2257 453 2292 Hal.
474 2257 532 2302 ΙΙ,
557 2260 621 2304 49,
652 2269 692 2304 p.
722 2255 793 2301 337
816 2257 863 2291 R.
887 2268 894 2290 z
926 2252 1114 2300 Ζηνόδοτος
1144 2252 1180 2290 δὲ

132 2312 333 2365 Τροιζήνιος
365 2311 581 2365 συγγραφεὺς
615 2311 812 2365 Ὀμὸρικοῦ
851 2311 965 2356 ἔθνους
995 2311 1180 2362 αὐθιγενεῖς

131 2373 261 2424 ἱστορεῖ
279 2371 318 2409 τὸ
347 2371 410 2421 μὲν
430 2373 568 2423 πρῶτον
589 2371 729 2418 οἷκῆσαι
751 2369 811 2416 τὴν
831 2369 1050 2421 καλουμένην
1075 2369 1179 2410 Ῥεα-

132 2429 247 2477 τίνην·
262 2431 390 2468 ἐκεῖθεν
415 2429 450 2467 δὲ
465 2428 530 2467 ὑπὸ
547 2430 743 2480 Πελασγῶν
770 2428 1011 2473 ἐξελασθέντας
1030 2429 1076 2472 εἷς
1091 2427 1179 2466 ταύ-

131 2504 195 2534 την
212 2487 396 2541 ἀφικέσθαι
425 2486 488 2533 τὴν
508 2490 587 2538 γῆν,
620 2485 701 2525 ἔνθα
732 2491 790 2525 νῦν
807 2488 978 2525 οἰκοῦσιν·
997 2485 1057 2524 καὶ
1078 2501 1180 2535 μετα-

133 2545 304 2588 δαλόντας
315 2544 389 2595 ἅμα
407 2547 455 2597 τῷ
466 2544 563 2596 τόπῳ
576 2544 727 2595 τοῦνομα
739 2544 911 2588 Σαὸίνους
923 2543 957 2588 ἐξ
975 2542 1179 2595 Ὀμὸρικῶν

140 2606 469 2656 προσαγορευθῆναι.

641 2670 678 2693 2.

186 2717 374 2754 Plutarch.
394 2717 548 2753 Romul.
570 2729 604 2754 c.
625 2722 686 2761 14,
712 2715 756 2752 15
778 2729 786 2751 :
809 2713 884 2760 Τὴν
902 2714 930 2751 δ’
950 2712 1132 2766 Ἑρσιλίαν
1148 2715 1177 2750 οἱ

356 2823 693 2863 ROMANORUM
714 2823 966 2863 HISTORIA.

636 2908 667 2940 1.

171 2971 350 3004 zenodotus
376 2971 561 3004 Troezenius
590 2972 725 3013 scriptor
751 2973 848 3005 tradit
870 2973 1066 3005 Umbrorum
1085 2974 1178 3013 gente

132 3025 294 3064 indigenas
307 3024 445 3064 primum
462 3024 590 3064 quidem
607 3024 766 3057 habitasse
778 3025 810 3056 in
824 3034 862 3058 eo
878 3035 953 3066 agro
964 3049 973 3065 ,
993 3027 1047 3066 qui
1066 3025 1174 3057 Reati-

131 3087 191 3109 nus
208 3078 358 3116 vocatnr;
377 3077 449 3108 inde
464 3086 540 3109 vero
556 3079 706 3118 expulsos
718 3087 737 3110 a
755 3079 890 3118 Pelasgis
913 3079 946 3110 in
963 3079 1049 3110 hunc
1063 3087 1175 3117 agrum

130 3130 271 3168 venisse,
286 3129 436 3160 ubinunc
450 3129 612 3169 habitant,
628 3132 658 3161 et
667 3130 767 3170 gentis
781 3131 909 3162 nomine
917 3140 980 3162 una
994 3140 1067 3162 cum
1080 3131 1177 3171 ipsius

130 3181 258 3213 sedibus
269 3181 411 3220 mutato,
428 3180 562 3213 Sabinos
578 3190 635 3221 pro
649 3181 790 3214 Umbriis
802 3182 987 3223 appellatos.

640 3254 674 3285 2.

174 3318 340 3350 Hersiliam
367 3319 512 3359 nupsisse
535 3319 668 3351 Hostilio
690 3319 821 3360 quidam
841 3320 982 3359 tradunt,
1000 3320 1070 3351 viro
1095 3320 1177 3351 inter

133 3370 292 3402 Romanos
306 3370 501 3403 nobilissimo
518 3384 524 3403 :
542 3372 594 3403 alii
615 3371 673 3412 ipsi
690 3373 844 3412 Romulo,
861 3373 912 3405 cui
926 3373 1022 3406 etiam
1040 3372 1125 3404 illam
1140 3372 1176 3403 li-

2203 186 2275 223 53¹

1245 260 1308 311 μὲν
1326 261 1525 302 Ὁστίλλιον
1542 279 1656 314 γημαι
1679 265 1851 317 λέγουσιν,
1876 267 1984 321 ἄνδρα
2005 268 2191 320 Ῥωμαίων
2206 271 2284 309 ἐπι-

1244 318 1479 372 φανέστατον·
1506 321 1591 360 οἶδὲ
1620 322 1722 361 αυτὸν
1748 323 1945 376 Ῥωμύλον,
1968 326 2028 365 καὶ
2046 328 2204 379 γενέσθαι
2222 328 2284 367 καὶ

1243 378 1370 422 παῖδας
1389 380 1500 430 αὖτῳ,
1517 379 1598 429 μίαν
1613 379 1676 430 μὲν
1689 381 1860 434 θυγατέρα
1877 383 2036 435 Πρίμαν,
2053 388 2095 437 τῇ
2113 385 2207 431 τάξει
2221 402 2284 434 της

1241 435 1408 486 γενέσεως
1421 436 1511 475 οὕτω
1524 439 1876 491 προσαγορευθεισαν,
1893 441 1953 479 ἕνα
1978 443 2009 480 δ’
2025 442 2096 481 υἱὸν
2115 443 2230 494 μόνον,
2244 443 2282 483 ὃν

1244 493 1395 532 Ἀόλλιον
1416 493 1479 544 μὲν
1497 495 1624 538 ἔκεινος
1647 495 1716 533 ἀπὸ
1731 499 1792 542 τῆς
1810 497 1995 547 γενομένης
2020 499 2236 551 ἀθροίσεωςε
2223 502 2282 538 υπ’

1244 553 1346 590 αὐτοῦ
1363 554 1431 590 τῶν
1449 553 1638 591 πολιτων’
1619 552 1814 603 ωνόμασεν,
1835 556 1865 593 οἱ
1885 555 1915 593 δ’
1933 555 2085 608 ὕστερον,
2101 557 2282 598 'Asinum

1239 608 1351 648 ,Ἀλλὰ
1370 613 1480 649 ταῦτα
1495 610 1557 662 μὲν
1576 612 1722 663 ἱστορῶν
1740 612 1928 659 Ζηνόδοτος
1948 617 1966 652 ὃ
1984 614 2184 666 Τροιζήνιος
2194 617 2283 654 πολ-

1241 668 1321 712 λοὺς
1332 668 1405 721 ἔχει
1418 668 1498 713 τοὺς
1516 670 1766 722 ἀντιλέγοντας.

1749 747 1785 783 3.

1297 816 1447 852 Solinus
1463 829 1495 853 c.
1517 817 1540 854 8
1564 830 1573 853 ε
1595 817 1800 862 Praeneste,
1831 826 1872 853 ut
1898 819 2115 862 Zenodotus‚
2139 819 2286 855 aProe-

1242 883 1342 910 ueste
1371 876 1506 923 Ulyxis
1528 883 1679 924 nepote,
1706 877 1836 912 Latini
1856 876 1944 925 filio
1967 889 1976 912 .·
2001 884 2040 912 ut
2066 877 2287 913 Proenestini

1242 941 1380 970 sonant
1396 935 1481 970 libri
1492 961 1502 980 ,
1519 946 1546 969 a
1565 934 1724 979 Coeculo,
1746 939 1982 983 quem'juxta
2001 938 2102 983 ignes
2104 933 2286 981 fortuitas

1243 994 1473 1037 invenerunt,
1497 1000 1538 1028 ut
1554 990 1674 1039 fama
1705 1001 1776 1038 est,
1813 995 2019 1042 Digitorum
2046 1006 2198 1030 sorores.
2226 994 2281 1031 Cf.

1242 1050 1421 1098 Stephan.
1447 1052 1578 1099 Byz.:
1614 1049 1848 1102 Πραίνεστος,
1877 1050 1976 1095 πόλις
2006 1049 2178 1098 Ἰταλίας,
2212 1051 2284 1089 ἀπὸ

1245 1106 1462 1158 Πραινέστου
1479 1111 1539 1146 τοῦ
1567 1107 1721 1147 Λατίνου
1746 1112 1806 1147 τοῦ
1838 1108 2035 1153 Ὀδυσσέως
2063 1108 2123 1148 καὶ
2151 1108 2284 1161 Κίρκης

1242 1167 1329 1205 υἱοῦ

1658 1282 1868 1297 -ouooe—

1572 1380 1954 1438 ZOPYRION.

1301 1521 1316 1536 «
1336 1505 1534 1553 Zopyrion
1553 1506 1583 1541 is
1597 1506 1663 1552 qui
1677 1506 1697 1541 J
1702 1505 1844 1553 osepho
1862 1505 2075 1542 celebratur
2087 1505 2129 1544 C.
2143 1507 2282 1555 Apion.

1242 1563 1260 1598 1
1274 1589 1284 1607 ‚
1305 1562 1353 1598 23
1368 1590 1379 1611 ,
1393 1563 1460 1598 ubi
1481 1570 1518 1598 et
1527 1564 1548 1598 J
1551 1563 1745 1604 udaeorum
1757 1564 1966 1599 meminisse
1985 1565 2037 1599 ait
2051 1590 2061 1608 ‚
2084 1564 2302 1600 historicus·

1243 1620 1355 1657 fuisse
1372 1620 1535 1658 videtur.
1555 1622 1604 1656 At
1618 1621 1885 1669 grammaticus
1900 1622 1931 1657 is
1942 1628 2034 1666 erat,
2052 1622 2119 1670 qui
2136 1629 2284 1670 partem

1242 1678 1457 1728 principem
1476 1678 1616 1715 fecerat
1641 1680 1744 1715 Prati
1761 1680 2058 1726 vocabulorum,
2075 1691 2212 1727 nempe
2239 1680 2284 1715 il·

1241 1738 1318 1773 lam
1332 1738 1378 1774 ab
1396 1739 1429 1775 Α
1453 1750 1572 1785 usque
1591 1738 1639 1774 ad
1658 1739 1710 1783 E;
1738 1750 1826 1774 nam
1851 1739 2046 1786 sequentia
2068 1739 2284 1787 Pamphilus

1243 1797 1464 1845 collegerat,
1484 1804 1527 1832 ut
1543 1809 1588 1832 ex
1621 1797 1666 1832 iis
1683 1804 1848 1843 constat,
1874 1809 1957 1844 quae
1984 1798 2023 1831 in
2048 1796 2282 1845 frontispicio

1242 1854 1367 1890 Suidae
1383 1855 1505 1902 legere
1522 1862 1588 1891 est.
1612 1871 1627 1886 »
1648 1856 1805 1891 Vossius
1823 1867 1863 1902 p.
1884 1853 1946 1898 54.

1648 1986 1863 2001 ψ-

1359 2091 1589 2148 ZOPYR
1602 2092 1687 2149 US
1726 2091 2150 2150 BYZANTIUS.

1615 2213 1884 2254 ἹΣΤΟΡΙΚΑ.

1544 2315 1570 2348 Ε
1599 2313 1748 2349 LIBRO
1777 2310 1972 2349 TERTIO.

1744 2418 1775 2440 1.

1295 2482 1484 2518 Plutarch.
1501 2483 1585 2519 Par.
1601 2482 1692 2519 min.
1717 2494 1751 2518 c.
1773 2480 1820 2517 36
1843 2492 1852 2518 :
1873 2479 2082 2529 Φυλονόμη,
2098 2479 2278 2527 Νυκτίμου

1239 2536 1299 2575 καὶ
1322 2536 1503 2588 Ἀρκαδίας
1537 2536 1706 2589 θυγάτηρ,
1739 2536 1897 2588 ἐκυνήγει
1931 2536 1992 2576 σὺν
2018 2539 2061 2589 τῇ
2088 2537 2280 2589 Ἀρτέμιδι·

1240 2594 1345 2647 Ἄρης
1366 2595 1394 2634 δ’
1413 2597 1448 2633 ἐν
1469 2594 1628 2647 σχήματι
1657 2594 1817 2645 ποιμένος
1845 2595 1965 2646 ἔγκυον
1999 2595 2177 2643 ἐποίησεν·
2197 2599 2219 2642 ἡ
2243 2595 2279 2634 δὲ

1242 2657 1390 2691 τεκοῦσα
1409 2653 1570 2702 διδύμους
1591 2654 1737 2700 παῖδας,
1753 2653 1812 2691 καὶ
1832 2653 2028 2706 φοὸουμένη
2042 2652 2099 2691 τὸν
2115 2652 2252 2705 πατέρα
2266 2682 2277 2699 ,

1240 2711 1377 2764 ἔρριψεν
1398 2713 1443 2755 εἷς
1460 2711 1517 2750 τὸν
1538 2711 1769 2764 Ἐρύμανθον.
1786 2713 1833 2750 Οἱ
1847 2710 1883 2749 δὲ
1898 2710 1987 2749 κατὰ
2008 2711 2170 2764 πρόνοιαν
2182 2714 2277 2749 ἀκιν-

1236 2819 1328 2852 beros
1340 2820 1496 2860 peperisse
1506 2843 1515 2858 ‚
1529 2819 1624 2850 liliam
1644 2818 1785 2850 Primam
1794 2842 1804 2858 ,
1821 2827 1862 2850 ex
1874 2818 1985 2850 ordine
2000 2818 2149 2850 nascendi
2162 2818 2206 2850 ita
2217 2827 2277 2850 no-

1236 2872 1408 2911 minatam,
1400 2883 1407 2890 ·
1425 2873 1554 2902 unicum
1569 2872 1725 2910 praeterea
1738 2870 1858 2910 filium,
1872 2879 1968 2911 quem
1985 2870 2026 2902 ab
2041 2879 2197 2902 concursu
2218 2871 2278 2902 sub

1236 2933 1269 2956 se
1285 2924 1404 2955 civium
1419 2922 1631 2962 frequentium
1647 2922 1818 2963 (ἀολλέων)
1836 2922 1975 2955 Aollium
1991 2922 2042 2953 ille
2060 2922 2202 2961 vocavit,
2220 2930 2276 2961 po-

1235 2975 1310 3007 steri
1329 2974 1493 3006 Abillium.
1521 2974 1561 3005 At
1579 2974 1633 3014 qui
1651 2973 1720 3006 haec
1735 2975 1861 3013 narrat,
1876 2973 2061 3006 Troezenius
2079 2973 2275 3012 zenodotus,

1236 3027 1352 3057 inultos
1364 3025 1459 3056 habet
1473 3024 1680 3057 adversarios.

1612 3096 1898 3135 HISTORlCA.

1744 3165 1772 3195 1.

1279 3216 1486 3256 Phylonome,
1498 3216 1635 3256 Nyctimi
1646 3216 1678 3248 et
1688 3216 1828 3248 Arcadiae
1839 3216 1914 3256 filia,
1927 3216 2078 3247 venatum
2089 3223 2161 3246 cum
2172 3214 2273 3245 Diana

1236 3269 1358 3301 solebat
1373 3269 1472 3300 exire.
1491 3269 1583 3300 lllam
1606 3271 1691 3300 Mars
1715 3269 1849 3309 pastoris
1871 3270 1997 3308 sumpta
2011 3268 2112 3299 forma
2130 3266 2270 3303 vitiavit,

1234 3329 1272 3352 ac
1295 3321 1375 3352 soetu
1398 3319 1552 3360 implevit.
1572 3320 1723 3352 Geminos
1744 3329 1846 3361 quum
1874 3318 1966 3360 partu
1984 3318 2150 3356 edidisset,
2175 3315 2272 3357 patris

1235 3373 1320 3404 melu
1345 3371 1375 3403 in
1391 3371 1626 3412 Erymanlhum
1640 3380 1693 3404 eos
1706 3371 1845 3412 abiecit:
1865 3371 1886 3403 ii
1902 3370 1986 3403 fatali
2009 3369 2146 3409 quodam
2166 3367 2269 3407 provi-

2088 3428 2130 3453 aa.
