2326 3724
1011 169 1331 210 FRAGMENTA

66 255 177 306 λέμου
206 248 302 308 νόμῳ
321 246 504 301 Λαζικὴν’
522 252 787 300 οἰκειώσασθαί,
819 250 880 290 καὶ
909 250 1027 300 ὅμως,
1063 252 1114 303 τῶ

68 313 254 366 βούλεσθαι
279 313 342 360 τὴν
370 313 468 360 δίκην
499 311 654 365 ἄτρωτον
687 304 794 358 εἶναι,
826 308 1114 362 προυργιαίτερον

65 371 144 411 ἔθου
172 371 336 425 σώφρονα
366 372 555 417 κεκτῆσθαι
584 368 751 421 λογισμὸν
776 368 798 416 ἢ
815 374 918 421 χεῖρα
946 367 1112 415 δυνατήν.

63 431 260 483 Τοιγαροῦν
279 429 436 477 ἐποιήσω
454 428 519 476 τὴν
535 430 599 467 οὒκ
619 428 772 479 ἀνάγκην
795 427 965 480 ἀνάγκην,
983 426 1045 465 καὶ
1064 428 1115 478 τῷ

66 489 215 541 γενναίῳ
239 491 302 535 τῆς
329 486 636 541 μεγαλοφροσύνης
660 486 820 540 ἐψηφίσω
848 485 942 525 κατὰ
968 487 1114 535 σαυτοῦ,

63 546 125 585 καὶ
137 553 236 586 νικᾶν
250 546 401 594 ἠξίωσας
414 545 607 596 ἡττημένος
620 549 679 584 τοῦ
698 545 901 598 πρέποντος,
917 544 978 583 καὶ
994 544 1115 587 ἁπλῶς

65 605 357 652 ἀπεκατέστησας
378 607 464 654 ἡμῖν
485 602 644 650 Λαζικὴν
659 602 779 656 ὥσπερ
795 602 920 641 οἰκεῖόν
941 618 975 641 τι
993 605 1114 652 κτῆμα

65 664 225 715 μεταθεὶς
249 663 310 702 καὶ
327 662 391 710 τὴν
413 661 570 707 ἐξουσίαν
590 661 801 714 μεταγαγὼν
827 663 882 715 ἐφ’
903 664 1012 713 ἡμᾶς.
1038 662 1116 700 Οὐκ

65 721 182 765 ἄλλως
209 721 322 760 δὲκαὶ
343 721 425 774 περὶ
449 720 622 764 Σουανίας
641 719 907 771 ἀντιὸολοῦμεν,
926 719 968 761 ,τὸ
990 721 1115 758 οἰκεῖον

63 780 192 832 προῖκα
221 778 362 818 λαὸεἴν·
379 779 439 817 καὶ
467 778 570 832 χάριν
598 777 634 817 δὲ
651 777 883 830 ὁμολογήσειν
907 781 1004 828 ἡμᾶς
1020 778 1116 828 ὑμῖν,

63 840 114 892 τῷ
134 837 184 889 μὴ
210 839 427 889 ἐζημιῶσθαι
451 837 491 876 τὸ
510 837 651 876 οἰκεῖον·
673 840 764 888 ὑμᾶς
781 837 818 876 δὲ
844 839 895 890 τῷ
919 836 1116 888 κρείττονι,

63 899 114 950 τῷ
132 896 298 936 δύνασθαι
311 900 474 935 τοσοῦτον
491 895 582 935 ὥστε
596 898 781 948 δωρεῖσθαι
799 896 910 934 δοκεῖν
928 895 988 934 καὶ
1005 894 1044 933 τὸ
1065 894 1116 946 μὴ

760 949 782 957 ω

65 955 244 1008 ὑμέτερον.
268 973 287 990 ³»
306 955 380 996 Καὶ
400 957 418 994 ὁ
437 954 600 1008 βασιλεὺς
617 954 729 1000 ἔλεξεν
755 956 842 993 ὡδε·
864 973 880 989 ιι
898 953 1006 994 Οὕτω
1027 955 1116 1002 δῆτα

64 1013 181 1069 ψυχὴν
199 1015 313 1068 λόγων
337 1015 555 1069 χηρεύουσαν
579 1015 640 1054 καὶ
664 1019 726 1054 τοῦ
745 1014 876 1053 πείθειν
903 1014 1033 1068 ἔρημον
1055 1015 1118 1052 εὑ-

67 1079 174 1127 ροῦσα
190 1077 213 1121 ἡ
238 1077 302 1122 τῆς
319 1075 441 1128 σοφίας
458 1074 621 1124 δύναμις,
648 1077 905 1128 περιφρονοῦσα
925 1073 964 1111 τὸ
981 1071 1118 1116 ἀσθενὲς

65 1133 363 1185 καταγωνίζεται,
382 1149 502 1185 ωσπερ
525 1132 710 1186 φάρμακον
739 1136 772 1171 ἐν
795 1132 890 1171 ἕλκει
909 1133 1117 1185 προσπλατ-

65 1193 211 1242 τόμενον
229 1191 516 1244 καταὸιὸρώσκει
539 1192 602 1242 μὲν
618 1192 657 1231 τὸ
676 1195 814 1243 νοσοῦν,
834 1192 1119 1242 συναναζωπυρεῖ

66 1251 102 1290 δὲ
121 1251 220 1299 τὴν
206 1251 324 1303 υγείαν
347 1254 396 1289 τῶ
413 1251 595 1302 κάμνοντι.
616 1253 662 1290 Εἰ
677 1251 743 1303 γὰρ
760 1251 800 1289 τὸ
817 1250 948 1289 δίκαιον
966 1252 1029 1289 οὐκ
1042 1254 1071 1288 εἰ
1074 1249 1118 1288 πέ

65 1324 170 1362 τισιν,
191 1310 222 1348 εἴ
239 1325 289 1357 πη
306 1309 420 1362 (εἴποι
436 1311 503 1361 Ν.)
523 1309 559 1348 δὲ
576 1309 616 1348 τὸ
629 1310 811 1362 ἁρμόδιον,
829 1308 924 1348 ουδὲν
938 1312 1041 1356 ἦττον
1058 1308 1118 1347 καὶ

65 1368 156 1408 οὕτω
186 1368 333 1416 νικήσει.
365 1370 559 1420 Τοιγαροῦν
590 1371 612 1415 ἡ
644 1367 748 1420 σοφία
774 1368 897 1407 τούτου
925 1367 1027 1406 ἕνεκα
1055 1370 1118 1414 τῆς

67 1428 190 1481 ἰσχύος
217 1430 287 1466 τῶν
313 1425 431 1465 ὅπλων
451 1432 590 1480 κρατεῖ,
617 1426 669 1465 ὅτι
698 1427 856 1478 πολέμου
881 1425 944 1477 μὲν
974 1426 1118 1476 δύναμις

68 1488 135 1539 οὖχ
151 1485 246 1526 οἵατε
261 1485 395 1540 πέφυκε
412 1489 473 1524 τοῦ
490 1485 665 1539 πρακτέου
681 1485 841 1537 γενέσθαι
862 1484 1118 1538 (περιγενέσθαι

67 1547 154 1598 Ν.),
183 1547 213 1584 εἷ
233 1545 283 1597 μή
311 1560 369 1583 πω
388 1544 449 1583 καὶ
477 1544 605 1591 ἑαυτὴν
626 1544 715 1592 αὐτὴ
735 1544 988 1597 διαχρήσεται,
1014 1543 1054 1582 τὸ
1079 1544 1116 1582 δὲ

67 1607 129 1652 τ’ῆς
142 1604 265 1658 σοφίας
281 1603 470 1655 ἀσώματον
488 1619 549 1642 και
560 1602 720 1657 φρούριον
735 1602 951 1651 καθέστηκεν
968 1605 1093 1649 ἑαυτῆς
1106 1618 1114 1626 ·

64 1663 215 1762 πρόςγε
216 1663 277 1702 καὶ
303 1665 447 1716 φρουρεῖ
461 1679 519 1702 τον
542 1661 757 1713 κεκτημένον
781 1662 905 1710 αὐτήν.
933 1662 1118 1702 Ἐντεῦθεν

64 1738 122 1762 ουν
143 1722 219 1762 οὐδὲ
249 1722 351 1766 αὐτὸς
377 1722 510 1774 [σὲ],
488 1739 517 1760 ω
537 1721 726 1772 Ῥωμαίων
746 1737 812 1774 πρε
798 1722 969 1772 -σὸευτα,
995 1719 1116 1773 ὥσπερ

65 1779 154 1825 εἰκὸς
173 1782 208 1820 ἐν
228 1779 382 1834 τοσαύτῃ
412 1781 598 1835 φιλοσοφία
615 1780 866 1834 τεθραμμένον,
893 1785 916 1833 ᾑ
945 1780 1117 1832 περιεῖναι

64 1901 174 1937 Quum
186 1899 271 1932 enim
283 1901 501 1932 asseveranter
508 1899 790 1940 contenderemus,
801 1899 887 1940 quod
901 1899 998 1931 etiam
1007 1899 1118 1939 aperte

64 1952 330 1991 ostendebamus,
355 1952 503 1985 Lazicam
522 1961 541 1984 a
556 1953 652 1993 longo
674 1954 821 1993 tempore
839 1961 858 1984 a
875 1952 1027 1984 Romanis
1043 1960 1116 1992 pos-

65 2011 184 2036 sessam
210 2004 324 2044 fuisse,
342 2005 379 2036 tu
394 2004 507 2036 contra
521 2013 592 2036 eam
608 2004 666 2036 tihi
680 2003 755 2036 belli
778 2004 846 2044 iure
859 2003 1021 2044 propriam
1039 2003 1117 2035 eise·

64 2056 152 2088 ctam
165 2055 292 2096 dixisti3
309 2055 658 2088 nilulominusiuaesam
671 2055 829 2096 justitiam
843 2064 911 2088 esse
923 2054 1070 2094 voluisti,
1085 2055 1118 2087 et

64 2107 276 2148 temperatam
291 2107 408 2140 habere
424 2106 650 2149 cogitationem
674 2116 772 2148 quam
798 2116 931 2139 manum
954 2108 1116 2148 potentem

64 2159 172 2200 potius
199 2158 332 2191 duxisti.
357 2162 484 2199 Quare,
515 2168 591 2200 quae
618 2160 708 2191 nulla
734 2161 803 2192 erat
825 2159 996 2192 necessitas
1007 2183 1017 2197 ‚
1046 2167 1118 2191 eam

64 2212 178 2253 sponte
204 2211 262 2244 tibi
287 2213 511 2245 necessitatem
536 2212 736 2253 imposuisti,
762 2213 803 2245 et.
819 2221 973 2253 generoso
995 2211 1117 2252 judicio

64 2265 178 2296 contra
198 2264 347 2306 teipsum
365 2264 580 2305 pronuntiasti
595 2277 604 2296 ε
618 2264 660 2297 ab
676 2264 844 2297 honestate
860 2266 892 2297 te
906 2264 1028 2296 victum
1049 2272 1118 2296 esse

65 2316 248 2357 consessus,
281 2316 376 2357 plane
403 2316 497 2349 nobis
522 2317 670 2349 Lazicam
699 2316 885 2357 restituisti,
905 2317 937 2348 et
960 2317 1117 2356 tanquam

65 2370 210 2400 nostrum
233 2367 400 2408 proprium
426 2367 655 2408 patrimonium
679 2377 752 2400 eam
773 2367 902 2400 tradens
920 2368 988 2408 ejus
1017 2367 1116 2408 possi-

64 2419 178 2453 dendae
205 2421 398 2462 potestatem
425 2421 458 2453 in
481 2430 543 2454 nos
566 2422 778 2462 transtulisti;
807 2421 895 2462 quod
911 2423 945 2454 et
967 2421 1052 2454 idem
1076 2421 1117 2454 de

65 2473 185 2506 Suania
206 2473 365 2517 supplices
382 2473 541 2515 petimus,
570 2475 608 2506 ut
624 2474 721 2515 gratis
741 2474 828 2515 quod
844 2474 937 2506 nobis
953 2474 1117 2516 proprium

65 2525 134 2565 est,
151 2525 359 2567 recipiamus,
378 2526 413 2558 et
429 2528 466 2558 ut
482 2535 542 2559 nos
556 2525 650 2558 vobis
673 2526 790 2567 gratias
817 2526 1012 2567 habeamus,
1029 2525 1116 2567 quod

65 2586 117 2617 eo,
126 2578 213 2619 qnod
225 2579 371 2610 nostrum
383 2579 432 2610 est
440 2602 450 2618 ,
461 2578 595 2610 minime
605 2587 663 2610 nos
673 2578 906 2611 mulctaveritis
918 2588 926 2610 :
938 2587 996 2610 vos
1005 2579 1116 2611 autem

65 2638 192 2662 summo
209 2629 335 2662 numini
346 2653 356 2669 ,
368 2629 454 2671 quod
467 2631 595 2662 tantum
603 2630 735 2671 potestis
744 2654 753 2670 ,
766 2632 803 2662 ut
815 2630 912 2663 etiam
925 2639 1001 2671 quae
1011 2632 1116 2663 vestra

65 2690 131 2713 non
146 2682 243 2722 sunt,
257 2681 343 2714 dono
356 2681 434 2714 dare
460 2681 645 2714 videamini.
665 2695 680 2710 υ
696 2683 764 2714 Rex
786 2683 895 2715 autem
911 2682 957 2714 ita
985 2691 1115 2723 respon-

66 2732 136 2766 dit:
155 2745 170 2761 ι
190 2732 347 2775 Equidem
359 2733 524 2775 sapientiae
539 2733 588 2766 vis
603 2734 630 2766 si
648 2734 818 2766 offenderit
833 2734 977 2766 animum
993 2734 1117 2766 ratione

49 2785 256 2818 ‘destitutum
285 2786 319 2819 et
336 2786 548 2827 persuadendi
571 2787 724 2820 facultate
742 2787 906 2828 orbatum,
923 2787 1011 2829 quod
1029 2787 1118 2819 intir-

64 2845 156 2870 mum
171 2839 204 2870 et
219 2837 416 2871 imbecillum
430 2840 495 2877 est,
508 2839 682 2880 prosternit
696 2841 730 2872 et
742 2839 897 2879 conterit,
909 2839 1117 2880 quemadmo-

65 2889 144 2923 dum
159 2890 430 2924 medicamentum
447 2892 548 2924 ulceri
565 2892 748 2924 adhibitum
782 2892 966 2934 depascitur
981 2892 1012 2924 id
1028 2891 1118 2934 quod

65 2940 208 2975 dolorem
226 2942 322 2983 facit,
339 2944 372 2975 et
387 2944 557 2976 sanitatem
583 2944 723 2976 restituit
749 2944 931 2985 aegrotanti.
962 2945 1118 2982 Quamvis

65 2993 151 3026 enim
165 2995 296 3027 minime
308 2994 398 3035 justa
418 2996 460 3028 sit
482 3004 520 3028 ea
544 3004 619 3038 quae
634 2995 719 3037 apud
745 2995 929 3036 hujusmodi
948 2995 1116 3028 hominum

65 3053 165 3086 genus
179 3045 317 3079 liabetur
331 3046 455 3088 oratioj,
468 3047 495 3080 si
508 3049 617 3080 tamen
630 3049 703 3089 apte
716 3048 749 3080 et
763 3047 920 3080 concinne
932 3048 1005 3088 quis
1017 3047 1115 3087 dicat,

66 3095 202 3130 dicendo
215 3097 344 3131 evincit.
362 3100 410 3131 Ea
423 3098 463 3131 de
475 3108 571 3132 causa
591 3099 746 3140 sapientia
764 3099 858 3140 longe
873 3107 1037 3132 armorum
1049 3099 1116 3130 vim

65 3150 214 3190 superat,
236 3149 326 3191 quod
349 3149 464 3183 bellica
479 3151 582 3183 virtus
606 3159 670 3183 non
688 3151 786 3192 possit
803 3150 935 3192 aliquod
955 3150 1117 3192 egregium

67 3199 190 3233 facinus
205 3201 319 3242 edere,
335 3202 396 3234 nisi
417 3211 452 3234 se
467 3202 571 3243 ipsam
587 3211 717 3244 quoque
733 3203 921 3242 consumat,
948 3201 1117 3243 prudentia

67 3255 176 3285 autem
189 3254 223 3286 et
236 3262 332 3287 suum
348 3254 447 3295 ipsius
462 3255 646 3296 praesidium
661 3257 873 3288 constitutum
888 3256 953 3295 est,
968 3256 1001 3287 et
1022 3263 1095 3287 eum
1105 3279 1114 3295 ,

68 3304 125 3346 qui
139 3304 240 3346 ipsam
253 3305 411 3347 possidet,
437 3307 564 3339 salvum
584 3308 617 3339 et
633 3307 827 3339 incolumem
844 3309 950 3339 servat
978 3308 1011 3339 et
1034 3316 1115 3348 prae-

69 3357 141 3391 stat.
157 3358 375 3396 Quamobrem
394 3359 494 3392 nolim
508 3360 570 3393 hoc
584 3359 662 3393 mihi
680 3361 840 3402 vituperio
860 3360 945 3400 dari,
959 3369 979 3392 o
1002 3362 1116 3393 Roma·

2149 180 2225 215 215

1175 255 1246 295 τοῖς
1263 250 1397 304 ῥήμασι
1412 203 1631 301 μεμάθηκας,
1644 265 1728 301 μεμ
1745 250 1839 297 θείην
1827 252 1938 323 πρός
1951 267 2039 297 τινος
2052 252 2161 305 ἔγωγε
2176 253 2226 303 μὴ

1175 309 1306 347 πείθειν
1324 308 1456 359 μαθών·
1471 307 1594 354 πλὴν*
1576 324 1622 351 ως
1638 307 1714 346 ἃνο
1731 308 1810 346 όστε
1823 326 1864 357 ω,
1880 309 1945 348 κᾶν
1966 311 2056 361 εἰμὴ
2070 317 2139 355 τοῖς
2161 311 2228 364 ῥή-

1176 382 1265 418 μασι
1282 368 1466 418 ττλαυγῶς
1478 396 1489 414 ,
1506 366 1584 404 ἀλλ’
1601 364 1696 417 ὅμως
1710 368 1759 404 τῶ
1776 368 1975 420 βουλομένῳ
1991 384 2053 414 της
2071 369 2227 420 γνώμης,

1175 428 1220 469 ὡς
1237 425 1383 473 ἔνεστιν,
1403 427 1438 463 ἐν
1457 427 1596 478 φανερῷ
1612 406 1773 477 προθείὴν
1791 424 1830 462 τὸ
1851 424 1995 463 δίκαιον·
2013 426 2167 477 δοίημεν,
2183 431 2230 472 ὡς

1175 484 1449 535 ἐδικαιολογήσω
1459 482 1539 534 περὶ
1553 482 1738 530 Σουανίας,
1748 482 1811 530 τὴν
1821 482 1985 529 ἀλήθειαν
1997 483 2105 528 οὕτως
2119 484 2226 536 ἔχειν.

1176 542 1333 590 Λαζικὴν
1350 542 1412 591 μὲν
1422 540 1690 616 ἐχειρωσάμην,
1713 541 1880 585 Σουάνοις
1897 540 1933 578 δε
1954 542 2031 579 οὐδὲ
2050 542 2228 594 προσέὸα-

1175 601 1286 652 λον,*
1267 618 1290 649 η
1307 601 1398 654 μόνῃ
1414 603 1500 653 ἀκοῃ
1517 602 1567 638 τῶ
1584 599 1641 638 τὸν
1656 599 1902 653 Μερμερόην“
1883 602 1969 650 ημῖν
1984 615 2163 672 σημηναι,
2185 604 2231 646 ὡς

1177 662 1239 699 οὐκ
1252 661 1346 699 ἔστιν
1363 659 1461 705 ἀξιό)
1454 675 1540 733 ογος
1553 659 1631 698 οὐδὲ
1643 658 1712 710 μὴν
1725 658 1966 711 περιμάχητος
1980 661 2002 705 ἡ
2020 674 2134 711 χωρα,
2154 658 2230 698 οὐδὲ

1179 719 1390 773 βασιλικης”
1372 734 1470 772 εργον
1481 718 1720 772 ἐκστρατείας,
1737 719 1814 756 ἀλλ’
1830 717 1864 756 ἓν
1877 717 2027 770 υπάρχει
2041 721 2109 756 τῶν
2124 719 2230 756 ἐθνῶν

1177 782 1245 817 τῶν
1259 779 1339 830 περὶ
1357 778 1416 817 τὸν
1431 777 1636 827 Καύκασον,
1652 777 1714 816 καὶ
1728 779 1774 820 ὡς
1794 776 1913 829 ἔχουσι
1933 776 2151 828 βασιλίσκον,
2171 777 2231 815 καὶ

1177 840 1223 882 ὡς
1239 840 1257 876 ὁ
1276 836 1390 889 χῶρός
1406 837 1481 875 ἐστι
1498 837 1646 875 Σκυθῶν
1661 836 1824 888 πάροδος.
1841 834 1992 874 Ἀπεὸίω
2008 835 2231 888 Μερμερόης,

1178 890 1253 936 εἶτα
1271 899 1289 934 ὁ
1305 895 1514 949 Ναχόεργαν
1535 897 1668 943 ὑπῆλθε
1689 898 1732 946 τῇ
1753 895 1963 948 στρατηγίᾳ.
1984 894 2144 948 Γέγραφε
2161 895 2231 934 τοί-

1177 971 1238 994 νυν
1264 958 1349 1005 ἡμῖν
1378 955 1437 993 καὶ
1458 954 1560 998 αὐτὸς
1588 955 1651 993 οὐκ
1674 953 1790 998 ἄλλως
1815 953 1895 1006 περὶ
1924 955 2051 1001 αὐτῶν,
2084 954 2137 992 ὅτι
2170 958 2231 993 τοῦ

1181 1014 1371 1054 Καυκάσου
1387 1012 1448 1058 τὰς
1462 1013 1655 1066 ἀκρωρείας
1671 1014 1821 1059 οἰκοῦσι,
1838 1012 1899 1051 καὶ
1918 1011 1970 1051 ότι
1989 1013 2076 1060 δῆτα
2093 1013 2232 1057 κλῶπές

1179 1089 1215 1112 τε
1235 1088 1296 1111 και
1315 1072 1564 1126 λαφυραγωγοι
1592 1088 1652 1111 και
1672 1071 1880 1123 χαλεπῶν’
1862 1088 1970 1132 εργων
1995 1072 2056 1110 καὶ
2084 1072 2231 1110 ἀνοσίων

1179 1132 1436 1180 καθεστήκασιν
1468 1131 1628 1184 ἐργάται.
1663 1130 1892 1180 Ἦόουλόμην
1924 1133 1982 1169 οὖν
2013 1130 2104 1169 κατὰ
2136 1133 2230 1181 σφῶν

1179 1191 1304 1230 ελοίσαι
1318 1191 1517 1241 στρατείαν,
1534 1191 1564 1228 οἳ
1578 1189 1613 1228 δὲ
1628 1189 1940 1242 κατορρωδήσαντε
1944 1206 1960 1233 ς
1975 1189 2053 1228 ἀντι
2064 1189 2230 1228 Σουάνων

1181 1250 1336 1300 ἐγένοντο
1354 1249 1504 1302 Πέρσαι.
1522 1248 1588 1292 ςΩς
1606 1243 1694 1287 εἶναι
1711 1249 1814 1295 δῆλον
1836 1250 1988 1287 ἐντεῦθεν
2011 1248 2150 1295 ἀνήκειν
2172 1264 2232 1298 μοι

1179 1307 1242 1356 τὴν
1265 1309 1402 1361 χώραν,
1418 1307 1477 1346 καὶ
1491 1307 1585 1359 ἔχειν
1603 1309 1665 1345 οὐκ
1682 1309 1868 1359 ἀρνοῦμαι.
1887 1307 1959 1346 Καὶ
1978 1307 2090 1344 τοίνυν
2108 1308 2231 1353 δηλοῦ-

1180 1383 1233 1405 σιν
1250 1366 1480 1411 ὑπακούοντες
1499 1370 1584 1416 ἧμῖν
1605 1365 1849 1416 ἀσμενέστατα
1868 1368 1918 1419 τῷ
1934 1366 1994 1404 καὶ
2011 1366 2080 1409 τοῖς
2097 1366 2231 1409 δούλοις

1180 1426 1350 1478 ἄρχεσθαι
1366 1428 1437 1470 τοῖς
1452 1428 1568 1475 ἡμῶν.
1590 1424 1729 1475 Ἀμέλει
1746 1425 1806 1463 καὶ
1823 1427 1883 1463 τοῦ
1900 1424 1971 1477 Ζὶχ
1987 1426 2022 1462 ἐν
2042 1424 2229 1478 γράμμασι

1179 1483 1417 1532 δηλώσαντος,
1431 1486 1476 1528 ὡς
1490 1483 1664 1534 Ῥωμαῖοι
1683 1483 1856 1522 Σουανίαν
1874 1484 2074 1529 ἐπιζητοῦσι
2090 1482 2228 1529 λαὸεἶν,

1178 1546 1340 1581 τοσοῦτον
1369 1543 1546 1595 πόρρωθεν
1576 1541 1694 1594 ᾠήθην
1715 1543 1806 1591 ὑμᾶς
1837 1545 1897 1579 τοῦ
1923 1541 2059 1580 δικαίου
2092 1544 2202 1595 φῆσαι
2218 1571 2229 1589 ,

1178 1601 1325 1640 καθόσον
1347 1603 1386 1640 οὐ
1410 1602 1559 1650 πλησίον
1579 1601 1747 1652 ἐγενόμην
1765 1604 1826 1639 τοῦ
1847 1600 2026 1639 πείθεσθαι
2043 1603 2091 1653 τῷ
2113 1617 2232 1653 παρα-

1178 1660 1271 1714 λόγῳ
1290 1663 1350 1707 τῆς
1373 1662 1490 1707 ἀκοῆς.
1519 1659 1620 1706 Πλὴν
1640 1658 1884 1708 ἡττηθήσομαι
1901 1663 1962 1697 τοῦ
1982 1660 2147 1706 δυνατοῦ,
2164 1674 2231 1697 κα-

1178 1720 1277 1758 θόσον
1297 1719 1449 1767 οἷηθείην
1466 1719 1706 1771 περιέσεσθαι,
1727 1717 1776 1770 μὴ
1794 1718 1874 1770 οὐχὶ
1894 1717 2006 1757 ταύτὰ
2026 1721 2163 1772 φρονεῖν
2180 1719 2232 1770 τῷ

1179 1780 1258 1817 καθ’
1274 1781 1364 1830 ὑμᾶς
1383 1779 1534 1831 βασιλεῖ.
1557 1796 1571 1814 υ
1587 1778 1732 1822 Ταύτας
1746 1777 1916 1824 δήπουθεν
1933 1777 2038 1821 αὐτὰς
2055 1777 2234 1825 ἀπεκύησε

1179 1905 1294 1928 norum
1311 1897 1431 1937 legate,
1446 1897 1471 1928 si
1486 1905 1543 1937 ego
1555 1920 1564 1935 ,
1580 1897 1637 1937 qui
1655 1905 1674 1928 a
1686 1895 1815 1928 nemine
1830 1895 1941 1936 didici,
1955 1895 2014 1927 tibi
2027 1904 2091 1926 non
2107 1903 2237 1935 persua-

1177 1949 1272 1981 deam
1286 1974 1295 1989 ,
1313 1949 1368 1990 qui
1390 1949 1617 1990 philosophicis
1635 1949 1810 1989 disciplinis
1831 1948 1912 1980 adeo
1936 1948 2111 1980 innutritus
2127 1949 2159 1980 et
2178 1948 2234 1979 im-

1178 2001 1276 2034 butus
1291 2002 1404 2042 fueris,
1418 2004 1455 2034 ut
1467 2002 1612 2034 oratione
1635 2001 1831 2042 superiorem
1851 2007 1919 2033 esse
1935 2000 2086 2032 didiceris
2101 2011 2108 2031 ε
2123 2002 2235 2032 tamen

1179 2054 1338 2094 quantum
1352 2054 1385 2084 in
1398 2062 1450 2086 me
1463 2053 1544 2093 erit,
1560 2053 1619 2085 etsi
1633 2061 1698 2084 non
1712 2052 1879 2084 luculento
1894 2052 2068 2084 verborum
2081 2051 2233 2091 artificio,

1179 2115 1221 2138 ex
1235 2106 1335 2137 animi
1351 2107 1415 2138 mei
1432 2106 1590 2138 sententia
1604 2106 1690 2147 quod
1705 2106 1828 2146 justum
1852 2106 1900 2137 est
1928 2114 2086 2146 promam.
2116 2107 2236 2137 Demus

1178 2158 1218 2190 de
1229 2159 1347 2192 Suania
1360 2160 1392 2191 te
1402 2167 1479 2191 vera
1494 2159 1632 2198 dixisse,
1645 2160 1678 2190 et
1691 2158 1735 2190 ita
1749 2167 1783 2190 se
1796 2167 1863 2191 rem
1879 2158 1995 2190 habere
2014 2169 2025 2192 ς
2037 2160 2071 2190 at
2086 2159 2234 2190 Lazicam

1178 2209 1262 2241 bello
1278 2210 1406 2250 subegi3
1424 2213 1548 2243 Suanos
1564 2220 1730 2252 nunquam
1753 2211 1839 2243 bello
1862 2211 1991 2252 appetii.
2025 2211 2102 2243 Solo
2119 2211 2234 2243 auditu

1178 2270 1197 2293 a
1212 2263 1390 2294 Mermeroe
1405 2263 1531 2303 accepi,
1543 2263 1598 2304 qui
1618 2262 1825 2303 significavit,
1840 2263 2002 2303 regionem
2019 2272 2083 2294 non
2103 2271 2170 2295 esse
2183 2263 2234 2295 di-

1177 2321 1272 2353 gnam
1295 2315 1405 2345 nostra
1422 2321 1519 2352 cura,
1536 2322 1641 2354 neque
1655 2322 1712 2354 pro
1731 2321 1796 2354 qua
1817 2315 2035 2352 certaremus,
2062 2321 2167 2354 neque
2183 2323 2234 2345 re-

1177 2374 1248 2404 gem
1265 2364 1378 2397 decere
1394 2365 1469 2396 huic
1481 2365 1576 2397 terrae
1591 2365 1712 2397 bellum
1731 2364 1860 2397 inferre.
1886 2365 1988 2397 Sitam
2006 2374 2073 2397 esse
2089 2365 2235 2397 intereas

1177 2420 1286 2460 gentes
1296 2445 1307 2460 ,
1319 2429 1394 2460 quae
1410 2419 1495 2451 circa
1512 2421 1693 2452 Caucasum
1707 2419 1855 2451 habitant
1865 2418 2006 2459 ,habere
2023 2420 2168 2460 regulum
2179 2444 2188 2460 ,
2202 2421 2236 2452 et

1177 2480 1246 2504 esse
1265 2472 1439 2504 transitum
1465 2471 1674 2512 Scytharum.
1704 2472 1848 2504 Decessit
1863 2473 2074 2510 Memnomes,
2099 2471 2233 2503 admini-

1176 2523 1364 2556 strationem
1383 2523 1544 2556 exercitus
1560 2523 1701 2564 suscepit
1722 2523 1930 2563 Nachoergan
1946 2524 1956 2563 (
1971 2522 2230 2564 A'aaeliorayan,

1177 2585 1235 2618 ap.
1249 2575 1437 2617 Aqalhe'am
1453 2577 1478 2617 ).
1499 2577 1633 2617 Scripsit
1664 2576 1717 2608 ille
1729 2576 1823 2608 nobis
1852 2575 1964 2609 eadem
1983 2587 1990 2608 :
2019 2579 2144 2608 Suanos
2158 2576 2233 2617 juga

1177 2631 1311 2663 Caucasi
1344 2629 1509 2670 habitare,
1537 2638 1606 2662 esse
1633 2629 1797 2669 latrones,
1811 2629 1993 2670 praedarum
2019 2629 2186 2661 abactores
2201 2629 2235 2661 et

1176 2690 1447 2723 quorumcunque
1467 2681 1613 2722 gravium
1624 2682 1657 2713 et
1669 2681 1860 2713 immanium
1873 2681 2030 2713 scelerum
2041 2682 2233 2722 patratores.

1177 2735 1414 2768 Censtituimus
1437 2734 1592 2767 adversus
1609 2734 1680 2766 illos
1695 2734 1877 2767 exercitum
1892 2733 2021 2767 mittere
2031 2759 2040 2775 ,
2058 2733 2115 2766 sed
2126 2734 2233 2766 subito

1176 2788 1264 2820 metu
1279 2786 1436 2828 compulsi
1448 2795 1490 2819 ex
1502 2787 1616 2818 Suanis
1630 2789 1734 2819 Persae
1751 2785 1826 2818 sacti
1837 2787 1913 2818 sunt
1928 2795 1936 2818 z
1953 2785 2039 2818 unde
2054 2786 2130 2818 satis
2142 2794 2233 2827 aper-

1178 2841 1246 2870 tum
1261 2840 1321 2879 est,
1338 2839 1420 2870 lianc
1432 2838 1592 2879 regionem
1606 2838 1638 2870 in
1654 2839 1764 2870 nostra
1779 2839 1938 2878 potestate
1953 2847 2021 2870 esse
2031 2863 2040 2878 ,
2055 2839 2086 2870 et
2098 2847 2169 2870 eam
2180 2847 2233 2869 me

1175 2893 1286 2924 tenere
1298 2891 1432 2924 minime
1445 2891 1579 2923 infitior.
1594 2893 1659 2923 Nec
1671 2891 1845 2922 obscurum
1860 2891 1909 2923 est
1922 2890 1994 2922 illos
2004 2890 2096 2922 nobis
2109 2889 2232 2922 lubenti

1175 2944 1285 2976 animo
1298 2953 1410 2985 parere
1423 2945 1456 2976 et
1471 2952 1491 2975 a
1503 2943 1621 2976 nostris
1635 2943 1736 2976 servis
1755 2943 1832 2984 regi.
1850 2943 2018 2975 Postremo
2032 2942 2149 2974 Ziclius
2172 2951 2232 2974 nos

1175 3005 1232 3037 per
1251 2996 1358 3029 literas
1373 2996 1526 3028 certiores
1541 2995 1637 3034 tecit,
1662 2997 1825 3026 Romanos
1842 2995 1985 3035 repetere
2003 2994 2177 3034 suaniam,
2198 2994 2230 3026 in

1175 3056 1241 3088 quo
1257 3048 1325 3079 tam
1341 3047 1435 3088 longe
1447 3055 1506 3079 vos
1519 3046 1561 3078 ab
1577 3055 1633 3086 eo,
1647 3046 1732 3087 quod
1745 3047 1870 3087 Justum
1885 3047 1968 3085 erat,
1985 3044 2147 3077 discedere
2159 3045 2229 3077 exi-

1175 3100 1324 3140 stimavi,
1342 3101 1501 3140 quantum
1523 3099 1613 3131 abfui
1628 3107 1647 3130 a
1661 3098 1724 3131 fide
1745 3098 1926 3130 adhibenda
1943 3098 1992 3130 liis
2013 3106 2089 3138 quae
2107 3097 2147 3129 ad
2176 3105 2229 3130 me

1174 3154 1287 3185 contra
1300 3153 1456 3184 rationem
1470 3151 1706 3184 deserebantur.
1716 3151 1777 3184 Sed
1787 3152 1912 3191 cedam,
1922 3152 2079 3192 quantum
2091 3150 2156 3182 fieri
2169 3158 2228 3190 po·

1174 3206 1255 3244 test,
1274 3214 1382 3238 rerum
1395 3205 1593 3244 necessitati,
1612 3214 1806 3246 quanquam
1821 3213 1874 3237 me
1891 3206 2052 3236 victurum
2066 3211 2134 3235 esse
2155 3211 2226 3244 spe-

1175 3265 1340 3296 raveram,
1358 3257 1532 3298 quominus
1550 3266 1570 3288 a
1584 3266 1657 3297 rege
1678 3259 1785 3289 vestro
1798 3257 1996 3289 dissentiam.
2016 3268 2032 3284 ι»
2047 3257 2112 3287 Has
2130 3255 2225 3294 igitur

1175 3309 1382 3349 cogitationes
1395 3318 1414 3341 e
1425 3310 1531 3341 mente
1539 3317 1597 3341 sua
1609 3309 1726 3341 esiudit
1739 3318 1796 3341 rex
1811 3311 1992 3347 Persarum,
2012 3308 2044 3338 et
2057 3308 2126 3338 tum
2137 3305 2225 3345 paul-

1176 3362 1243 3394 lum
1261 3361 1384 3402 quievit
1399 3361 1588 3403 disceptatio
1604 3361 1644 3394 de
1657 3361 1784 3394 Suania.
1801 3362 1877 3393 Mox
1891 3360 2019 3398 autem,
2040 3357 2140 3390 veluti
2153 3365 2222 3389 me-
