2326 3724
962 167 1293 237 FRAGMENTA.

62 293 145 328 dice
165 303 255 328 vero
277 290 484 327 Marcellini
503 289 680 333 Comitis,
702 299 748 323 ex
768 298 845 335 qua
866 288 1101 322 Hermannus

61 351 139 386 haec
153 350 378 398 desumpsit,
396 349 616 394 Omnirugus
625 357 826 395 perperam
839 352 1027 389 exaratur,
1041 356 1102 379 an-

60 420 224 456 nusque,
246 420 323 456 quo
349 419 371 443 a
396 407 551 442 Narsete
579 405 749 441 devictus
769 411 845 448 est,
873 404 971 439 male
1003 403 1099 438 desi·

60 474 209 515 gnatur,
231 478 348 514 quum
365 465 444 500 haec
463 463 587 500 clades
606 475 705 499 anno
737 462 783 498 33
815 462 1034 505 Jusfiniani,
1060 467 1102 496 ut

59 526 257 560 minimum
275 531 348 573 est,
376 522 591 571 contigerit.
611 537 626 554 υ
646 523 841 558 VALesms.

555 622 594 658 9.

280 704 334 753 (c.
357 703 446 740 562.
465 703 692 740 Justininan.
713 715 774 741 an.
797 703 882 753 36.)

111 793 202 829 Exc.
218 792 275 826 De
287 791 361 838 leg.
389 797 491 838 gent.
513 802 551 838 p.
574 802 642 825 101
663 801 672 827 ε
692 787 779 827 ‘'Ox-t
796 786 934 832 ἐδέξατο
951 789 1099 828 Ἰουστι-

58 847 170 890 νιανὸς
187 845 284 899 παρὰ
304 845 459 898 Ἀὸάρών
478 845 659 898 πρέσὸεις,
684 847 740 899 ἐφ’
758 841 786 898 ᾧ
808 852 895 898 σφᾶς
912 850 1098 899 περιαθρῆ-

59 921 118 944 σαι
136 907 214 956 γῆν,
245 904 323 942 ὅποι
349 905 393 942 ’τὸ
420 906 526 957 φῦλον
553 903 717 950 θήσονται
749 904 810 948 τὰς
838 904 1001 951 οἰκήσεις.
1027 906 1099 945 Καὶ

58 966 77 1002 6
95 962 158 1015 μὲν
181 962 358 1016 βασιλεὺς,
378 962 564 1002 Ἰουστίνου
581 967 641 1001 τοῦ
664 966 861 1015 στρατηγοῦ
879 964 1099 1014 σημήναντός

58 1024 89 1060 οἱ
102 1052 111 1069 ,
128 1023 163 1060 ἐν
185 1024 292 1075 βουλῇ
308 1021 496 1068 ἐποιήσατο
519 1023 551 1065 ἐς
575 1021 638 1068 τὴν
654 1021 828 1074 Ἐρούλων
848 1022 968 1076 χώραν
988 1039 1100 1062 κατοι-

58 1080 155 1117 κίσαι
173 1080 211 1118 τὸ
231 1079 344 1127 ἔθνος,
366 1079 445 1118 ἔνθα
463 1079 532 1132 πρὸ
556 1083 615 1118 τοῦ
632 1079 744 1133 ᾤκουν
764 1082 794 1117 οἳ
810 1078 995 1133 Ἔρουλοι·
1025 1082 1099 1119 δευ-

58 1138 142 1191 τέρα
159 1137 195 1176 δὲ
223 1137 523 1191 προσαγορεύεται
558 1138 734 1177 Παιονία·
755 1138 814 1176 καὶ
834 1138 865 1176 εἴ
891 1154 929 1189 γε
951 1142 1099 1191 θυμῆρες

59 1197 174 1239 αὐτοῖς
213 1196 366 1247 ἐγένετο,
391 1195 450 1233 καὶ
479 1195 683 1234 κατένευσεν
713 1195 753 1234 ἂν
772 1198 790 1233 6
813 1196 988 1248 βασιλεύς.
1009 1197 1099 1235 Ἀλλ’

59 1254 179 1292 ἐκεῖνοι
191 1254 341 1298 Σκυθίας
361 1253 399 1293 οὔ
421 1270 454 1292 τι
467 1253 575 1308 ᾤοντο
597 1255 666 1292 δεῖν
689 1254 827 1292 ἔσεσθαι
848 1254 962 1299 ἐκτός·
992 1257 1098 1302 αὐτῆς

57 1311 124 1363 γὰρ
157 1311 327 1358 δήπουθεν
372 1311 464 1349 ἐσότι
512 1311 657 1364 ἐφίεντο.
713 1314 827 1351 Τοῦτο
858 1311 921 1363 μὲν
957 1306 1014 1351 οῦν
1058 1315 1096 1351 οὐ

57 1368 216 1420 προῦὅη,
237 1370 368 1408 ἔστειλε
389 1369 424 1407 δὲ
446 1368 540 1420 ὅμως
560 1370 747 1413 Ἰουστῖνος
768 1373 785 1408 6
806 1370 999 1422 στρατηγὸς
1022 1371 1098 1415 τοὺς

57 1427 219 1480 πρέσὸεις
238 1429 271 1472 ἐς
286 1427 325 1466 τὸ
346 1427 548 1473 Βυζάντιον,
582 1427 738 1474 ἐδήλωσέ
756 1443 793 1466 τε
809 1431 858 1480 τῷ
882 1430 1036 1480 βασιλεῖ,
1051 1433 1097 1474 ὡς

58 1484 99 1522 ἂν
119 1487 225 1523 αὐτοῦ
239 1487 273 1523 ἐν
290 1489 426 1538 κατοχῇ
443 1484 575 1523 ἔσοιντο
597 1485 655 1524 ἐπὶ
675 1484 778 1525 πολύ.
801 1485 1096 1538 Ἐφιλοποιήσατο

57 1542 123 1595 γὰρ
138 1545 206 1580 τῶν
221 1543 402 1596 πρέσὸεων
414 1542 474 1582 ἕνα
491 1542 600 1594 ὄνομα
610 1544 844 1595 Οἰκουνίμων·
857 1546 891 1582 ἐν
908 1547 1095 1599 ἀπορρήτῳ

57 1601 95 1639 τέ
108 1603 138 1639 οἱ
149 1601 265 1653 ἔλεγεν
277 1605 295 1640 ὃ
309 1602 545 1657 Οἰκουνίμων,
557 1605 602 1646 ὡς
617 1600 718 1655 ἕτερα
735 1602 974 1654 διαλεγόμενοι
991 1604 1092 1657 ἔτερα

57 1659 319 1710 γνωματεύουσι
332 1691 344 1712 ,
364 1660 425 1699 καὶ
443 1662 489 1705 ὡς
515 1660 630 1710 λόγοις
651 1662 714 1710 μὲν
738 1663 771 1704 ἐς
789 1660 833 1699 τὰ
855 1662 1007 1712 μάλιστα
1033 1679 1096 1713 με·

57 1717 161 1769 τρίοις
183 1721 338 1770 χρῶνται
357 1718 417 1756 καὶ
439 1718 520 1769 (ὡς)
539 1718 601 1765 τὴν
626 1718 812 1758 ἐπιείκειαν
833 1722 1095 1772 παραπέτασμα

58 1775 315 1828 προὸἄλλονται
332 1780 392 1814 τοῦ
413 1775 536 1827 δόλου,
553 1779 603 1828 τῷ
634 1777 836 1827 ἐμπεδῶσαι
857 1779 955 1824 δῆθεν
971 1778 1009 1816 τὸ
1035 1779 1095 1817 εὕ-

58 1848 135 1872 νουν
152 1836 199 1877 ὡς
216 1833 293 1878 τοὺς
312 1834 509 1885 Ῥωμαίους
521 1865 530 1882 ,
548 1838 594 1878 ὡς
617 1834 657 1873 ἂν
677 1837 788 1888 ταύτῃ
816 1837 1095 1889 διαπεραιωθεῖεν

58 1891 114 1930 τὸν
141 1891 294 1944 Ἴστρον,
320 1893 360 1930 τὸ
387 1893 424 1931 δέ
439 1909 478 1945 γε
500 1893 708 1944 βουλόμενον
731 1896 845 1938 αὐτοῖς
869 1899 930 1942 τῆς
955 1895 1096 1948 γνώμης

58 1950 132 2003 ἔχει
152 1949 293 2006 ἑτέρως,
309 1967 368 1989 και
387 1953 450 1999 ὡς,
471 1952 539 2002 εἴγε
567 1952 730 1991 διέλθοιεν
747 1952 804 1991 τὸν
821 1953 992 2003 ποταμὸν,
1012 1954 1095 2005 βού-

57 2010 175 2046 λονται
194 2009 407 2061 πανστρατει
428 2010 620 2049 ἐπιθέσθαι.
676 2013 710 2050 Γ
712 2026 819 2049 ουτων
837 2015 894 2049 οὐν
914 2012 939 2050 Ι
945 2028 1096 2056 ουστινος

58 2066 296 2117 εγνωσμένων,
336 2069 429 2106 αὐτῶ
452 2070 501 2105 τῶ
543 2069 647 2119 βασι)
650 2073 678 2106 εἶ
715 2069 903 2119 ἐσήμηνεν,
926 2072 972 2113 ὡς
997 2070 1037 2107 ἂν
1065 2087 1095 2109 οι

58 2123 223 2176 πρέσὸεις
250 2140 318 2162 των
345 2125 500 2178 Ἀὅάρων
527 2126 812 2178 ἕγκαθειργμένοι
847 2143 931 2165 ωσιν
961 2144 995 2165 εν
1024 2131 1094 2166 Bu<

2119 203 2193 237 205

1164 282 1308 334 ζαντίῳ·
1330 279 1439 332 ταύτῃ
1467 281 1534 334 γὰρ
1554 282 1615 319 οὐκ
1635 280 1806 326 ἀνέξοιντο
1826 283 1968 330 διελθεῖν
1992 283 2031 321 τὸ
2050 286 2194 336 ῥεῖθρον,

1160 340 1240 392 πριν
1257 338 1460 392 ἢάφεθωσιν
1476 341 1507 377 οἱ
1521 338 1694 391 πρέσὸεις.
1751 339 1847 378 ’‘Ev
1828 356 1856 391 ῳ
1876 339 1912 377 δὲ
1928 343 2038 377 ταῦτα
2063 340 2197 393 ἔπρασ-

1163 413 1220 436 σεν
1242 400 1260 435 6
1281 397 1482 447 Ἰουστῖνος,
1505 398 1570 449 οὔχ
1598 401 1701 444 ἦττον
1721 398 2002 448 παρεσκευάζετο
2028 398 2102 448 ἅμα
2130 414 2198 449 φυ-

1161 454 1274 500 λάςων
1293 455 1355 498 τὰς
1369 454 1546 498 διαδάσεις
1556 458 1615 493 τοῦ
1627 458 1800 528 πρταμοῦ·
1818 457 1933 492 Βωνον
1946 456 2014 507 γὰρ
2033 457 2089 494 τὸν
2102 472 2199 508 πρω-

1161 514 1334 560 τοστάτην
1355 516 1414 551 τοῦ
1436 516 1577 560 θητικοῦ
1606 512 1666 550 καὶ
1687 514 1855 551 οἰκετικοῦ
1884 516 1926 563 τῇ
1956 517 2012 551 τοῦ
2039 517 2198 564 ποταμοῦ

1162 572 1327 622 ἀπένειμε
1341 572 1558 631 φυλακῇ.οἱ
1577 570 1613 608 δὲ
1632 587 1696 623 πρε
1683 570 1793 615 έσὸεις
1808 573 1876 608 τῶν
1888 570 2073 622 Ἀοάρων
2057 587 2133 609 επει
2146 573 2199 610 οὖ-

1162 630 1218 668 δέν
1241 646 1274 668 τι
1289 630 1428 677 ὤνησαν
1440 632 1555 681 ὧνπερ
1575 630 1749 672 αἰτοῦντες
1760 629 1845 681 πρὸς
1859 629 2043 681 βασιλέα
2025 629 2199 682 αφίκοντο,

1162 689 1278 741 δωρα,
1296 688 1414 748 ὥσπερ
1435 683 1611 735 σύνηθεςῗ
1589 703 1630 735 ην
1646 688 1777 738 αὐτοῖς,
1789 688 1873 740 παρ’
1891 689 1995 725 αὐτοῦ
2011 687 2199 740 εἰληφότες,

1163 747 1222 784 καὶ
1255 746 1316 798 μὲν
1341 749 1400 785 οὖν
1423 746 1643 796 ὠνησάμενοι
1658 745 1702 783 τὰ
1730 746 1794 784 ὅσα
1817 744 1944 798 χρεὼν,
1963 749 2064 784 τοῦτο
2080 745 2115 783 δὲ
2140 745 2200 783 καὶ

1160 804 1277 842 ὅπλων
1296 806 1446 856 [πλῆθος
1465 807 1589 855 suppl.
1615 806 1725 844 Nieb.
1736 805 1767 855 ],
1790 804 1967 856 ἀφέθησαν
1997 803 2078 854 μέν’·
2106 801 2200 853 ὅμως

1161 857 1245 901 δὲ’*
1206 878 1264 901 ουν
1278 862 1456 914 Ἰουστίνῳ
1476 862 1588 913 λάθρα
1600 861 1846 900 ἐνεκελεύσατο
1863 864 1881 900 6
1905 860 2066 935 βασιλευς
2081 860 2199 913 τρόπῳ

1160 936 1209 973 τῳ
1221 920 1265 958 τὰ
1289 920 1383 958 ὅπλα
1395 919 1583 972 ἀφελέσθαι
1598 919 1696 971 παρὰ
1714 922 1823 972 σφῶν.
1883 919 1956 959 Και
1977 923 2034 957 οὖν
2056 921 2074 957 6
2088 934 2194 970 στρα-

1158 978 1262 1029 τηγὸς
1281 977 1358 1016 ἐπει
1378 977 1516 1022 ἐδέξατό
1535 993 1574 1029 γε
1597 972 1691 1021 αὖθις
1714 977 1917 1021 ἐπανιόντας
1933 994 2010 1021 τους
2022 977 2198 1030 πρέσὸεις,

1158 1036 1248 1074 κατὰ
1278 1041 1390 1075 ταῦτα
1421 1036 1539 1074 ἐποίε·.
1597 1036 1777 1075 Εντεῦθεν
1804 1035 1931 1088 ηρξατο
1958 1039 1980 1083 ἡ
2011 1034 2198 1086 δυσμένεια

1159 1094 1347 1145 Ῥωμαίων
1358 1110 1395 1133 τε
1408 1094 1468 1133 καὶ
1478 1095 1511 1133 Ἀ
1518 1094 1647 1147 ὅοὶρων,
1664 1094 1732 1141 ἤδη
1745 1096 1783 1133 ἐκ
1799 1096 1929 1133 πολλοῦ
1941 1093 2198 1147 ὑποτυφομένη,

1159 1154 1219 1192 καὶ
1240 1154 1395 1204 μάλιστα
1407 1156 1457 1206 τῷ
1477 1153 1525 1205 μὴ
1540 1156 1586 1197 ὡς
1602 1158 1725 1192 θᾶττον
1741 1155 1910 1206 ἀφεθῆναι
1929 1153 2007 1197 τοὺς
2023 1152 2197 1205 πρέσὸεις.

1161 1211 1407 1264 Συνεχέστατα
1424 1212 1491 1265 γὰρ
1514 1212 1686 1263 ἐσήμηνεν
1704 1215 1722 1250 6
1744 1211 1914 1259 Βαϊανὸς,
1934 1214 1979 1256 ὡς
1993 1211 2034 1249 ἂν
2051 1211 2198 1250 ε’πανέλ·

1159 1273 1264 1308 θοιεν·
1279 1270 1318 1309 τὸ
1339 1270 1577 1321 μελετώμενον
1602 1270 1636 1308 δὲ
1654 1271 1749 1324 σάφα
1766 1271 1992 1322 ἐπιστάμενος
2007 1273 2025 1308 6
2038 1269 2199 1322 βασιλεὺς

1160 1328 1284 1367 ἄλλοτε
1300 1329 1412 1373 ἄλλως
1427 1329 1562 1367 διετίθει
1582 1329 1622 1368 τὸ
1638 1329 1763 1382 παρὸν,
1787 1329 1880 1373 ὅπως
1896 1330 1928 1373 ἐς
1951 1328 2014 1376 τὴν
2037 1329 2198 1381 βασιλίδα

1158 1387 1259 1425 πόλιν
1272 1386 1554 1440 ἐγκαθειργμένοι
1574 1382 1652 1425 εἶεν.

1649 1482 1708 1507 10.

1211 1553 1302 1587 Exc.
1318 1553 1375 1587 De
1389 1558 1486 1587 sent.
1510 1564 1550 1600 p.
1569 1550 1658 1594 354.
1675 1550 1750 1588 355
1766 1552 1826 1587 ed.
1841 1553 1931 1587 Mai.
1949 1564 1957 1587 :
1974 1548 2057 1589 τὈτι
2077 1552 2095 1587 6
2115 1549 2199 1602 πρὸς

1156 1610 1215 1644 τοῦ
1236 1611 1440 1660 κρατοῦντος
1456 1608 1665 1659 ἠδικημένος
1679 1608 1886 1660 χαλεπαίνει
1903 1610 1949 1651 ὡς
1964 1607 2009 1646 τὰ
2023 1607 2136 1646 πολλὰ
2147 1611 2198 1661 τῷ

1156 1680 1275 1717 κοινῳ.

1208 1720 1328 1762 t‘Ox-26
1351 1724 1574 1769 Σιλζίὸουλος
1597 1726 1614 1762 6
1644 1726 1712 1762 τῶν
1732 1723 1898 1776 Τούρκων
1927 1724 2068 1775 ἡγεμὼν
2090 1725 2199 1777 (ἠκη-

1158 1780 1230 1819 κόει
1250 1780 1317 1834 γὰρ
1336 1782 1402 1829 ἤδη
1429 1784 1497 1820 τῶν
1515 1781 1670 1833 Ἀὸοίρων
1690 1784 1751 1828 τῆς
1767 1786 1876 1834 φυγῆς
1894 1782 1989 1835 πέρι,
2009 1783 2069 1821 καὶ
2086 1786 2131 1827 ὡς
2153 1783 2197 1821 τὰ

1157 1842 1324 1892 Τούρκων
1352 1840 1645 1889 διαδηλησάμενοι
1663 1840 1844 1892 ᾤχοντο),
1867 1835 1922 1878 οἶα
1946 1841 2046 1893 φύσει
2068 1842 2198 1895 φρονή-

1158 1914 1242 1948 ματι
1262 1897 1383 1936 ἕπεται
1400 1899 1586 1952 βαρὸάρῳ,
1605 1899 1928 1949 ἀπαυθαδισαμένος
1940 1899 2018 1950 ἔφη,
2032 1902 2077 1942 ὡς
2091 1918 2104 1933 α
2120 1900 2198 1938 οὔτε

1156 1957 1264 2008 ὄρνεις
1281 1957 1489 2010 πεφύκασιν,
1507 1958 1600 2000 ὅπως
1629 1961 1670 2009 τῇ
1688 1957 1814 2003 πτήσει
1843 1957 1908 1995 ἀνὰ
1929 1957 2048 2010 αἰθέρα
2077 1960 2197 2012 διαφύ-

1156 2030 1246 2065 γοιεν
1266 2017 1334 2052 τῶν
1363 2015 1529 2067 Τούρκων
1554 2015 1597 2053 τὰ
1619 2014 1718 2067 ξίφη,
1748 2014 1825 2053 οὔτε
1847 2015 1915 2065 μὴν
1932 2015 2066 2067 ἰχθύες,
2092 2018 2137 2059 ὡς
2156 2015 2196 2054 ἂν

1142 2074 1361 2127 ,ὑποὸρύχιοι
1385 2074 1562 2126 γενόμενοι
1589 2076 1622 2118 ἐς
1648 2074 1691 2112 τὰ
1719 2074 1905 2112 κατώτατα
1925 2078 1984 2112 τοῦ
2011 2075 2195 2112 θαλαττίου

1157 2132 1451 2183 ἀφανισθήσονται
1479 2132 1669 2179 κλύδωνος,
1699 2133 1778 2169 ἀλλ’
1805 2131 1928 2183 ὕπερθε
1959 2135 2199 2184 περινοστοῦσι

560 2240 596 2272 9.

97 2294 296 2327 Justinianus
314 2295 433 2336 legatos
445 2296 486 2328 ab
503 2295 660 2328 Avaribus
672 2296 815 2337 excepit,
829 2296 885 2337 qui
897 2298 1098 2338 postulabant

58 2347 94 2377 ut
111 2345 172 2377 illis
199 2346 308 2378 liceret
333 2347 576 2388 circumspicere
602 2347 721 2378 terram
753 2348 786 2379 in
802 2356 867 2388 qua
888 2357 999 2380 eorum
1022 2358 1099 2388 gens

57 2396 145 2428 sedes
160 2398 193 2429 et
213 2397 373 2430 domicilia
389 2400 532 2439 poneret.
555 2400 596 2431 Et
619 2399 792 2440 imperator
807 2399 934 2440 quidem
945 2425 954 2440 ,
971 2401 1097 2433 Justino

57 2446 138 2481 duce
149 2448 319 2490 suadente,
332 2450 364 2481 in
378 2459 415 2482 ea
421 2452 505 2482 terra
515 2475 524 2490 ,
534 2451 589 2482 ubi
603 2452 690 2492 prius
699 2452 884 2484 habitabant
895 2453 1015 2493 Heruli,
1024 2463 1097 2494 quae

57 2500 194 2531 secunda
209 2501 371 2532 Pannonia
387 2503 532 2541 vocatur,
547 2511 601 2534 eos
621 2503 777 2535 collocare
793 2504 937 2534 animum
953 2504 1095 2545 induxit,

56 2552 100 2590 et,
114 2551 139 2583 si
156 2551 216 2583 illis
229 2551 415 2592 placuisset,
433 2553 498 2592 ipse
512 2562 576 2584 non
589 2555 670 2585 esset
684 2554 880 2586 adversatus.
902 2554 963 2586 Sed
979 2558 1097 2588 Avares

56 2603 183 2643 Scythia
197 2603 256 2635 sibi
269 2604 451 2636 exeundum
465 2614 528 2636 non
546 2607 757 2644 censuerunt,
783 2606 872 2647 quasi
894 2607 989 2646 liuJus
1013 2607 1095 2639 desi—

56 2655 143 2687 derio
157 2655 253 2687 valde
271 2657 468 2688 tenerentur.
486 2659 554 2689 Hoc
570 2657 664 2698 igitur
682 2658 739 2689 etsi
756 2659 881 2690 irritum
894 2659 1024 2699 cecidit,
1049 2662 1097 2692 ta-

57 2715 130 2738 men
146 2706 291 2738 lustinus
311 2707 432 2747 legatos
450 2708 536 2740 misit
552 2709 741 2748 Byzantium
759 2711 791 2741 et
804 2710 1029 2751 imperatorem
1043 2720 1096 2743 eos

57 2757 254 2805 aliquamdiu
267 2757 299 2789 in
307 2759 451 2790 custodia
459 2759 702 2799 retinerejussit.
712 2761 854 2793 Justinus
863 2762 947 2794 enim
957 2762 1015 2794 sibi
1023 2771 1094 2794 con·

56 2808 219 2842 ciliaverat
234 2819 334 2842 unum
349 2820 387 2843 ex
404 2812 524 2852 legatis.
543 2812 792 2845 OEcunimonem
809 2814 954 2853 nomine,
968 2815 1024 2855 qui
1048 2825 1096 2848 se-

56 2862 142 2892 creto
157 2870 230 2893 eum
243 2862 368 2894 monuit
390 2866 507 2895 Avares
522 2864 606 2895 aliud
624 2865 655 2896 in
680 2874 735 2897 ore
750 2865 866 2897 habere
882 2867 913 2897 et
925 2865 1011 2897 aliud
1023 2875 1095 2898 sen-

57 2911 116 2943 tire
133 2922 140 2943 :
163 2921 218 2944 eos
240 2913 357 2945 blanda
373 2923 470 2954 quam
484 2915 624 2947 maxime
636 2916 779 2948 oratione
795 2916 840 2948 uti
864 2919 896 2949 et
911 2926 978 2949 suae
994 2917 1095 2949 fraudi

55 2963 228 2997 obtendere
246 2965 429 2998 simulatam
445 2976 518 3007 erga
545 2969 706 3000 Romanos
723 2969 994 3010 benevolentiam,
1024 2972 1094 3002 tan-

54 3015 151 3055 tisper
170 3016 247 3048 dum
266 3018 383 3049 Istrum
400 3018 578 3058 trajiciant,
595 3019 649 3051 sed
666 3020 757 3059 longe
772 3020 864 3052 aliter
879 3020 912 3052 id
924 3044 932 3060 ‚
958 3021 1044 3062 quod
1062 3021 1094 3052 in

55 3067 161 3098 mente
173 3069 300 3107 gerant,
313 3077 347 3100 se
357 3069 483 3101 habere.
497 3071 622 3101 Etenim
637 3071 731 3102 simul
745 3072 843 3112 atque
855 3074 971 3103 lstrum
987 3074 1092 3104 trans-

55 3117 209 3157 miserint,
217 3119 365 3151 omuibus
374 3120 530 3160 copiiseos
539 3121 571 3152 in
583 3122 702 3153 bellum
710 3124 889 3163 erupturos.
903 3126 981 3161 Quae
993 3133 1093 3163 quum

57 3170 253 3209 cognovisset
268 3171 434 3211 Justinus,
450 3181 561 3204 eorum
577 3174 722 3205 omnium
739 3174 963 3215 imperatorem
981 3175 1094 3207 certio-

56 3227 124 3250 rem
148 3221 239 3259 secit,
252 3223 289 3253 ut
307 3222 425 3262 legatos
438 3225 576 3255 Avarum
591 3225 732 3265 Byzantii
748 3225 901 3266 quamdiu
919 3228 1023 3266 posset
1043 3235 1094 3257 re-

55 3271 182 3304 tineret.
202 3275 267 3305 Nec
279 3275 365 3306 enim
381 3278 499 3308 Avares
517 3278 633 3309 Istrum
660 3277 748 3317 prius
764 3278 972 3319 traiecturos,
998 3287 1094 3319 quam

56 3323 148 3363 legati
161 3323 280 3357 dimissi
293 3328 406 3359 essent.
422 3330 466 3359 Ea
475 3336 575 3368 quum
589 3329 733 3361 Justinus
750 3329 934 3367 mandaret,
953 3339 1016 3360 non
1034 3330 1094 3360 mi·

57 3382 118 3406 nus
140 3384 226 3408 curoe
241 3378 273 3409 et
299 3386 404 3418 operae
423 3379 642 3420 impendebat,
668 3389 732 3421 quo
748 3383 866 3412 Avares
890 3380 977 3412 fluvii
998 3381 1094 3420 traje-

1156 2242 1260 2274 ctione
1272 2243 1462 2283 prohiberet.
1474 2245 1594 2275 Bonum
1603 2243 1700 2283 enim,
1712 2243 1957 2275 domesticarum
1969 2242 2132 2283 copiarum
2141 2242 2199 2273 du-

1156 2303 1224 2326 cem
1236 2318 1245 2334 ‚
1261 2295 1401 2327 fluminis
1425 2295 1579 2327 custodiae
1602 2295 1755 2336 praefecit.
1771 2295 1811 2326 At
1830 2303 1907 2326 vero
1924 2298 2064 2326 Avarum
2087 2293 2198 2333 legati,

1157 2346 1209 2377 ubi
1232 2346 1309 2378 nihil
1326 2347 1529 2387 profecerunt
1553 2355 1663 2378 eorum
1686 2355 1759 2386 quac
1784 2346 1824 2377 ab
1851 2345 2041 2386 imperatore
2062 2345 2196 2385 petitum

1155 2399 1327 2438 venerant,
1345 2408 1496 2438 munera,
1517 2400 1554 2430 ut
1579 2400 1768 2430 consuetum
1790 2400 1857 2430 erat
1867 2409 1881 2438 ,·
1892 2398 2100 2438 acceperunt,
2115 2400 2146 2429 et
2161 2405 2198 2428 ea

1154 2458 1227 2490 quae
1239 2449 1298 2481 sibi
1311 2459 1391 2490 opus
1401 2451 1508 2490 erant,
1524 2451 1768 2490 compararunt,
1781 2458 1870 2480 arma
1883 2448 1979 2481 etiam
1993 2450 2152 2487 emerunt,
2167 2450 2199 2480 et

1155 2501 1199 2532 ita
1206 2501 1326 2532 dimissi
1339 2503 1423 2533 sunt.
1431 2503 1551 2533 Verum
1563 2502 1736 2541 imperator
1753 2502 1874 2532 secreto
1888 2500 2050 2531 mandavit
2060 2500 2197 2538 Justino,

1154 2553 1202 2591 ut,
1222 2561 1426 2593 quacumque
1443 2553 1567 2584 ratione
1582 2554 1614 2584 et
1632 2553 1683 2583 via
1711 2553 1833 2592 posset,
1852 2552 1884 2583 in
1909 2551 2013 2583 reditu
2037 2560 2125 2582 arma
2138 2551 2199 2582 illis

1154 2604 1298 2644 eriperet.
1318 2606 1428 2644 ltaque
1442 2603 1510 2634 dux
1535 2612 1637 2644 quum
1662 2603 1782 2644 legatos
1806 2603 1984 2643 exciperet,
2000 2602 2199 2642 imperatoris

1154 2655 1304 2688 mandata
1317 2658 1364 2688 est
1379 2658 1558 2688 exsecutus.
1605 2656 1688 2688 Hinc
1705 2658 1870 2696 coeperunt
1889 2656 1971 2687 inter
1987 2657 2147 2687 Romanos
2166 2655 2198 2686 et

1154 2710 1272 2739 Avares
1287 2707 1462 2738 inimicitiae
1473 2707 1583 2738 mullis
1593 2709 1686 2738 antea
1700 2716 1739 2738 ex
1753 2707 1856 2738 causis
1871 2715 2033 2738 accensae:
2046 2706 2196 2743 maxime,

1154 2758 1241 2798 quod
1258 2767 1322 2790 non
1338 2758 1446 2790 statim
1474 2758 1568 2798 legati
1590 2766 1702 2789 eorum
1721 2757 1839 2789 dimissi
1856 2759 1972 2789 essent.
2002 2759 2198 2797 Praeceperat

1153 2808 1238 2840 enim
1263 2809 1421 2849 Bajanus,
1438 2810 1473 2840 ut
1493 2809 1731 2849 quamprimum
1759 2808 1909 2840 redirent.
1936 2808 1996 2840 Sed
2013 2808 2195 2848 imperator,

1152 2869 1254 2901 quum
1264 2861 1358 2892 sciret
1372 2860 1446 2900 quid
1458 2859 1649 2899 cogitarent,
1662 2860 1749 2891 varia
1759 2860 1931 2892 identidem
1944 2861 2124 2891 tentaverat
2135 2883 2144 2898 ‚
2161 2861 2197 2891 ut

1153 2913 1349 2953 aliquamdiu
1362 2913 1459 2944 cosin
1474 2912 1553 2943 urbe
1563 2912 1730 2944 detineret.

1644 2966 1701 2999 10.

1194 3021 1255 3058 Qui
1271 3029 1290 3051 a
1302 3021 1443 3061 principe
1457 3019 1607 3060 injuriam
1623 3029 1732 3061 passus
1744 3020 1803 3060 est,
1826 3019 1853 3052 is
1867 3028 1937 3051 rem
1951 3018 2111 3060 publicam
2127 3018 2193 3059 ple-

1153 3080 1288 3112 rumque
1307 3071 1386 3103 odit.

1194 3123 1383 3162 Silzibulus(
1394 3123 1476 3154 aliis
1485 3124 1567 3155 Exc.
1582 3123 1661 3154 locis
1671 3132 1681 3153 :
1693 3122 2099 3161 Dizabulzcs)‚Turcorum
2114 3119 2193 3158 dux,

1153 3174 1261 3204 audita
1277 3178 1415 3205 Avarum
1436 3173 1509 3213 suga
1522 3197 1531 3212 ‚
1554 3174 1586 3204 in
1601 3182 1664 3213 qua
1677 3173 1708 3205 lii
1725 3182 1773 3205 res
1791 3175 1972 3204 Turcorum
1997 3171 2194 3202 detrimentis

1153 3226 1341 3263 affecerant,
1359 3225 1451 3256 solita
1463 3225 1671 3256 barbarorum
1688 3224 1835 3264 superbia
1844 3225 2002 3262 jactanter
2012 3223 2055 3254 ait
2072 3230 2194 3261 :neque

1153 3285 1227 3307 aves
1243 3285 1296 3307 eos
1317 3285 1400 3315 esse,
1427 3277 1464 3307 ut
1485 3276 1570 3307 aer10
1595 3276 1703 3307 volatu
1723 3277 1902 3306 Tui-corum
1922 3273 2040 3314 gladios
2053 3272 2191 3311 effugere

1153 3330 1296 3368 possent3
1318 3337 1421 3368 neque
1437 3329 1555 3368 pisces,
1573 3329 1609 3359 ut
1622 3327 1780 3368 profundo
1801 3327 1910 3367 pelago
1927 3325 2080 3357 submersi
2095 3323 2190 3355 undis

1153 3381 1401 3420 occultarentur,
1416 3381 1469 3413 sed
1486 3389 1580 3421 supra
1588 3382 1704 3412 terram
1719 3388 1773 3412 eos
1783 3378 1901 3419 vagari.
1921 3391 1935 3405 u
1945 3380 2063 3416 Quare,
2076 3375 2188 3415 inquit,
