<?xml version="1.0" encoding="UTF-8"?>
<!DOCTYPE html PUBLIC "-//W3C//DTD XHTML 1.0 Transitional//EN"
    "http://www.w3.org/TR/xhtml1/DTD/xhtml1-transitional.dtd">
<html xmlns="http://www.w3.org/1999/xhtml" xml:lang="en" lang="en">
 <head>
  <title>
</title>
<meta http-equiv="Content-Type" content="text/html;charset=utf-8" />
  <meta name='ocr-system' content='tesseract 3.04.00' />
  <meta name='ocr-capabilities' content='ocr_page ocr_carea ocr_par ocr_line ocrx_word'/>
</head>
<body>
  <div class='ocr_page' id='page_1' title='image "./fragmentahistori04mueluoft_0076.png"; bbox 0 0 2326 3724; ppageno 0'>
   <div class='ocr_carea' id='block_1_1' title="bbox 154 201 1507 244">
    <p class='ocr_par' dir='ltr' id='par_1_1' title="bbox 154 201 1507 244">
     <span class='ocr_line' id='line_1_1' title="bbox 154 201 1507 244; baseline -0.004 0"><span class='ocrx_word' id='word_1_1' title='bbox 154 210 201 244; x_wconf 79' lang='grc'>64</span> <span class='ocrx_word' id='word_1_2' title='bbox 917 201 1274 242; x_wconf 84' lang='lat' dir='ltr'>OLYMPIODORI</span> <span class='ocrx_word' id='word_1_3' title='bbox 1303 201 1435 241; x_wconf 85' lang='lat' dir='ltr'>THEB</span> <span class='ocrx_word' id='word_1_4' title='bbox 1443 201 1507 239; x_wconf 83' lang='lat' dir='ltr'>AEl</span> 
     </span>
    </p>
   </div>
   <div class='ocr_carea' id='block_1_2' title="bbox 140 284 1189 2035">
    <p class='ocr_par' dir='ltr' id='par_1_2' title="bbox 142 284 1184 928">
     <span class='ocr_line' id='line_1_2' title="bbox 149 284 1180 342; baseline 0 -12"><span class='ocrx_word' id='word_1_5' title='bbox 149 307 233 342; x_wconf 86' lang='grc' dir='ltr'>μους</span> <span class='ocrx_word' id='word_1_6' title='bbox 250 291 385 330; x_wconf 86' lang='grc' dir='ltr'>τελεταὶ</span> <span class='ocrx_word' id='word_1_7' title='bbox 413 290 592 330; x_wconf 74' lang='grc' dir='ltr'>ε’ὅεὸαίουν</span> <span class='ocrx_word' id='word_1_8' title='bbox 612 290 651 329; x_wconf 83' lang='grc' dir='ltr'>τὸ</span> <span class='ocrx_word' id='word_1_9' title='bbox 671 290 821 342; x_wconf 83' lang='grc' dir='ltr'>ἀξίωμα.</span> <span class='ocrx_word' id='word_1_10' title='bbox 847 284 918 330; x_wconf 38' lang='lat' dir='ltr'>*Hit</span> <span class='ocrx_word' id='word_1_11' title='bbox 939 290 974 329; x_wconf 80' lang='grc' dir='ltr'>δὲ</span> <span class='ocrx_word' id='word_1_12' title='bbox 1002 291 1046 330; x_wconf 82' lang='grc' dir='ltr'>τὰ</span> <span class='ocrx_word' id='word_1_13' title='bbox 1062 290 1180 330; x_wconf 77' lang='grc' dir='ltr'>τελού-</span> 
     </span>
     <span class='ocr_line' id='line_1_3' title="bbox 148 349 1181 402; baseline -0.002 -14"><span class='ocrx_word' id='word_1_14' title='bbox 148 366 234 399; x_wconf 88' lang='grc' dir='ltr'>μενα</span> <span class='ocrx_word' id='word_1_15' title='bbox 257 354 416 390; x_wconf 78' lang='grc' dir='ltr'>τοιαῦτα.</span> <span class='ocrx_word' id='word_1_16' title='bbox 439 351 586 402; x_wconf 85' lang='grc' dir='ltr'>Πρῶτον</span> <span class='ocrx_word' id='word_1_17' title='bbox 601 349 663 399; x_wconf 82' lang='grc' dir='ltr'>μὲν</span> <span class='ocrx_word' id='word_1_18' title='bbox 681 349 873 401; x_wconf 81' lang='grc' dir='ltr'>κατήγοντο</span> <span class='ocrx_word' id='word_1_19' title='bbox 890 349 948 387; x_wconf 73' lang='grc' dir='ltr'>ἐπὶ</span> <span class='ocrx_word' id='word_1_20' title='bbox 960 349 999 388; x_wconf 80' lang='grc' dir='ltr'>τὸ</span> <span class='ocrx_word' id='word_1_21' title='bbox 1015 350 1181 399; x_wconf 88' lang='grc' dir='ltr'>δημόσιον</span> 
     </span>
     <span class='ocr_line' id='line_1_4' title="bbox 146 407 1179 460; baseline -0.001 -14"><span class='ocrx_word' id='word_1_22' title='bbox 146 409 327 459; x_wconf 79' lang='grc' dir='ltr'>βαλανεῖον</span> <span class='ocrx_word' id='word_1_23' title='bbox 343 408 417 448; x_wconf 79' lang='grc' dir='ltr'>ὅσοι</span> <span class='ocrx_word' id='word_1_24' title='bbox 433 408 616 459; x_wconf 83' lang='grc' dir='ltr'>νεήλυδες,</span> <span class='ocrx_word' id='word_1_25' title='bbox 637 408 678 445; x_wconf 84' lang='grc' dir='ltr'>ἄν</span> <span class='ocrx_word' id='word_1_26' title='bbox 695 423 732 446; x_wconf 88' lang='grc' dir='ltr'>τε</span> <span class='ocrx_word' id='word_1_27' title='bbox 755 407 884 460; x_wconf 79' lang='grc' dir='ltr'>μικροὶ,</span> <span class='ocrx_word' id='word_1_28' title='bbox 905 407 945 446; x_wconf 81' lang='grc' dir='ltr'>ἄν</span> <span class='ocrx_word' id='word_1_29' title='bbox 963 423 999 446; x_wconf 88' lang='grc' dir='ltr'>τε</span> <span class='ocrx_word' id='word_1_30' title='bbox 1020 409 1179 459; x_wconf 84' lang='grc' dir='ltr'>μεγάλοι.</span> 
     </span>
     <span class='ocr_line' id='line_1_5' title="bbox 146 462 1177 520; baseline -0.003 -14"><span class='ocrx_word' id='word_1_31' title='bbox 146 466 210 512; x_wconf 81' lang='grc' dir='ltr'>Ἓξ</span> <span class='ocrx_word' id='word_1_32' title='bbox 224 462 272 506; x_wconf 67' lang='grc' dir='ltr'>ὧν</span> <span class='ocrx_word' id='word_1_33' title='bbox 289 467 348 506; x_wconf 70' lang='grc' dir='ltr'>καὶ</span> <span class='ocrx_word' id='word_1_34' title='bbox 368 470 398 506; x_wconf 80' lang='grc' dir='ltr'>οἱ</span> <span class='ocrx_word' id='word_1_35' title='bbox 413 467 497 520; x_wconf 86' lang='grc' dir='ltr'>πρὸς</span> <span class='ocrx_word' id='word_1_36' title='bbox 512 466 570 506; x_wconf 83' lang='grc' dir='ltr'>τὸν</span> <span class='ocrx_word' id='word_1_37' title='bbox 589 466 742 518; x_wconf 73' lang='grc' dir='ltr'>τρίὸωνα</span> <span class='ocrx_word' id='word_1_38' title='bbox 758 466 947 512; x_wconf 86' lang='grc' dir='ltr'>ἐπιτήδειοι</span> <span class='ocrx_word' id='word_1_39' title='bbox 960 466 1098 513; x_wconf 84' lang='grc' dir='ltr'>ἡλικίας</span> <span class='ocrx_word' id='word_1_40' title='bbox 1110 466 1177 513; x_wconf 87' lang='grc' dir='ltr'>ἤδη</span> 
     </span>
     <span class='ocr_line' id='line_1_6' title="bbox 145 523 1181 578; baseline -0.003 -15"><span class='ocrx_word' id='word_1_41' title='bbox 145 529 265 578; x_wconf 74' lang='grc' dir='ltr'>καιροῦ</span> <span class='ocrx_word' id='word_1_42' title='bbox 286 525 477 578; x_wconf 85' lang='grc' dir='ltr'>γεγονότες·</span> <span class='ocrx_word' id='word_1_43' title='bbox 497 525 554 570; x_wconf 80' lang='grc' dir='ltr'>οὒς</span> <span class='ocrx_word' id='word_1_44' title='bbox 570 526 616 569; x_wconf 89' lang='grc' dir='ltr'>εἷς</span> <span class='ocrx_word' id='word_1_45' title='bbox 637 524 741 575; x_wconf 83' lang='grc' dir='ltr'>μέσον</span> <span class='ocrx_word' id='word_1_46' title='bbox 760 523 907 562; x_wconf 72' lang='grc' dir='ltr'>ἔὸαλλον</span> <span class='ocrx_word' id='word_1_47' title='bbox 925 525 955 563; x_wconf 79' lang='grc' dir='ltr'>οἵ</span> <span class='ocrx_word' id='word_1_48' title='bbox 972 523 1181 575; x_wconf 80' lang='grc' dir='ltr'>κατάγοντες</span> 
     </span>
     <span class='ocr_line' id='line_1_7' title="bbox 145 579 1183 635; baseline -0.003 -13"><span class='ocrx_word' id='word_1_49' title='bbox 145 583 384 635; x_wconf 89' lang='grc' dir='ltr'>σχολαστικοί.</span> <span class='ocrx_word' id='word_1_50' title='bbox 415 579 506 622; x_wconf 73' lang='grc' dir='ltr'>Εἶτα</span> <span class='ocrx_word' id='word_1_51' title='bbox 527 586 594 621; x_wconf 84' lang='grc' dir='ltr'>τῶν</span> <span class='ocrx_word' id='word_1_52' title='bbox 618 583 679 634; x_wconf 81' lang='grc' dir='ltr'>μὲν</span> <span class='ocrx_word' id='word_1_53' title='bbox 701 581 893 635; x_wconf 85' lang='grc' dir='ltr'>ἔμπροσθεν</span> <span class='ocrx_word' id='word_1_54' title='bbox 915 584 1105 635; x_wconf 84' lang='grc' dir='ltr'>τρεχόντων</span> <span class='ocrx_word' id='word_1_55' title='bbox 1124 581 1183 619; x_wconf 85' lang='grc' dir='ltr'>καὶ</span> 
     </span>
     <span class='ocr_line' id='line_1_8' title="bbox 145 639 1182 693; baseline -0.003 -13"><span class='ocrx_word' id='word_1_56' title='bbox 145 641 364 688; x_wconf 86' lang='grc' dir='ltr'>κωλυόντων,</span> <span class='ocrx_word' id='word_1_57' title='bbox 389 644 456 680; x_wconf 85' lang='grc' dir='ltr'>τῶν</span> <span class='ocrx_word' id='word_1_58' title='bbox 481 640 517 679; x_wconf 85' lang='grc' dir='ltr'>δὲ</span> <span class='ocrx_word' id='word_1_59' title='bbox 544 641 722 679; x_wconf 82' lang='grc' dir='ltr'>ὠθούντων</span> <span class='ocrx_word' id='word_1_60' title='bbox 739 640 799 678; x_wconf 88' lang='grc' dir='ltr'>καὶ</span> <span class='ocrx_word' id='word_1_61' title='bbox 818 640 1025 693; x_wconf 80' lang='grc' dir='ltr'>ἐπεχόντων,</span> <span class='ocrx_word' id='word_1_62' title='bbox 1043 639 1182 678; x_wconf 87' lang='grc' dir='ltr'>πάντων</span> 
     </span>
     <span class='ocr_line' id='line_1_9' title="bbox 143 699 1182 752; baseline -0.003 -14"><span class='ocrx_word' id='word_1_63' title='bbox 143 700 179 738; x_wconf 82' lang='grc' dir='ltr'>δὲ</span> <span class='ocrx_word' id='word_1_64' title='bbox 205 703 272 739; x_wconf 81' lang='grc' dir='ltr'>τῶν</span> <span class='ocrx_word' id='word_1_65' title='bbox 290 700 495 739; x_wconf 84' lang='grc' dir='ltr'>κωλυόντων</span> <span class='ocrx_word' id='word_1_66' title='bbox 521 703 630 738; x_wconf 74' lang='grc' dir='ltr'>ταῦτα</span> <span class='ocrx_word' id='word_1_67' title='bbox 658 699 816 752; x_wconf 81' lang='grc' dir='ltr'>βοώντων</span> <span class='ocrx_word' id='word_1_68' title='bbox 833 715 840 723; x_wconf 93' lang='grc'><em>·</em></span> <span class='ocrx_word' id='word_1_69' title='bbox 863 718 878 733; x_wconf 77' lang='grc' dir='ltr'>«ι</span> <span class='ocrx_word' id='word_1_70' title='bbox 899 702 975 738; x_wconf 82' lang='grc' dir='ltr'>Στδί</span> <span class='ocrx_word' id='word_1_71' title='bbox 989 730 999 750; x_wconf 90' lang='grc'>,</span> <span class='ocrx_word' id='word_1_72' title='bbox 1023 704 1112 747; x_wconf 70' lang='grc' dir='ltr'>στᾶ,</span> <span class='ocrx_word' id='word_1_73' title='bbox 1144 700 1182 736; x_wconf 79' lang='grc' dir='ltr'>οὐ</span> 
     </span>
     <span class='ocr_line' id='line_1_10' title="bbox 142 758 1183 813; baseline -0.004 -15"><span class='ocrx_word' id='word_1_74' title='bbox 142 759 249 808; x_wconf 82' lang='grc' dir='ltr'>λούει,</span> <span class='ocrx_word' id='word_1_75' title='bbox 263 778 279 794; x_wconf 72' lang='lat' dir='ltr'>n</span> <span class='ocrx_word' id='word_1_76' title='bbox 295 765 527 813; x_wconf 87' lang='grc' dir='ltr'>κατακρατεῖν</span> <span class='ocrx_word' id='word_1_77' title='bbox 540 760 639 806; x_wconf 82' lang='grc' dir='ltr'>δῆθεν</span> <span class='ocrx_word' id='word_1_78' title='bbox 653 763 712 797; x_wconf 78' lang='grc' dir='ltr'>τοῦ</span> <span class='ocrx_word' id='word_1_79' title='bbox 728 761 858 810; x_wconf 84' lang='grc' dir='ltr'>ἀγῶνος</span> <span class='ocrx_word' id='word_1_80' title='bbox 874 758 1013 796; x_wconf 82' lang='grc' dir='ltr'>ἐδόκουν</span> <span class='ocrx_word' id='word_1_81' title='bbox 1028 760 1058 796; x_wconf 83' lang='grc' dir='ltr'>οἱ</span> <span class='ocrx_word' id='word_1_82' title='bbox 1076 760 1183 795; x_wconf 84' lang='grc' dir='ltr'>ἀντω-</span> 
     </span>
     <span class='ocr_line' id='line_1_11' title="bbox 143 815 1184 868; baseline -0.003 -13"><span class='ocrx_word' id='word_1_83' title='bbox 143 821 280 861; x_wconf 78' lang='grc' dir='ltr'>θοῧντες</span> <span class='ocrx_word' id='word_1_84' title='bbox 291 820 338 861; x_wconf 83' lang='grc' dir='ltr'>εἷς</span> <span class='ocrx_word' id='word_1_85' title='bbox 351 818 456 868; x_wconf 82' lang='grc' dir='ltr'>τιμὴν</span> <span class='ocrx_word' id='word_1_86' title='bbox 469 821 529 855; x_wconf 76' lang='grc' dir='ltr'>τοῦ</span> <span class='ocrx_word' id='word_1_87' title='bbox 545 816 784 868; x_wconf 85' lang='grc' dir='ltr'>καταγομένου</span> <span class='ocrx_word' id='word_1_88' title='bbox 801 818 1047 868; x_wconf 76' lang='grc' dir='ltr'>σχολαστικοῧ.</span> <span class='ocrx_word' id='word_1_89' title='bbox 1059 815 1184 859; x_wconf 64' lang='grc' dir='ltr'>τΌστις</span> 
     </span>
     <span class='ocr_line' id='line_1_12' title="bbox 144 875 1182 928; baseline -0.003 -14"><span class='ocrx_word' id='word_1_90' title='bbox 144 875 233 926; x_wconf 86' lang='grc' dir='ltr'>μετὰ</span> <span class='ocrx_word' id='word_1_91' title='bbox 250 875 427 923; x_wconf 67' lang='grc' dir='ltr'>πολλὴν”</span> <span class='ocrx_word' id='word_1_92' title='bbox 403 891 496 928; x_wconf 88' lang='grc' dir='ltr'>ωραν</span> <span class='ocrx_word' id='word_1_93' title='bbox 517 876 670 919; x_wconf 87' lang='grc' dir='ltr'>στάσεως</span> <span class='ocrx_word' id='word_1_94' title='bbox 689 876 850 922; x_wconf 78' lang='grc' dir='ltr'>πολλης’</span> <span class='ocrx_word' id='word_1_95' title='bbox 835 890 890 912; x_wconf 86' lang='grc' dir='ltr'>επι</span> <span class='ocrx_word' id='word_1_96' title='bbox 911 880 980 918; x_wconf 80' lang='grc' dir='ltr'>τοῖς</span> <span class='ocrx_word' id='word_1_97' title='bbox 996 877 1182 928; x_wconf 88' lang='grc' dir='ltr'>προαχθεῖ-</span> 
     </span>
    </p>

    <p class='ocr_par' dir='ltr' id='par_1_3' title="bbox 140 932 1186 1333">
     <span class='ocr_line' id='line_1_13' title="bbox 143 932 1183 994; baseline -0.002 -22"><span class='ocrx_word' id='word_1_98' title='bbox 143 949 196 972; x_wconf 90' lang='grc' dir='ltr'>σιν</span> <span class='ocrx_word' id='word_1_99' title='bbox 217 934 345 985; x_wconf 83' lang='grc' dir='ltr'>ἐθίμοις</span> <span class='ocrx_word' id='word_1_100' title='bbox 377 934 510 987; x_wconf 82' lang='grc' dir='ltr'>ῥήμασι</span> <span class='ocrx_word' id='word_1_101' title='bbox 538 933 810 994; x_wconf 86' lang='grc' dir='ltr'>προγενομένης,</span> <span class='ocrx_word' id='word_1_102' title='bbox 838 932 1016 984; x_wconf 80' lang='grc' dir='ltr'>εἰσάγεται</span> <span class='ocrx_word' id='word_1_103' title='bbox 1052 935 1098 976; x_wconf 89' lang='grc' dir='ltr'>εἷς</span> <span class='ocrx_word' id='word_1_104' title='bbox 1127 933 1183 971; x_wconf 85' lang='grc' dir='ltr'>τὸν</span> 
     </span>
     <span class='ocr_line' id='line_1_14' title="bbox 143 986 1184 1044; baseline -0.001 -14"><span class='ocrx_word' id='word_1_105' title='bbox 143 992 265 1044; x_wconf 84' lang='grc' dir='ltr'>θερμὸν</span> <span class='ocrx_word' id='word_1_106' title='bbox 279 996 370 1031; x_wconf 87' lang='grc' dir='ltr'>οἰκον</span> <span class='ocrx_word' id='word_1_107' title='bbox 381 1009 442 1031; x_wconf 93' lang='grc' dir='ltr'>και</span> <span class='ocrx_word' id='word_1_108' title='bbox 459 991 681 1032; x_wconf 85' lang='grc' dir='ltr'>ἀπολούεται.</span> <span class='ocrx_word' id='word_1_109' title='bbox 700 986 788 1030; x_wconf 76' lang='grc' dir='ltr'>Εἶτα</span> <span class='ocrx_word' id='word_1_110' title='bbox 805 992 1060 1041; x_wconf 72' lang='grc' dir='ltr'>ἐνδυσάμενος’</span> <span class='ocrx_word' id='word_1_111' title='bbox 1046 991 1184 1043; x_wconf 81' lang='grc' dir='ltr'>εδέχετο</span> 
     </span>
     <span class='ocr_line' id='line_1_15' title="bbox 141 1048 1183 1102; baseline -0.001 -14"><span class='ocrx_word' id='word_1_112' title='bbox 141 1049 204 1096; x_wconf 80' lang='grc' dir='ltr'>τὴν</span> <span class='ocrx_word' id='word_1_113' title='bbox 222 1054 280 1088; x_wconf 81' lang='grc' dir='ltr'>τοῦ</span> <span class='ocrx_word' id='word_1_114' title='bbox 300 1051 465 1102; x_wconf 73' lang='grc' dir='ltr'>τρίὸωνος</span> <span class='ocrx_word' id='word_1_115' title='bbox 485 1050 658 1100; x_wconf 80' lang='grc' dir='ltr'>ἐξουσίαν,</span> <span class='ocrx_word' id='word_1_116' title='bbox 680 1065 740 1087; x_wconf 92' lang='grc' dir='ltr'>και</span> <span class='ocrx_word' id='word_1_117' title='bbox 758 1049 899 1087; x_wconf 79' lang='grc' dir='ltr'>αὐτόθεν</span> <span class='ocrx_word' id='word_1_118' title='bbox 922 1048 1010 1097; x_wconf 88' lang='grc' dir='ltr'>μετὰ</span> <span class='ocrx_word' id='word_1_119' title='bbox 1026 1065 1086 1088; x_wconf 91' lang='grc' dir='ltr'>του</span> <span class='ocrx_word' id='word_1_120' title='bbox 1107 1049 1183 1102; x_wconf 84' lang='grc' dir='ltr'>τρί-</span> 
     </span>
     <span class='ocr_line' id='line_1_16' title="bbox 143 1106 1181 1161; baseline 0 -16"><span class='ocrx_word' id='word_1_121' title='bbox 143 1108 250 1152; x_wconf 77' lang='grc' dir='ltr'>6ωνος</span> <span class='ocrx_word' id='word_1_122' title='bbox 270 1110 308 1147; x_wconf 81' lang='grc' dir='ltr'>ἐκ</span> <span class='ocrx_word' id='word_1_123' title='bbox 327 1112 384 1147; x_wconf 78' lang='grc' dir='ltr'>τοῦ</span> <span class='ocrx_word' id='word_1_124' title='bbox 416 1109 599 1161; x_wconf 84' lang='grc' dir='ltr'>βαλανείου</span> <span class='ocrx_word' id='word_1_125' title='bbox 620 1107 746 1160; x_wconf 83' lang='grc' dir='ltr'>ἐντίμῳ</span> <span class='ocrx_word' id='word_1_126' title='bbox 765 1107 825 1145; x_wconf 86' lang='grc' dir='ltr'>καὶ</span> <span class='ocrx_word' id='word_1_127' title='bbox 843 1106 1011 1160; x_wconf 82' lang='grc' dir='ltr'>περιδόξῳ</span> <span class='ocrx_word' id='word_1_128' title='bbox 1035 1108 1181 1159; x_wconf 82' lang='grc' dir='ltr'>δορυφο-</span> 
     </span>
     <span class='ocr_line' id='line_1_17' title="bbox 143 1164 1179 1218; baseline 0 -14"><span class='ocrx_word' id='word_1_129' title='bbox 143 1166 305 1218; x_wconf 85' lang='grc' dir='ltr'>ρούμενος</span> <span class='ocrx_word' id='word_1_130' title='bbox 324 1170 448 1218; x_wconf 80' lang='grc' dir='ltr'>πομπῇ</span> <span class='ocrx_word' id='word_1_131' title='bbox 467 1166 592 1218; x_wconf 76' lang='grc' dir='ltr'>ἀπῄει,</span> <span class='ocrx_word' id='word_1_132' title='bbox 615 1165 772 1209; x_wconf 82' lang='grc' dir='ltr'>δαπάνας</span> <span class='ocrx_word' id='word_1_133' title='bbox 788 1164 945 1216; x_wconf 76' lang='grc' dir='ltr'>ἐπιγνοὺς</span> <span class='ocrx_word' id='word_1_134' title='bbox 964 1166 1114 1218; x_wconf 83' lang='grc' dir='ltr'>φανερὰς</span> <span class='ocrx_word' id='word_1_135' title='bbox 1133 1167 1179 1210; x_wconf 88' lang='grc' dir='ltr'>εἷς</span> 
     </span>
     <span class='ocr_line' id='line_1_18' title="bbox 140 1222 1186 1278; baseline 0 -16"><span class='ocrx_word' id='word_1_136' title='bbox 140 1224 217 1268; x_wconf 83' lang='grc' dir='ltr'>τοὺς</span> <span class='ocrx_word' id='word_1_137' title='bbox 235 1227 301 1263; x_wconf 80' lang='grc' dir='ltr'>τῶν</span> <span class='ocrx_word' id='word_1_138' title='bbox 318 1225 504 1277; x_wconf 73' lang='grc' dir='ltr'>διατριὸῶν</span> <span class='ocrx_word' id='word_1_139' title='bbox 518 1223 730 1277; x_wconf 84' lang='grc' dir='ltr'>προστάτας,</span> <span class='ocrx_word' id='word_1_140' title='bbox 745 1222 823 1268; x_wconf 78' lang='grc' dir='ltr'>τοὺς</span> <span class='ocrx_word' id='word_1_141' title='bbox 839 1223 1043 1274; x_wconf 82' lang='grc' dir='ltr'>λεγομένους</span> <span class='ocrx_word' id='word_1_142' title='bbox 1059 1223 1186 1278; x_wconf 85' lang='grc' dir='ltr'>Ἀκρω-</span> 
     </span>
     <span class='ocr_line' id='line_1_19' title="bbox 142 1282 258 1333; baseline 0.017 -13"><span class='ocrx_word' id='word_1_143' title='bbox 142 1282 258 1333; x_wconf 87' lang='grc' dir='ltr'>μίτας.</span> 
     </span>
    </p>

    <p class='ocr_par' dir='ltr' id='par_1_4' title="bbox 140 1339 1186 1569">
     <span class='ocr_line' id='line_1_20' title="bbox 198 1339 1186 1393; baseline -0.001 -14"><span class='ocrx_word' id='word_1_144' title='bbox 198 1355 246 1380; x_wconf 85' lang='lat'>29.</span> <span class='ocrx_word' id='word_1_145' title='bbox 268 1340 353 1380; x_wconf 73' lang='lat' dir='ltr'>“Ort</span> <span class='ocrx_word' id='word_1_146' title='bbox 373 1341 404 1379; x_wconf 82' lang='grc' dir='ltr'>οἷ</span> <span class='ocrx_word' id='word_1_147' title='bbox 433 1340 631 1380; x_wconf 81' lang='grc' dir='ltr'>Οὖάνδαλοι</span> <span class='ocrx_word' id='word_1_148' title='bbox 651 1339 728 1384; x_wconf 73' lang='grc' dir='ltr'>τοὺς</span> <span class='ocrx_word' id='word_1_149' title='bbox 756 1342 785 1380; x_wconf 90' lang='grc' dir='ltr'><strong>Γ</strong></span> <span class='ocrx_word' id='word_1_150' title='bbox 787 1340 902 1384; x_wconf 89' lang='grc' dir='ltr'>ότθους</span> <span class='ocrx_word' id='word_1_151' title='bbox 926 1340 1103 1393; x_wconf 84' lang='grc' dir='ltr'>Τρούλους</span> <span class='ocrx_word' id='word_1_152' title='bbox 1121 1356 1186 1378; x_wconf 86' lang='grc' dir='ltr'>κα-</span> 
     </span>
     <span class='ocr_line' id='line_1_21' title="bbox 144 1399 1184 1452; baseline -0.002 -14"><span class='ocrx_word' id='word_1_153' title='bbox 144 1402 262 1447; x_wconf 82' lang='grc' dir='ltr'>λοῧσι,</span> <span class='ocrx_word' id='word_1_154' title='bbox 286 1399 342 1438; x_wconf 81' lang='grc' dir='ltr'>διὰ</span> <span class='ocrx_word' id='word_1_155' title='bbox 361 1399 400 1438; x_wconf 84' lang='grc' dir='ltr'>τὸ</span> <span class='ocrx_word' id='word_1_156' title='bbox 425 1401 519 1452; x_wconf 81' lang='grc' dir='ltr'>λιμῷ</span> <span class='ocrx_word' id='word_1_157' title='bbox 542 1399 762 1450; x_wconf 83' lang='grc' dir='ltr'>πιεζομένους</span> <span class='ocrx_word' id='word_1_158' title='bbox 781 1399 904 1444; x_wconf 75' lang='grc' dir='ltr'>αὐτοὺς</span> <span class='ocrx_word' id='word_1_159' title='bbox 923 1402 1069 1452; x_wconf 79' lang='grc' dir='ltr'>τροῧλαν</span> <span class='ocrx_word' id='word_1_160' title='bbox 1089 1399 1184 1438; x_wconf 88' lang='grc' dir='ltr'>σίτου</span> 
     </span>
     <span class='ocr_line' id='line_1_22' title="bbox 140 1457 1181 1510; baseline 0.001 -15"><span class='ocrx_word' id='word_1_161' title='bbox 140 1458 238 1510; x_wconf 83' lang='grc' dir='ltr'>παρὰ</span> <span class='ocrx_word' id='word_1_162' title='bbox 254 1461 322 1496; x_wconf 87' lang='grc' dir='ltr'>τῶν</span> <span class='ocrx_word' id='word_1_163' title='bbox 345 1459 560 1498; x_wconf 77' lang='grc' dir='ltr'>Οὐανδάλων</span> <span class='ocrx_word' id='word_1_164' title='bbox 581 1458 761 1510; x_wconf 85' lang='grc' dir='ltr'>ἀγοράζειν</span> <span class='ocrx_word' id='word_1_165' title='bbox 778 1458 850 1502; x_wconf 82' lang='grc' dir='ltr'>ἑνὸς</span> <span class='ocrx_word' id='word_1_166' title='bbox 878 1458 1058 1510; x_wconf 88' lang='grc' dir='ltr'>χρυσίνου.</span> <span class='ocrx_word' id='word_1_167' title='bbox 1077 1457 1122 1496; x_wconf 85' lang='grc' dir='ltr'><strong>Ἥ</strong></span> <span class='ocrx_word' id='word_1_168' title='bbox 1146 1457 1181 1496; x_wconf 83' lang='grc' dir='ltr'>δὲ</span> 
     </span>
     <span class='ocr_line' id='line_1_23' title="bbox 143 1516 771 1569; baseline 0.003 -15"><span class='ocrx_word' id='word_1_169' title='bbox 143 1518 271 1568; x_wconf 78' lang='grc' dir='ltr'>τροῦλα</span> <span class='ocrx_word' id='word_1_170' title='bbox 289 1516 365 1555; x_wconf 79' lang='grc' dir='ltr'>οὐδὲ</span> <span class='ocrx_word' id='word_1_171' title='bbox 382 1518 495 1569; x_wconf 89' lang='grc' dir='ltr'>τρίτον</span> <span class='ocrx_word' id='word_1_172' title='bbox 513 1516 631 1560; x_wconf 83' lang='grc' dir='ltr'>ξέστου</span> <span class='ocrx_word' id='word_1_173' title='bbox 647 1519 771 1568; x_wconf 86' lang='grc' dir='ltr'>χωρεῖ.</span> 
     </span>
    </p>

    <p class='ocr_par' dir='ltr' id='par_1_5' title="bbox 140 1573 1189 2035">
     <span class='ocr_line' id='line_1_24' title="bbox 202 1573 1187 1618; baseline 0.001 -5"><span class='ocrx_word' id='word_1_174' title='bbox 202 1589 250 1613; x_wconf 78' lang='lat' dir='ltr'>ao.</span> <span class='ocrx_word' id='word_1_175' title='bbox 271 1574 357 1614; x_wconf 68' lang='lat' dir='ltr'>‘&#39;Oti.</span> <span class='ocrx_word' id='word_1_176' title='bbox 378 1574 469 1613; x_wconf 82' lang='grc' dir='ltr'>κατὰ</span> <span class='ocrx_word' id='word_1_177' title='bbox 497 1573 558 1617; x_wconf 81' lang='grc' dir='ltr'>τὰς</span> <span class='ocrx_word' id='word_1_178' title='bbox 587 1574 768 1618; x_wconf 86' lang='grc' dir='ltr'>Ἱσπανίας</span> <span class='ocrx_word' id='word_1_179' title='bbox 792 1576 860 1612; x_wconf 79' lang='grc' dir='ltr'>τῶν</span> <span class='ocrx_word' id='word_1_180' title='bbox 879 1574 1092 1614; x_wconf 85' lang='grc' dir='ltr'>Οὐανδάλων</span> <span class='ocrx_word' id='word_1_181' title='bbox 1123 1590 1187 1614; x_wconf 85' lang='grc' dir='ltr'>κα-</span> 
     </span>
     <span class='ocr_line' id='line_1_25' title="bbox 141 1631 1186 1685; baseline -0.002 -13"><span class='ocrx_word' id='word_1_182' title='bbox 141 1633 388 1685; x_wconf 84' lang='grc' dir='ltr'>ταδραμόντων</span> <span class='ocrx_word' id='word_1_183' title='bbox 407 1632 467 1670; x_wconf 79' lang='grc' dir='ltr'>καὶ</span> <span class='ocrx_word' id='word_1_184' title='bbox 485 1635 552 1671; x_wconf 83' lang='grc' dir='ltr'>τῶν</span> <span class='ocrx_word' id='word_1_185' title='bbox 570 1632 759 1683; x_wconf 86' lang='grc' dir='ltr'>Ῥωμαίων</span> <span class='ocrx_word' id='word_1_186' title='bbox 781 1633 827 1675; x_wconf 87' lang='grc' dir='ltr'>εἷς</span> <span class='ocrx_word' id='word_1_187' title='bbox 843 1631 904 1676; x_wconf 83' lang='grc' dir='ltr'>τὰς</span> <span class='ocrx_word' id='word_1_188' title='bbox 923 1633 1186 1685; x_wconf 77' lang='grc' dir='ltr'>τετειχισμένας</span> 
     </span>
     <span class='ocr_line' id='line_1_26' title="bbox 143 1691 1184 1743; baseline -0.001 -13"><span class='ocrx_word' id='word_1_189' title='bbox 143 1692 258 1736; x_wconf 88' lang='grc' dir='ltr'>πόλεις</span> <span class='ocrx_word' id='word_1_190' title='bbox 276 1691 556 1742; x_wconf 71' lang='grc' dir='ltr'>καταφυγόντων,</span> <span class='ocrx_word' id='word_1_191' title='bbox 575 1695 733 1735; x_wconf 71' lang='grc' dir='ltr'>τοσοῦτος</span> <span class='ocrx_word' id='word_1_192' title='bbox 753 1692 867 1728; x_wconf 74' lang='grc' dir='ltr'>αὐτῶν</span> <span class='ocrx_word' id='word_1_193' title='bbox 887 1691 988 1741; x_wconf 81' lang='grc' dir='ltr'>λιμὸς</span> <span class='ocrx_word' id='word_1_194' title='bbox 1008 1691 1184 1743; x_wconf 85' lang='grc' dir='ltr'>κατεκρά-</span> 
     </span>
     <span class='ocr_line' id='line_1_27' title="bbox 140 1749 1182 1803; baseline -0.001 -15"><span class='ocrx_word' id='word_1_195' title='bbox 140 1765 260 1800; x_wconf 82' lang='grc' dir='ltr'>τησεν,</span> <span class='ocrx_word' id='word_1_196' title='bbox 291 1752 337 1794; x_wconf 84' lang='grc' dir='ltr'>ὡς</span> <span class='ocrx_word' id='word_1_197' title='bbox 365 1751 412 1793; x_wconf 87' lang='grc' dir='ltr'>εἷς</span> <span class='ocrx_word' id='word_1_198' title='bbox 435 1749 696 1803; x_wconf 74' lang='grc' dir='ltr'>ἀλληλοφαγίαν</span> <span class='ocrx_word' id='word_1_199' title='bbox 731 1749 973 1795; x_wconf 67' lang='grc' dir='ltr'>ἐκδιασθῆναι.</span> <span class='ocrx_word' id='word_1_200' title='bbox 1006 1749 1078 1788; x_wconf 80' lang='grc' dir='ltr'>Καὶ</span> <span class='ocrx_word' id='word_1_201' title='bbox 1098 1749 1182 1800; x_wconf 83' lang='grc' dir='ltr'>γυνὴ</span> 
     </span>
     <span class='ocr_line' id='line_1_28' title="bbox 140 1806 1186 1862; baseline 0 -17"><span class='ocrx_word' id='word_1_202' title='bbox 140 1807 294 1860; x_wconf 85' lang='grc' dir='ltr'>τέσσαρα</span> <span class='ocrx_word' id='word_1_203' title='bbox 313 1808 417 1846; x_wconf 85' lang='grc' dir='ltr'>τέκνα</span> <span class='ocrx_word' id='word_1_204' title='bbox 441 1807 570 1859; x_wconf 86' lang='grc' dir='ltr'>ἔχουσα</span> <span class='ocrx_word' id='word_1_205' title='bbox 590 1807 705 1846; x_wconf 86' lang='grc' dir='ltr'>πάντα</span> <span class='ocrx_word' id='word_1_206' title='bbox 724 1806 900 1860; x_wconf 78' lang='grc' dir='ltr'>κατέφαγε</span> <span class='ocrx_word' id='word_1_207' title='bbox 913 1837 922 1855; x_wconf 90' lang='grc'>,</span> <span class='ocrx_word' id='word_1_208' title='bbox 942 1807 1115 1861; x_wconf 74' lang='grc' dir='ltr'>πρόφασιν</span> <span class='ocrx_word' id='word_1_209' title='bbox 1133 1807 1186 1862; x_wconf 71' lang='grc' dir='ltr'>ἐφ’</span> 
     </span>
     <span class='ocr_line' id='line_1_29' title="bbox 141 1865 1189 1919; baseline 0.001 -16"><span class='ocrx_word' id='word_1_210' title='bbox 141 1865 288 1904; x_wconf 81' lang='grc' dir='ltr'>ἑκάστου</span> <span class='ocrx_word' id='word_1_211' title='bbox 315 1866 501 1917; x_wconf 84' lang='grc' dir='ltr'>ποιουμένη</span> <span class='ocrx_word' id='word_1_212' title='bbox 533 1866 595 1913; x_wconf 84' lang='grc' dir='ltr'>τὴν</span> <span class='ocrx_word' id='word_1_213' title='bbox 630 1869 699 1904; x_wconf 83' lang='grc' dir='ltr'>τῶν</span> <span class='ocrx_word' id='word_1_214' title='bbox 731 1867 936 1904; x_wconf 80' lang='grc' dir='ltr'>ὖπολοιπῶν</span> <span class='ocrx_word' id='word_1_215' title='bbox 967 1866 1096 1919; x_wconf 73' lang='grc' dir='ltr'>τροφὴν</span> <span class='ocrx_word' id='word_1_216' title='bbox 1128 1866 1189 1904; x_wconf 80' lang='grc' dir='ltr'>καὶ</span> 
     </span>
     <span class='ocr_line' id='line_1_30' title="bbox 143 1923 1189 1977; baseline 0 -15"><span class='ocrx_word' id='word_1_217' title='bbox 143 1925 331 1977; x_wconf 80' lang='grc' dir='ltr'>σωτηρίαν,</span> <span class='ocrx_word' id='word_1_218' title='bbox 357 1924 419 1968; x_wconf 80' lang='grc' dir='ltr'>ἕως</span> <span class='ocrx_word' id='word_1_219' title='bbox 445 1923 486 1962; x_wconf 83' lang='grc' dir='ltr'>ἂν</span> <span class='ocrx_word' id='word_1_220' title='bbox 509 1924 624 1963; x_wconf 88' lang='grc' dir='ltr'>πάντα</span> <span class='ocrx_word' id='word_1_221' title='bbox 641 1927 893 1977; x_wconf 76' lang='grc' dir='ltr'>καταφαγοῦσα</span> <span class='ocrx_word' id='word_1_222' title='bbox 914 1923 1021 1967; x_wconf 85' lang='grc' dir='ltr'>λίθοις</span> <span class='ocrx_word' id='word_1_223' title='bbox 1043 1923 1110 1962; x_wconf 80' lang='grc' dir='ltr'>ὑπὸ</span> <span class='ocrx_word' id='word_1_224' title='bbox 1129 1927 1189 1962; x_wconf 77' lang='grc' dir='ltr'>τοῦ</span> 
     </span>
     <span class='ocr_line' id='line_1_31' title="bbox 143 1982 433 2035; baseline -0.003 -14"><span class='ocrx_word' id='word_1_225' title='bbox 143 1982 254 2033; x_wconf 86' lang='grc' dir='ltr'>δήμου</span> <span class='ocrx_word' id='word_1_226' title='bbox 270 1984 332 2034; x_wconf 87' lang='grc' dir='ltr'>ἀνῃ</span> <span class='ocrx_word' id='word_1_227' title='bbox 339 1982 433 2035; x_wconf 84' lang='grc' dir='ltr'>ρέθη.</span> 
     </span>
    </p>
   </div>
   <div class='ocr_carea' id='block_1_3' title="bbox 141 2091 1197 3428">
    <p class='ocr_par' dir='ltr' id='par_1_6' title="bbox 141 2091 1192 2855">
     <span class='ocr_line' id='line_1_32' title="bbox 141 2091 1184 2133; baseline -0.001 -10"><span class='ocrx_word' id='word_1_228' title='bbox 141 2092 382 2125; x_wconf 78' lang='lat' dir='ltr'>deducebantur</span> <span class='ocrx_word' id='word_1_229' title='bbox 395 2093 450 2133; x_wconf 93' lang='lat' dir='ltr'>qui</span> <span class='ocrx_word' id='word_1_230' title='bbox 463 2093 574 2125; x_wconf 90' lang='lat' dir='ltr'>novitii</span> <span class='ocrx_word' id='word_1_231' title='bbox 588 2093 801 2132; x_wconf 88' lang='lat' dir='ltr'>advenissent,</span> <span class='ocrx_word' id='word_1_232' title='bbox 818 2093 884 2124; x_wconf 88' lang='lat' dir='ltr'>sive</span> <span class='ocrx_word' id='word_1_233' title='bbox 898 2091 1000 2132; x_wconf 89' lang='lat' dir='ltr'>parvi,</span> <span class='ocrx_word' id='word_1_234' title='bbox 1009 2091 1077 2123; x_wconf 89' lang='lat' dir='ltr'>sive</span> <span class='ocrx_word' id='word_1_235' title='bbox 1090 2100 1184 2131; x_wconf 85' lang='lat' dir='ltr'>gran-</span> 
     </span>
     <span class='ocr_line' id='line_1_33' title="bbox 142 2141 1187 2185; baseline -0.001 -11"><span class='ocrx_word' id='word_1_236' title='bbox 142 2143 256 2176; x_wconf 83' lang='lat' dir='ltr'>diores.</span> <span class='ocrx_word' id='word_1_237' title='bbox 301 2146 348 2176; x_wconf 87' lang='lat' dir='ltr'>Ex</span> <span class='ocrx_word' id='word_1_238' title='bbox 367 2144 415 2176; x_wconf 84' lang='lat' dir='ltr'>his</span> <span class='ocrx_word' id='word_1_239' title='bbox 428 2144 484 2185; x_wconf 89' lang='lat' dir='ltr'>qui</span> <span class='ocrx_word' id='word_1_240' title='bbox 500 2154 554 2185; x_wconf 89' lang='lat' dir='ltr'>per</span> <span class='ocrx_word' id='word_1_241' title='bbox 570 2146 698 2176; x_wconf 84' lang='lat' dir='ltr'>aetatem</span> <span class='ocrx_word' id='word_1_242' title='bbox 712 2144 753 2176; x_wconf 91' lang='lat' dir='ltr'>ad</span> <span class='ocrx_word' id='word_1_243' title='bbox 765 2144 898 2184; x_wconf 88' lang='lat' dir='ltr'>pallium</span> <span class='ocrx_word' id='word_1_244' title='bbox 913 2142 1106 2175; x_wconf 88' lang='lat' dir='ltr'>sumendum</span> <span class='ocrx_word' id='word_1_245' title='bbox 1121 2141 1187 2182; x_wconf 88' lang='lat' dir='ltr'>apti</span> 
     </span>
     <span class='ocr_line' id='line_1_34' title="bbox 142 2195 1186 2237; baseline -0.001 -10"><span class='ocrx_word' id='word_1_246' title='bbox 142 2198 246 2235; x_wconf 89' lang='lat' dir='ltr'>erant,</span> <span class='ocrx_word' id='word_1_247' title='bbox 263 2205 318 2228; x_wconf 89' lang='lat' dir='ltr'>eos</span> <span class='ocrx_word' id='word_1_248' title='bbox 343 2197 375 2228; x_wconf 91' lang='lat' dir='ltr'>in</span> <span class='ocrx_word' id='word_1_249' title='bbox 403 2197 546 2228; x_wconf 88' lang='lat' dir='ltr'>medium</span> <span class='ocrx_word' id='word_1_250' title='bbox 571 2196 805 2237; x_wconf 86' lang='lat' dir='ltr'>protrudebant</span> <span class='ocrx_word' id='word_1_251' title='bbox 832 2195 1012 2228; x_wconf 84' lang='lat' dir='ltr'><strong>scholastici</strong></span> <span class='ocrx_word' id='word_1_252' title='bbox 1029 2203 1048 2225; x_wconf 89' lang='lat' dir='ltr'>a</span> <span class='ocrx_word' id='word_1_253' title='bbox 1069 2195 1186 2234; x_wconf 84' lang='lat' dir='ltr'>quibus</span> 
     </span>
     <span class='ocr_line' id='line_1_35' title="bbox 143 2246 1188 2290; baseline -0.001 -11"><span class='ocrx_word' id='word_1_254' title='bbox 143 2248 396 2280; x_wconf 79' lang='lat' dir='ltr'>deducebantur.</span> <span class='ocrx_word' id='word_1_255' title='bbox 428 2249 548 2281; x_wconf 80' lang='lat' dir='ltr'>Deinde</span> <span class='ocrx_word' id='word_1_256' title='bbox 572 2249 640 2281; x_wconf 89' lang='lat' dir='ltr'>aliis</span> <span class='ocrx_word' id='word_1_257' title='bbox 664 2248 934 2290; x_wconf 75' lang='lat' dir='ltr'>praecurrentibus</span> <span class='ocrx_word' id='word_1_258' title='bbox 958 2249 1057 2287; x_wconf 90' lang='lat' dir='ltr'>atque</span> <span class='ocrx_word' id='word_1_259' title='bbox 1083 2246 1188 2287; x_wconf 86' lang='lat' dir='ltr'>prohi-</span> 
     </span>
     <span class='ocr_line' id='line_1_36' title="bbox 148 2291 1189 2342; baseline -0.002 -10"><span class='ocrx_word' id='word_1_260' title='bbox 148 2301 316 2341; x_wconf 82' lang='lat' dir='ltr'>bentibus,</span> <span class='ocrx_word' id='word_1_261' title='bbox 333 2301 401 2333; x_wconf 91' lang='lat' dir='ltr'>aliis</span> <span class='ocrx_word' id='word_1_262' title='bbox 418 2302 676 2342; x_wconf 85' lang='lat' dir='ltr'>protrudentibus</span> <span class='ocrx_word' id='word_1_263' title='bbox 692 2304 724 2333; x_wconf 90' lang='lat' dir='ltr'>et</span> <span class='ocrx_word' id='word_1_264' title='bbox 738 2303 849 2333; x_wconf 86' lang='lat' dir='ltr'>contra</span> <span class='ocrx_word' id='word_1_265' title='bbox 861 2291 1080 2337; x_wconf 73' lang='lat' dir='ltr'>ter&#39;fdentibus,</span> <span class='ocrx_word' id='word_1_266' title='bbox 1097 2301 1189 2340; x_wconf 89' lang='lat' dir='ltr'>quot-</span> 
     </span>
     <span class='ocr_line' id='line_1_37' title="bbox 144 2352 1189 2393; baseline -0.001 -10"><span class='ocrx_word' id='word_1_267' title='bbox 144 2353 223 2392; x_wconf 84' lang='lat' dir='ltr'>quot</span> <span class='ocrx_word' id='word_1_268' title='bbox 242 2355 350 2384; x_wconf 86' lang='lat' dir='ltr'>autem</span> <span class='ocrx_word' id='word_1_269' title='bbox 373 2353 585 2393; x_wconf 77' lang='lat' dir='ltr'>prohibebant</span> <span class='ocrx_word' id='word_1_270' title='bbox 603 2353 850 2385; x_wconf 80' lang='lat' dir='ltr'>vociferantibus</span> <span class='ocrx_word' id='word_1_271' title='bbox 877 2365 884 2384; x_wconf 88' lang='lat'>:</span> <span class='ocrx_word' id='word_1_272' title='bbox 901 2365 917 2380; x_wconf 72' lang='grc' dir='ltr'>ιι</span> <span class='ocrx_word' id='word_1_273' title='bbox 938 2354 992 2384; x_wconf 90' lang='lat' dir='ltr'>Sta</span> <span class='ocrx_word' id='word_1_274' title='bbox 1005 2375 1014 2391; x_wconf 91' lang='lat'>,</span> <span class='ocrx_word' id='word_1_275' title='bbox 1037 2352 1085 2382; x_wconf 89' lang='lat' dir='ltr'>sta</span> <span class='ocrx_word' id='word_1_276' title='bbox 1098 2375 1106 2390; x_wconf 97' lang='lat'><strong>‚</strong></span> <span class='ocrx_word' id='word_1_277' title='bbox 1124 2360 1189 2382; x_wconf 89' lang='lat' dir='ltr'>non</span> 
     </span>
     <span class='ocr_line' id='line_1_38' title="bbox 147 2403 1187 2443; baseline 0 -9"><span class='ocrx_word' id='word_1_278' title='bbox 147 2404 254 2435; x_wconf 85' lang='lat' dir='ltr'>lavare</span> <span class='ocrx_word' id='word_1_279' title='bbox 269 2416 277 2435; x_wconf 75' lang='grc' dir='ltr'><strong><em>ε</em></strong></span> <span class='ocrx_word' id='word_1_280' title='bbox 295 2417 310 2431; x_wconf 77' lang='lat' dir='ltr'>n</span> <span class='ocrx_word' id='word_1_281' title='bbox 329 2404 459 2436; x_wconf 82' lang='lat' dir='ltr'>tandem</span> <span class='ocrx_word' id='word_1_282' title='bbox 474 2405 505 2435; x_wconf 93' lang='lat' dir='ltr'>in</span> <span class='ocrx_word' id='word_1_283' title='bbox 522 2405 581 2435; x_wconf 92' lang='lat' dir='ltr'>hoc</span> <span class='ocrx_word' id='word_1_284' title='bbox 596 2405 768 2436; x_wconf 83' lang='lat' dir='ltr'>certamine</span> <span class='ocrx_word' id='word_1_285' title='bbox 781 2404 801 2435; x_wconf 91' lang='lat' dir='ltr'>ii</span> <span class='ocrx_word' id='word_1_286' title='bbox 821 2403 1011 2435; x_wconf 87' lang='lat' dir='ltr'>videbantur</span> <span class='ocrx_word' id='word_1_287' title='bbox 1026 2403 1187 2443; x_wconf 89' lang='lat' dir='ltr'>obtinere,</span> 
     </span>
     <span class='ocr_line' id='line_1_39' title="bbox 147 2454 1190 2496; baseline 0.001 -11"><span class='ocrx_word' id='word_1_288' title='bbox 147 2455 204 2495; x_wconf 88' lang='lat' dir='ltr'>qui</span> <span class='ocrx_word' id='word_1_289' title='bbox 215 2479 224 2494; x_wconf 92' lang='lat'>,</span> <span class='ocrx_word' id='word_1_290' title='bbox 242 2455 274 2485; x_wconf 89' lang='lat' dir='ltr'>in</span> <span class='ocrx_word' id='word_1_291' title='bbox 290 2455 442 2486; x_wconf 84' lang='lat' dir='ltr'>honorem</span> <span class='ocrx_word' id='word_1_292' title='bbox 458 2455 636 2487; x_wconf 79' lang='lat' dir='ltr'>scholastici</span> <span class='ocrx_word' id='word_1_293' title='bbox 652 2465 748 2496; x_wconf 91' lang='lat' dir='ltr'>quem</span> <span class='ocrx_word' id='word_1_294' title='bbox 766 2455 984 2494; x_wconf 80' lang='lat' dir='ltr'>deducebant,</span> <span class='ocrx_word' id='word_1_295' title='bbox 1003 2454 1190 2486; x_wconf 83' lang='lat' dir='ltr'>obsistentes</span> 
     </span>
     <span class='ocr_line' id='line_1_40' title="bbox 149 2506 1190 2547; baseline -0.001 -10"><span class='ocrx_word' id='word_1_296' title='bbox 149 2506 368 2539; x_wconf 78' lang='lat' dir='ltr'>retrudebant.</span> <span class='ocrx_word' id='word_1_297' title='bbox 413 2507 574 2545; x_wconf 85' lang='lat' dir='ltr'>Tandem,</span> <span class='ocrx_word' id='word_1_298' title='bbox 594 2508 665 2547; x_wconf 79' lang='lat' dir='ltr'>post</span> <span class='ocrx_word' id='word_1_299' title='bbox 693 2507 819 2546; x_wconf 79' lang='lat' dir='ltr'>longam</span> <span class='ocrx_word' id='word_1_300' title='bbox 849 2515 973 2537; x_wconf 87' lang='lat' dir='ltr'>moram</span> <span class='ocrx_word' id='word_1_301' title='bbox 991 2506 1190 2546; x_wconf 84' lang='lat' dir='ltr'>multamque</span> 
     </span>
     <span class='ocr_line' id='line_1_41' title="bbox 153 2558 1188 2598; baseline 0 -10"><span class='ocrx_word' id='word_1_302' title='bbox 153 2558 195 2588; x_wconf 90' lang='lat' dir='ltr'>ob</span> <span class='ocrx_word' id='word_1_303' title='bbox 228 2558 315 2589; x_wconf 87' lang='lat' dir='ltr'>illata</span> <span class='ocrx_word' id='word_1_304' title='bbox 342 2566 380 2589; x_wconf 81' lang='lat' dir='ltr'>ex</span> <span class='ocrx_word' id='word_1_305' title='bbox 408 2566 496 2589; x_wconf 91' lang='lat' dir='ltr'>more</span> <span class='ocrx_word' id='word_1_306' title='bbox 524 2558 608 2589; x_wconf 88' lang='lat' dir='ltr'>ultro</span> <span class='ocrx_word' id='word_1_307' title='bbox 631 2558 776 2598; x_wconf 84' lang='lat' dir='ltr'>citroque</span> <span class='ocrx_word' id='word_1_308' title='bbox 805 2558 902 2590; x_wconf 86' lang='lat' dir='ltr'>verba</span> <span class='ocrx_word' id='word_1_309' title='bbox 933 2558 1188 2596; x_wconf 85' lang='lat' dir='ltr'>contentionem,</span> 
     </span>
     <span class='ocr_line' id='line_1_42' title="bbox 147 2608 1191 2650; baseline 0 -11"><span class='ocrx_word' id='word_1_310' title='bbox 147 2608 175 2640; x_wconf 88' lang='lat' dir='ltr'>is</span> <span class='ocrx_word' id='word_1_311' title='bbox 188 2609 245 2649; x_wconf 90' lang='lat' dir='ltr'>qui</span> <span class='ocrx_word' id='word_1_312' title='bbox 260 2608 443 2647; x_wconf 81' lang='lat' dir='ltr'>deducitur,</span> <span class='ocrx_word' id='word_1_313' title='bbox 458 2609 490 2640; x_wconf 91' lang='lat' dir='ltr'>in</span> <span class='ocrx_word' id='word_1_314' title='bbox 506 2609 642 2640; x_wconf 83' lang='lat' dir='ltr'>calidam</span> <span class='ocrx_word' id='word_1_315' title='bbox 659 2610 771 2641; x_wconf 87' lang='lat' dir='ltr'>cellam</span> <span class='ocrx_word' id='word_1_316' title='bbox 784 2609 957 2649; x_wconf 80' lang='lat' dir='ltr'>inducitur,</span> <span class='ocrx_word' id='word_1_317' title='bbox 972 2609 1079 2650; x_wconf 91' lang='lat' dir='ltr'>ibique</span> <span class='ocrx_word' id='word_1_318' title='bbox 1090 2609 1191 2640; x_wconf 89' lang='lat' dir='ltr'>ablui-</span> 
     </span>
     <span class='ocr_line' id='line_1_43' title="bbox 147 2660 1189 2701; baseline 0.001 -10"><span class='ocrx_word' id='word_1_319' title='bbox 147 2663 213 2692; x_wconf 85' lang='lat' dir='ltr'>tur.</span> <span class='ocrx_word' id='word_1_320' title='bbox 237 2662 279 2692; x_wconf 85' lang='lat' dir='ltr'>At</span> <span class='ocrx_word' id='word_1_321' title='bbox 306 2662 474 2700; x_wconf 81' lang='lat' dir='ltr'>postquam</span> <span class='ocrx_word' id='word_1_322' title='bbox 495 2669 528 2692; x_wconf 87' lang='lat' dir='ltr'>se</span> <span class='ocrx_word' id='word_1_323' title='bbox 561 2661 684 2700; x_wconf 90' lang='lat' dir='ltr'>induit,</span> <span class='ocrx_word' id='word_1_324' title='bbox 710 2661 797 2701; x_wconf 91' lang='lat' dir='ltr'>pallii</span> <span class='ocrx_word' id='word_1_325' title='bbox 833 2660 1020 2701; x_wconf 77' lang='lat' dir='ltr'>dignitatem</span> <span class='ocrx_word' id='word_1_326' title='bbox 1056 2660 1189 2700; x_wconf 86' lang='lat' dir='ltr'>accipit,</span> 
     </span>
     <span class='ocr_line' id='line_1_44' title="bbox 149 2711 1192 2752; baseline -0.001 -9"><span class='ocrx_word' id='word_1_327' title='bbox 149 2713 249 2751; x_wconf 85' lang='lat' dir='ltr'>atque</span> <span class='ocrx_word' id='word_1_328' title='bbox 264 2711 379 2743; x_wconf 79' lang='lat' dir='ltr'>exinde</span> <span class='ocrx_word' id='word_1_329' title='bbox 404 2720 478 2743; x_wconf 84' lang='lat' dir='ltr'>cuni</span> <span class='ocrx_word' id='word_1_330' title='bbox 498 2712 593 2752; x_wconf 93' lang='lat' dir='ltr'>pallio</span> <span class='ocrx_word' id='word_1_331' title='bbox 619 2721 637 2744; x_wconf 92' lang='lat' dir='ltr'>e</span> <span class='ocrx_word' id='word_1_332' title='bbox 658 2712 789 2751; x_wconf 91' lang='lat' dir='ltr'>balneo,</span> <span class='ocrx_word' id='word_1_333' title='bbox 815 2712 932 2744; x_wconf 85' lang='lat' dir='ltr'>celebri</span> <span class='ocrx_word' id='word_1_334' title='bbox 955 2713 988 2743; x_wconf 90' lang='lat' dir='ltr'>et</span> <span class='ocrx_word' id='word_1_335' title='bbox 1018 2711 1192 2743; x_wconf 79' lang='lat' dir='ltr'>honorifica</span> 
     </span>
     <span class='ocr_line' id='line_1_45' title="bbox 148 2762 1190 2804; baseline 0.001 -10"><span class='ocrx_word' id='word_1_336' title='bbox 148 2763 288 2803; x_wconf 81' lang='lat' dir='ltr'>stipatus</span> <span class='ocrx_word' id='word_1_337' title='bbox 308 2771 424 2803; x_wconf 87' lang='lat' dir='ltr'>pompa</span> <span class='ocrx_word' id='word_1_338' title='bbox 437 2786 445 2801; x_wconf 96' lang='lat'><strong><em>‚</em></strong></span> <span class='ocrx_word' id='word_1_339' title='bbox 463 2762 648 2803; x_wconf 81' lang='lat' dir='ltr'>digreditur,</span> <span class='ocrx_word' id='word_1_340' title='bbox 669 2763 803 2795; x_wconf 81' lang='lat' dir='ltr'>decretis</span> <span class='ocrx_word' id='word_1_341' title='bbox 822 2763 993 2795; x_wconf 88' lang='lat' dir='ltr'>luculentis</span> <span class='ocrx_word' id='word_1_342' title='bbox 1009 2763 1190 2804; x_wconf 86' lang='lat' dir='ltr'>sumptibus</span> 
     </span>
     <span class='ocr_line' id='line_1_46' title="bbox 151 2815 998 2855; baseline -0.001 -9"><span class='ocrx_word' id='word_1_343' title='bbox 151 2815 184 2846; x_wconf 89' lang='lat' dir='ltr'>in</span> <span class='ocrx_word' id='word_1_344' title='bbox 198 2815 378 2846; x_wconf 86' lang='lat' dir='ltr'>scholarum</span> <span class='ocrx_word' id='word_1_345' title='bbox 393 2815 547 2846; x_wconf 82' lang='lat' dir='ltr'>antistites</span> <span class='ocrx_word' id='word_1_346' title='bbox 559 2840 567 2855; x_wconf 97' lang='lat'>,</span> <span class='ocrx_word' id='word_1_347' title='bbox 582 2816 636 2855; x_wconf 88' lang='lat' dir='ltr'>qui</span> <span class='ocrx_word' id='word_1_348' title='bbox 651 2816 802 2847; x_wconf 86' lang='lat' dir='ltr'>dicuntur</span> <span class='ocrx_word' id='word_1_349' title='bbox 817 2816 998 2848; x_wconf 83' lang='lat' dir='ltr'>Acromitae.</span> 
     </span>
    </p>

    <p class='ocr_par' dir='ltr' id='par_1_7' title="bbox 148 2866 1194 3062">
     <span class='ocr_line' id='line_1_47' title="bbox 193 2866 1191 2907; baseline 0 -10"><span class='ocrx_word' id='word_1_350' title='bbox 193 2868 245 2897; x_wconf 86' lang='lat'>29.</span> <span class='ocrx_word' id='word_1_351' title='bbox 263 2866 399 2897; x_wconf 81' lang='lat' dir='ltr'>Vandali</span> <span class='ocrx_word' id='word_1_352' title='bbox 410 2866 532 2898; x_wconf 83' lang='lat' dir='ltr'>Gothos</span> <span class='ocrx_word' id='word_1_353' title='bbox 547 2867 707 2907; x_wconf 84' lang='lat' dir='ltr'>appellant</span> <span class='ocrx_word' id='word_1_354' title='bbox 720 2867 835 2898; x_wconf 81' lang='lat' dir='ltr'>Trulos</span> <span class='ocrx_word' id='word_1_355' title='bbox 845 2892 852 2906; x_wconf 88' lang='lat'>‚</span> <span class='ocrx_word' id='word_1_356' title='bbox 865 2869 1032 2907; x_wconf 87' lang='lat' dir='ltr'>propterea</span> <span class='ocrx_word' id='word_1_357' title='bbox 1046 2866 1134 2907; x_wconf 88' lang='lat' dir='ltr'>quod</span> <span class='ocrx_word' id='word_1_358' title='bbox 1147 2867 1191 2907; x_wconf 93' lang='lat' dir='ltr'>hi,</span> 
     </span>
     <span class='ocr_line' id='line_1_48' title="bbox 149 2916 1194 2956; baseline 0.002 -8"><span class='ocrx_word' id='word_1_359' title='bbox 149 2916 251 2948; x_wconf 86' lang='lat' dir='ltr'>enecti</span> <span class='ocrx_word' id='word_1_360' title='bbox 264 2916 434 2956; x_wconf 89' lang='lat' dir='ltr'>aliquando</span> <span class='ocrx_word' id='word_1_361' title='bbox 451 2918 551 2956; x_wconf 81' lang='lat' dir='ltr'>tame,</span> <span class='ocrx_word' id='word_1_362' title='bbox 568 2918 663 2949; x_wconf 84' lang='lat' dir='ltr'>tritici</span> <span class='ocrx_word' id='word_1_363' title='bbox 679 2919 796 2949; x_wconf 87' lang='lat' dir='ltr'>trulam</span> <span class='ocrx_word' id='word_1_364' title='bbox 810 2927 827 2949; x_wconf 96' lang='lat' dir='ltr'>a</span> <span class='ocrx_word' id='word_1_365' title='bbox 845 2918 996 2950; x_wconf 87' lang='lat' dir='ltr'>Vandalis</span> <span class='ocrx_word' id='word_1_366' title='bbox 1014 2927 1112 2950; x_wconf 90' lang='lat' dir='ltr'>aureo</span> <span class='ocrx_word' id='word_1_367' title='bbox 1129 2927 1194 2950; x_wconf 89' lang='lat' dir='ltr'>uno</span> 
     </span>
     <span class='ocr_line' id='line_1_49' title="bbox 148 2969 1194 3011; baseline 0.001 -10"><span class='ocrx_word' id='word_1_368' title='bbox 148 2969 352 3001; x_wconf 84' lang='lat' dir='ltr'>redimerent.</span> <span class='ocrx_word' id='word_1_369' title='bbox 398 2969 495 3001; x_wconf 87' lang='lat' dir='ltr'>Trula</span> <span class='ocrx_word' id='word_1_370' title='bbox 514 2978 592 3001; x_wconf 90' lang='lat' dir='ltr'>vero</span> <span class='ocrx_word' id='word_1_371' title='bbox 610 2970 752 3001; x_wconf 86' lang='lat' dir='ltr'>nondum</span> <span class='ocrx_word' id='word_1_372' title='bbox 769 2971 897 3002; x_wconf 83' lang='lat' dir='ltr'>tertiam</span> <span class='ocrx_word' id='word_1_373' title='bbox 915 2971 1047 3003; x_wconf 81' lang='lat' dir='ltr'>sextarii</span> <span class='ocrx_word' id='word_1_374' title='bbox 1071 2972 1194 3011; x_wconf 88' lang='lat' dir='ltr'>partem</span> 
     </span>
     <span class='ocr_line' id='line_1_50' title="bbox 149 3022 246 3062; baseline 0 -9"><span class='ocrx_word' id='word_1_375' title='bbox 149 3022 246 3062; x_wconf 85' lang='lat' dir='ltr'>capit.</span> 
     </span>
    </p>

    <p class='ocr_par' dir='ltr' id='par_1_8' title="bbox 150 3072 1197 3374">
     <span class='ocr_line' id='line_1_51' title="bbox 195 3072 1196 3115; baseline 0.002 -9"><span class='ocrx_word' id='word_1_376' title='bbox 195 3079 246 3107; x_wconf 82' lang='lat'>30.</span> <span class='ocrx_word' id='word_1_377' title='bbox 263 3075 345 3105; x_wconf 92' lang='lat' dir='ltr'>Dum</span> <span class='ocrx_word' id='word_1_378' title='bbox 360 3072 496 3105; x_wconf 85' lang='lat' dir='ltr'>Vandali</span> <span class='ocrx_word' id='word_1_379' title='bbox 511 3073 674 3114; x_wconf 87' lang='lat' dir='ltr'>Hispanias</span> <span class='ocrx_word' id='word_1_380' title='bbox 687 3075 880 3115; x_wconf 86' lang='lat' dir='ltr'>vastassent,</span> <span class='ocrx_word' id='word_1_381' title='bbox 894 3075 948 3115; x_wconf 89' lang='lat' dir='ltr'>qui</span> <span class='ocrx_word' id='word_1_382' title='bbox 965 3076 997 3107; x_wconf 91' lang='lat' dir='ltr'>in</span> <span class='ocrx_word' id='word_1_383' title='bbox 1013 3075 1196 3108; x_wconf 86' lang='lat' dir='ltr'>munitasse</span> 
     </span>
     <span class='ocr_line' id='line_1_52' title="bbox 150 3125 1195 3167; baseline 0.004 -10"><span class='ocrx_word' id='word_1_384' title='bbox 150 3126 246 3158; x_wconf 89' lang='lat' dir='ltr'>urbes</span> <span class='ocrx_word' id='word_1_385' title='bbox 261 3125 395 3157; x_wconf 87' lang='lat' dir='ltr'>Romani</span> <span class='ocrx_word' id='word_1_386' title='bbox 408 3127 605 3167; x_wconf 82' lang='lat' dir='ltr'>receperant,</span> <span class='ocrx_word' id='word_1_387' title='bbox 620 3136 657 3158; x_wconf 91' lang='lat' dir='ltr'>eo</span> <span class='ocrx_word' id='word_1_388' title='bbox 668 3127 781 3159; x_wconf 83' lang='lat' dir='ltr'>inediae</span> <span class='ocrx_word' id='word_1_389' title='bbox 792 3128 894 3159; x_wconf 87' lang='lat' dir='ltr'>adacti</span> <span class='ocrx_word' id='word_1_390' title='bbox 911 3131 996 3167; x_wconf 90' lang='lat' dir='ltr'>sunt,</span> <span class='ocrx_word' id='word_1_391' title='bbox 1013 3131 1049 3161; x_wconf 90' lang='lat' dir='ltr'>ut</span> <span class='ocrx_word' id='word_1_392' title='bbox 1059 3129 1195 3161; x_wconf 88' lang='lat' dir='ltr'>invicem</span> 
     </span>
     <span class='ocr_line' id='line_1_53' title="bbox 150 3176 1196 3219; baseline 0.003 -10"><span class='ocrx_word' id='word_1_393' title='bbox 150 3186 184 3209; x_wconf 85' lang='lat' dir='ltr'>se</span> <span class='ocrx_word' id='word_1_394' title='bbox 197 3176 346 3208; x_wconf 83' lang='lat' dir='ltr'>laniando</span> <span class='ocrx_word' id='word_1_395' title='bbox 359 3176 453 3209; x_wconf 88' lang='lat' dir='ltr'>edere</span> <span class='ocrx_word' id='word_1_396' title='bbox 466 3179 664 3217; x_wconf 80' lang='lat' dir='ltr'>cogerentur.</span> <span class='ocrx_word' id='word_1_397' title='bbox 678 3178 725 3210; x_wconf 93' lang='lat' dir='ltr'>lbi</span> <span class='ocrx_word' id='word_1_398' title='bbox 739 3179 853 3210; x_wconf 88' lang='lat' dir='ltr'>mulier</span> <span class='ocrx_word' id='word_1_399' title='bbox 867 3188 941 3219; x_wconf 85' lang='lat' dir='ltr'>una,</span> <span class='ocrx_word' id='word_1_400' title='bbox 957 3182 1109 3219; x_wconf 86' lang='lat' dir='ltr'>quattuor</span> <span class='ocrx_word' id='word_1_401' title='bbox 1122 3181 1196 3212; x_wconf 91' lang='lat' dir='ltr'>libe·</span> 
     </span>
     <span class='ocr_line' id='line_1_54' title="bbox 152 3229 1196 3272; baseline 0.004 -12"><span class='ocrx_word' id='word_1_402' title='bbox 152 3237 262 3261; x_wconf 88' lang='lat' dir='ltr'>rorum</span> <span class='ocrx_word' id='word_1_403' title='bbox 274 3230 387 3267; x_wconf 87' lang='lat' dir='ltr'>mater,</span> <span class='ocrx_word' id='word_1_404' title='bbox 406 3237 518 3260; x_wconf 88' lang='lat' dir='ltr'>omnes</span> <span class='ocrx_word' id='word_1_405' title='bbox 533 3229 710 3269; x_wconf 87' lang='lat' dir='ltr'>devoravit,</span> <span class='ocrx_word' id='word_1_406' title='bbox 729 3230 768 3261; x_wconf 91' lang='lat' dir='ltr'>ad</span> <span class='ocrx_word' id='word_1_407' title='bbox 785 3230 925 3270; x_wconf 82' lang='lat' dir='ltr'>singulos</span> <span class='ocrx_word' id='word_1_408' title='bbox 939 3235 1134 3272; x_wconf 82' lang='lat' dir='ltr'>praetexens,</span> <span class='ocrx_word' id='word_1_409' title='bbox 1150 3241 1196 3264; x_wconf 90' lang='lat' dir='ltr'>re-</span> 
     </span>
     <span class='ocr_line' id='line_1_55' title="bbox 152 3279 1197 3320; baseline 0.004 -9"><span class='ocrx_word' id='word_1_410' title='bbox 152 3280 256 3320; x_wconf 91' lang='lat' dir='ltr'>liquos</span> <span class='ocrx_word' id='word_1_411' title='bbox 267 3289 301 3311; x_wconf 91' lang='lat' dir='ltr'>se</span> <span class='ocrx_word' id='word_1_412' title='bbox 313 3279 397 3311; x_wconf 86' lang='lat' dir='ltr'>alere</span> <span class='ocrx_word' id='word_1_413' title='bbox 409 3288 447 3311; x_wconf 88' lang='lat' dir='ltr'>ac</span> <span class='ocrx_word' id='word_1_414' title='bbox 462 3279 586 3312; x_wconf 84' lang='lat' dir='ltr'>salvare</span> <span class='ocrx_word' id='word_1_415' title='bbox 603 3281 685 3312; x_wconf 89' lang='lat' dir='ltr'>velle</span> <span class='ocrx_word' id='word_1_416' title='bbox 695 3305 703 3320; x_wconf 93' lang='lat'>,</span> <span class='ocrx_word' id='word_1_417' title='bbox 717 3281 818 3313; x_wconf 92' lang='lat' dir='ltr'>donec</span> <span class='ocrx_word' id='word_1_418' title='bbox 831 3282 980 3313; x_wconf 91' lang='lat' dir='ltr'>omnibus</span> <span class='ocrx_word' id='word_1_419' title='bbox 993 3282 1053 3314; x_wconf 89' lang='lat' dir='ltr'>illis</span> <span class='ocrx_word' id='word_1_420' title='bbox 1066 3283 1197 3316; x_wconf 86' lang='lat' dir='ltr'>absum-</span> 
     </span>
     <span class='ocr_line' id='line_1_56' title="bbox 153 3332 855 3374; baseline -0.001 -9"><span class='ocrx_word' id='word_1_421' title='bbox 153 3333 233 3374; x_wconf 86' lang='lat' dir='ltr'>ptis,</span> <span class='ocrx_word' id='word_1_422' title='bbox 251 3332 410 3373; x_wconf 89' lang='lat' dir='ltr'>lapidibus</span> <span class='ocrx_word' id='word_1_423' title='bbox 422 3341 440 3364; x_wconf 89' lang='lat' dir='ltr'>a</span> <span class='ocrx_word' id='word_1_424' title='bbox 459 3332 550 3372; x_wconf 87' lang='lat' dir='ltr'>plebe</span> <span class='ocrx_word' id='word_1_425' title='bbox 565 3333 680 3364; x_wconf 87' lang='lat' dir='ltr'>obruta</span> <span class='ocrx_word' id='word_1_426' title='bbox 693 3335 740 3365; x_wconf 87' lang='lat' dir='ltr'>est</span> <span class='ocrx_word' id='word_1_427' title='bbox 757 3335 855 3374; x_wconf 72' lang='lat'>(414).</span> 
     </span>
    </p>

    <p class='ocr_par' dir='ltr' id='par_1_9' title="bbox 197 3384 1197 3428">
     <span class='ocr_line' id='line_1_57' title="bbox 197 3384 1197 3428; baseline 0.005 -12"><span class='ocrx_word' id='word_1_428' title='bbox 197 3389 247 3417; x_wconf 82' lang='lat'>31.</span> <span class='ocrx_word' id='word_1_429' title='bbox 265 3384 343 3425; x_wconf 83' lang='lat' dir='ltr'>[An.</span> <span class='ocrx_word' id='word_1_430' title='bbox 357 3385 453 3426; x_wconf 58' lang='lat' dir='ltr'>tna]</span> <span class='ocrx_word' id='word_1_431' title='bbox 469 3386 638 3426; x_wconf 85' lang='lat' dir='ltr'>Euplutius</span> <span class='ocrx_word' id='word_1_432' title='bbox 648 3386 868 3426; x_wconf 78' lang='lat' dir='ltr'>Magistrianus</span> <span class='ocrx_word' id='word_1_433' title='bbox 877 3387 917 3419; x_wconf 85' lang='lat' dir='ltr'>ad</span> <span class='ocrx_word' id='word_1_434' title='bbox 932 3388 1067 3428; x_wconf 81' lang='lat' dir='ltr'>valiam,</span> <span class='ocrx_word' id='word_1_435' title='bbox 1080 3389 1197 3421; x_wconf 90' lang='lat' dir='ltr'>Gotho·</span> 
     </span>
    </p>
   </div>
   <div class='ocr_carea' id='block_1_4' title="bbox 1243 287 2293 2033">
    <p class='ocr_par' dir='ltr' id='par_1_10' title="bbox 1243 287 2285 692">
     <span class='ocr_line' id='line_1_58' title="bbox 1316 287 2281 343; baseline 0.003 -14.157"><span class='ocrx_word' id='word_1_436' title='bbox 1316 289 1450 329; x_wconf 48' lang='lat' dir='ltr'>istor:</span> <span class='ocrx_word' id='word_1_437' title='bbox 1470 287 1684 332; x_wconf 80' lang='grc' dir='ltr'>Εὐπλούτιος</span> <span class='ocrx_word' id='word_1_438' title='bbox 1706 289 1725 327; x_wconf 84' lang='grc' dir='ltr'>ὁ</span> <span class='ocrx_word' id='word_1_439' title='bbox 1746 289 1991 342; x_wconf 84' lang='grc' dir='ltr'>μαγιστριανὸς</span> <span class='ocrx_word' id='word_1_440' title='bbox 2006 290 2090 343; x_wconf 86' lang='grc' dir='ltr'>πρὸς</span> <span class='ocrx_word' id='word_1_441' title='bbox 2108 292 2281 341; x_wconf 81' lang='grc' dir='ltr'>Οὗαλίαν,</span> 
     </span>
     <span class='ocr_line' id='line_1_59' title="bbox 1243 304 2277 422; baseline 0.002 -35"><span class='ocrx_word' id='word_1_442' title='bbox 1243 304 1312 393; x_wconf 79' lang='grc' dir='ltr'>8ςὸ</span> <span class='ocrx_word' id='word_1_443' title='bbox 1295 351 1364 387; x_wconf 81' lang='grc' dir='ltr'>τῶν</span> <span class='ocrx_word' id='word_1_444' title='bbox 1394 351 1423 388; x_wconf 92' lang='grc' dir='ltr'><strong>Γ</strong></span> <span class='ocrx_word' id='word_1_445' title='bbox 1425 347 1532 386; x_wconf 88' lang='grc' dir='ltr'>οτθων</span> <span class='ocrx_word' id='word_1_446' title='bbox 1552 347 1762 399; x_wconf 84' lang='grc' dir='ltr'>ἐχρημάτιζε</span> <span class='ocrx_word' id='word_1_447' title='bbox 1782 347 1976 422; x_wconf 81' lang='grc' dir='ltr'>φύλαρχος,</span> <span class='ocrx_word' id='word_1_448' title='bbox 2004 350 2277 399; x_wconf 86' lang='grc' dir='ltr'>ἀποστέλλεται,</span> 
     </span>
     <span class='ocr_line' id='line_1_60' title="bbox 1247 404 2283 460; baseline 0.002 -14"><span class='ocrx_word' id='word_1_449' title='bbox 1247 409 1303 460; x_wconf 84' lang='grc' dir='ltr'>ἐφ’</span> <span class='ocrx_word' id='word_1_450' title='bbox 1334 411 1363 460; x_wconf 85' lang='grc' dir='ltr'>ᾡ</span> <span class='ocrx_word' id='word_1_451' title='bbox 1384 405 1534 449; x_wconf 83' lang='grc' dir='ltr'>σπονδάς</span> <span class='ocrx_word' id='word_1_452' title='bbox 1561 420 1599 443; x_wconf 91' lang='grc' dir='ltr'>τε</span> <span class='ocrx_word' id='word_1_453' title='bbox 1633 404 1748 444; x_wconf 86' lang='grc' dir='ltr'>θέσθαι</span> <span class='ocrx_word' id='word_1_454' title='bbox 1771 407 1967 459; x_wconf 80' lang='grc' dir='ltr'>εἰρηνικὰς,</span> <span class='ocrx_word' id='word_1_455' title='bbox 1999 407 2060 446; x_wconf 90' lang='grc' dir='ltr'>και</span> <span class='ocrx_word' id='word_1_456' title='bbox 2090 409 2283 448; x_wconf 75' lang='grc' dir='ltr'>ἀπολαὸειν</span> 
     </span>
     <span class='ocr_line' id='line_1_61' title="bbox 1245 462 2284 518; baseline 0.002 -14"><span class='ocrx_word' id='word_1_457' title='bbox 1245 465 1308 512; x_wconf 84' lang='grc' dir='ltr'>τὴν</span> <span class='ocrx_word' id='word_1_458' title='bbox 1331 463 1544 504; x_wconf 86' lang='grc' dir='ltr'>Πλακιδίαν.</span> <span class='ocrx_word' id='word_1_459' title='bbox 1566 463 1613 502; x_wconf 93' lang='grc' dir='ltr'>Ο</span> <span class='ocrx_word' id='word_1_460' title='bbox 1633 462 1670 501; x_wconf 83' lang='grc' dir='ltr'>δὲ</span> <span class='ocrx_word' id='word_1_461' title='bbox 1698 462 1844 515; x_wconf 82' lang='grc' dir='ltr'>ἑτοίμως</span> <span class='ocrx_word' id='word_1_462' title='bbox 1862 464 2027 518; x_wconf 83' lang='grc' dir='ltr'>δέχεται,</span> <span class='ocrx_word' id='word_1_463' title='bbox 2045 466 2106 504; x_wconf 76' lang='grc' dir='ltr'>καὶ</span> <span class='ocrx_word' id='word_1_464' title='bbox 2125 469 2284 506; x_wconf 80' lang='grc' dir='ltr'>ἀποστα-</span> 
     </span>
     <span class='ocr_line' id='line_1_62' title="bbox 1246 521 2285 575; baseline 0 -13"><span class='ocrx_word' id='word_1_465' title='bbox 1246 523 1362 567; x_wconf 90' lang='grc' dir='ltr'>λέντος</span> <span class='ocrx_word' id='word_1_466' title='bbox 1389 524 1482 575; x_wconf 78' lang='grc' dir='ltr'>αὐτῷ</span> <span class='ocrx_word' id='word_1_467' title='bbox 1511 521 1607 561; x_wconf 88' lang='grc' dir='ltr'>σίτου</span> <span class='ocrx_word' id='word_1_468' title='bbox 1636 523 1671 560; x_wconf 81' lang='grc' dir='ltr'>ἐν</span> <span class='ocrx_word' id='word_1_469' title='bbox 1698 522 1860 574; x_wconf 85' lang='grc' dir='ltr'>μυριάσιν</span> <span class='ocrx_word' id='word_1_470' title='bbox 1888 523 2074 572; x_wconf 85' lang='grc' dir='ltr'>ἑξήκοντα,</span> <span class='ocrx_word' id='word_1_471' title='bbox 2095 524 2285 564; x_wconf 83' lang='grc' dir='ltr'>ἀπολύεται</span> 
     </span>
     <span class='ocr_line' id='line_1_63' title="bbox 1245 580 2284 637; baseline 0.001 -17"><span class='ocrx_word' id='word_1_472' title='bbox 1245 581 1423 622; x_wconf 84' lang='grc' dir='ltr'>Πλακιδία</span> <span class='ocrx_word' id='word_1_473' title='bbox 1445 582 1680 633; x_wconf 85' lang='grc' dir='ltr'>παραδοθεῖσα</span> <span class='ocrx_word' id='word_1_474' title='bbox 1704 580 1912 635; x_wconf 84' lang='grc' dir='ltr'>Εὐπλουτίῳ</span> <span class='ocrx_word' id='word_1_475' title='bbox 1939 582 2025 635; x_wconf 82' lang='grc' dir='ltr'>πρὸς</span> <span class='ocrx_word' id='word_1_476' title='bbox 2043 582 2210 637; x_wconf 84' lang='grc' dir='ltr'>Ὅνώριον</span> <span class='ocrx_word' id='word_1_477' title='bbox 2225 582 2284 622; x_wconf 78' lang='grc' dir='ltr'>τὸν</span> 
     </span>
     <span class='ocr_line' id='line_1_64' title="bbox 1243 640 1673 692; baseline -0.005 -13"><span class='ocrx_word' id='word_1_478' title='bbox 1243 643 1366 679; x_wconf 83' lang='grc' dir='ltr'>οἰκεῖον</span> <span class='ocrx_word' id='word_1_479' title='bbox 1391 642 1497 687; x_wconf 69' lang='grc' dir='ltr'>αὐτῆς</span> <span class='ocrx_word' id='word_1_480' title='bbox 1513 640 1673 692; x_wconf 83' lang='grc' dir='ltr'>ἀδελφόν.</span> 
     </span>
    </p>

    <p class='ocr_par' dir='ltr' id='par_1_11' title="bbox 1243 696 2286 983">
     <span class='ocr_line' id='line_1_65' title="bbox 1301 696 2286 752; baseline 0 -14"><span class='ocrx_word' id='word_1_481' title='bbox 1301 713 1349 738; x_wconf 76' lang='lat'>32.</span> <span class='ocrx_word' id='word_1_482' title='bbox 1372 696 1458 738; x_wconf 71' lang='lat' dir='ltr'>“Ort</span> <span class='ocrx_word' id='word_1_483' title='bbox 1488 697 1687 748; x_wconf 80' lang='grc' dir='ltr'>ζητήματος</span> <span class='ocrx_word' id='word_1_484' title='bbox 1712 699 1746 735; x_wconf 83' lang='grc' dir='ltr'>ἓν</span> <span class='ocrx_word' id='word_1_485' title='bbox 1771 698 1848 742; x_wconf 83' lang='grc' dir='ltr'>ταῖς</span> <span class='ocrx_word' id='word_1_486' title='bbox 1867 697 2022 745; x_wconf 85' lang='grc' dir='ltr'>Ἀθήναις</span> <span class='ocrx_word' id='word_1_487' title='bbox 2049 698 2286 752; x_wconf 80' lang='grc' dir='ltr'>ἅνακύψαντος</span> 
     </span>
     <span class='ocr_line' id='line_1_66' title="bbox 1243 755 2285 809; baseline 0.002 -15"><span class='ocrx_word' id='word_1_488' title='bbox 1243 756 1322 809; x_wconf 88' lang='grc' dir='ltr'>περὶ</span> <span class='ocrx_word' id='word_1_489' title='bbox 1336 759 1404 795; x_wconf 84' lang='grc' dir='ltr'>τῶν</span> <span class='ocrx_word' id='word_1_490' title='bbox 1424 756 1688 806; x_wconf 87' lang='grc' dir='ltr'>κεκολλημένων</span> <span class='ocrx_word' id='word_1_491' title='bbox 1701 755 1844 807; x_wconf 78' lang='grc' dir='ltr'>βιὸλίων</span> <span class='ocrx_word' id='word_1_492' title='bbox 1862 759 1983 805; x_wconf 89' lang='grc' dir='ltr'>μαθεῖν</span> <span class='ocrx_word' id='word_1_493' title='bbox 2001 757 2070 801; x_wconf 80' lang='grc' dir='ltr'>τοῖς</span> <span class='ocrx_word' id='word_1_494' title='bbox 2085 758 2285 804; x_wconf 72' lang='grc' dir='ltr'>ἐπιζητοῦσι</span> 
     </span>
     <span class='ocr_line' id='line_1_67' title="bbox 1243 813 2281 868; baseline 0 -15"><span class='ocrx_word' id='word_1_495' title='bbox 1243 815 1282 853; x_wconf 84' lang='grc' dir='ltr'>τὸ</span> <span class='ocrx_word' id='word_1_496' title='bbox 1303 815 1431 867; x_wconf 89' lang='grc' dir='ltr'>μέτρον</span> <span class='ocrx_word' id='word_1_497' title='bbox 1451 818 1511 854; x_wconf 77' lang='grc' dir='ltr'>τοῦ</span> <span class='ocrx_word' id='word_1_498' title='bbox 1527 814 1652 852; x_wconf 89' lang='grc' dir='ltr'>κόλλου</span> <span class='ocrx_word' id='word_1_499' title='bbox 1662 845 1673 862; x_wconf 91' lang='grc'>,</span> <span class='ocrx_word' id='word_1_500' title='bbox 1694 813 1884 858; x_wconf 86' lang='grc' dir='ltr'>Φιλτάτιος</span> <span class='ocrx_word' id='word_1_501' title='bbox 1898 817 1916 852; x_wconf 86' lang='grc' dir='ltr'>ὂ</span> <span class='ocrx_word' id='word_1_502' title='bbox 1932 818 1992 853; x_wconf 78' lang='grc' dir='ltr'>τοῦ</span> <span class='ocrx_word' id='word_1_503' title='bbox 2006 817 2178 868; x_wconf 76' lang='grc' dir='ltr'>ἱστορικοῦ</span> <span class='ocrx_word' id='word_1_504' title='bbox 2192 818 2281 854; x_wconf 82' lang='grc' dir='ltr'>ἑταῖ-</span> 
     </span>
     <span class='ocr_line' id='line_1_68' title="bbox 1247 872 2280 926; baseline 0 -14"><span class='ocrx_word' id='word_1_505' title='bbox 1247 889 1318 926; x_wconf 87' lang='grc' dir='ltr'>ρος,</span> <span class='ocrx_word' id='word_1_506' title='bbox 1339 876 1471 926; x_wconf 77' lang='grc' dir='ltr'>εὐφυῶς</span> <span class='ocrx_word' id='word_1_507' title='bbox 1489 873 1568 925; x_wconf 86' lang='grc' dir='ltr'>περὶ</span> <span class='ocrx_word' id='word_1_508' title='bbox 1594 872 1842 926; x_wconf 86' lang='grc' dir='ltr'>γραμματικὴν</span> <span class='ocrx_word' id='word_1_509' title='bbox 1868 872 1972 925; x_wconf 85' lang='grc' dir='ltr'>ἔχων,</span> <span class='ocrx_word' id='word_1_510' title='bbox 1994 877 2096 912; x_wconf 79' lang='grc' dir='ltr'>τοῦτο</span> <span class='ocrx_word' id='word_1_511' title='bbox 2115 873 2280 919; x_wconf 79' lang='grc' dir='ltr'>ἐπέδειξε.</span> 
     </span>
     <span class='ocr_line' id='line_1_69' title="bbox 1246 927 2284 983; baseline 0.001 -12"><span class='ocrx_word' id='word_1_512' title='bbox 1246 927 1318 972; x_wconf 85' lang='grc' dir='ltr'>Καὶ</span> <span class='ocrx_word' id='word_1_513' title='bbox 1339 932 1570 983; x_wconf 80' lang='grc' dir='ltr'>εὐδοκιμήσας</span> <span class='ocrx_word' id='word_1_514' title='bbox 1588 931 1751 983; x_wconf 84' lang='grc' dir='ltr'>τυγχάνει</span> <span class='ocrx_word' id='word_1_515' title='bbox 1767 930 1864 983; x_wconf 86' lang='grc' dir='ltr'>παρὰ</span> <span class='ocrx_word' id='word_1_516' title='bbox 1880 934 1948 970; x_wconf 86' lang='grc' dir='ltr'>τῶν</span> <span class='ocrx_word' id='word_1_517' title='bbox 1975 933 2126 970; x_wconf 85' lang='grc' dir='ltr'>πολιτῶν</span> <span class='ocrx_word' id='word_1_518' title='bbox 2144 932 2284 977; x_wconf 86' lang='grc' dir='ltr'>εἰκόνος.</span> 
     </span>
    </p>

    <p class='ocr_par' dir='ltr' id='par_1_12' title="bbox 1243 986 2293 2033">
     <span class='ocr_line' id='line_1_70' title="bbox 1300 986 2286 1043; baseline -0.001 -12"><span class='ocrx_word' id='word_1_519' title='bbox 1300 986 1350 1031; x_wconf 38' lang='grc'>33’.</span> <span class='ocrx_word' id='word_1_520' title='bbox 1369 988 1455 1030; x_wconf 53' lang='grc' dir='ltr'>ρὈτι</span> <span class='ocrx_word' id='word_1_521' title='bbox 1471 990 1550 1043; x_wconf 83' lang='grc' dir='ltr'>περὶ</span> <span class='ocrx_word' id='word_1_522' title='bbox 1567 993 1628 1036; x_wconf 75' lang='grc' dir='ltr'>τῆς</span> <span class='ocrx_word' id='word_1_523' title='bbox 1644 990 1798 1034; x_wconf 87' lang='grc' dir='ltr'>Ὀάσεως</span> <span class='ocrx_word' id='word_1_524' title='bbox 1817 993 1835 1028; x_wconf 85' lang='grc' dir='ltr'>ὁ</span> <span class='ocrx_word' id='word_1_525' title='bbox 1853 989 2069 1043; x_wconf 80' lang='grc' dir='ltr'>συγγραφεὺς</span> <span class='ocrx_word' id='word_1_526' title='bbox 2086 990 2200 1029; x_wconf 82' lang='grc' dir='ltr'>πολλὰ</span> <span class='ocrx_word' id='word_1_527' title='bbox 2215 1006 2286 1030; x_wconf 86' lang='grc' dir='ltr'>πα-</span> 
     </span>
     <span class='ocr_line' id='line_1_71' title="bbox 1249 1047 2284 1101; baseline 0.001 -15"><span class='ocrx_word' id='word_1_528' title='bbox 1249 1049 1484 1101; x_wconf 82' lang='grc' dir='ltr'>ραδοξολογεῖ,</span> <span class='ocrx_word' id='word_1_529' title='bbox 1503 1048 1582 1101; x_wconf 89' lang='grc' dir='ltr'>περί</span> <span class='ocrx_word' id='word_1_530' title='bbox 1610 1063 1646 1086; x_wconf 89' lang='grc' dir='ltr'>τε</span> <span class='ocrx_word' id='word_1_531' title='bbox 1664 1051 1725 1095; x_wconf 76' lang='grc' dir='ltr'>τῆς</span> <span class='ocrx_word' id='word_1_532' title='bbox 1754 1048 1937 1101; x_wconf 79' lang='grc' dir='ltr'>εὐκρασίας</span> <span class='ocrx_word' id='word_1_533' title='bbox 1967 1050 2075 1096; x_wconf 79' lang='grc' dir='ltr'>αὐτῆς</span> <span class='ocrx_word' id='word_1_534' title='bbox 2097 1047 2157 1087; x_wconf 82' lang='grc' dir='ltr'>καὶ</span> <span class='ocrx_word' id='word_1_535' title='bbox 2180 1048 2233 1087; x_wconf 80' lang='grc' dir='ltr'>ὅτι</span> <span class='ocrx_word' id='word_1_536' title='bbox 2251 1050 2284 1088; x_wconf 78' lang='grc' dir='ltr'>οἱ</span> 
     </span>
     <span class='ocr_line' id='line_1_72' title="bbox 1244 1106 2284 1161; baseline -0.001 -16"><span class='ocrx_word' id='word_1_537' title='bbox 1244 1107 1306 1154; x_wconf 80' lang='grc' dir='ltr'>τὴν</span> <span class='ocrx_word' id='word_1_538' title='bbox 1326 1106 1421 1161; x_wconf 83' lang='grc' dir='ltr'>ἱερὰν</span> <span class='ocrx_word' id='word_1_539' title='bbox 1448 1106 1548 1145; x_wconf 85' lang='grc' dir='ltr'>νόσον</span> <span class='ocrx_word' id='word_1_540' title='bbox 1576 1106 1712 1158; x_wconf 88' lang='grc' dir='ltr'>ἔχοντες</span> <span class='ocrx_word' id='word_1_541' title='bbox 1742 1108 1780 1144; x_wconf 81' lang='grc' dir='ltr'>οὗ</span> <span class='ocrx_word' id='word_1_542' title='bbox 1803 1106 1904 1157; x_wconf 87' lang='grc' dir='ltr'>μόνον</span> <span class='ocrx_word' id='word_1_543' title='bbox 1927 1108 2039 1144; x_wconf 81' lang='grc' dir='ltr'>ἐκεῖσε</span> <span class='ocrx_word' id='word_1_544' title='bbox 2057 1108 2094 1145; x_wconf 82' lang='grc' dir='ltr'>οὗ</span> <span class='ocrx_word' id='word_1_545' title='bbox 2110 1106 2284 1158; x_wconf 87' lang='grc' dir='ltr'>γίνονται,</span> 
     </span>
     <span class='ocr_line' id='line_1_73' title="bbox 1245 1164 2287 1217; baseline -0.002 -13"><span class='ocrx_word' id='word_1_546' title='bbox 1245 1165 1336 1204; x_wconf 84' lang='grc' dir='ltr'>ἀλλὰ</span> <span class='ocrx_word' id='word_1_547' title='bbox 1366 1165 1426 1204; x_wconf 74' lang='grc' dir='ltr'>καὶ</span> <span class='ocrx_word' id='word_1_548' title='bbox 1460 1165 1653 1217; x_wconf 84' lang='grc' dir='ltr'>ἀλλαχόθεν</span> <span class='ocrx_word' id='word_1_549' title='bbox 1695 1164 1967 1217; x_wconf 86' lang='grc' dir='ltr'>παραγινόμενοι</span> <span class='ocrx_word' id='word_1_550' title='bbox 2003 1164 2287 1212; x_wconf 70' lang='grc' dir='ltr'>ἀπαλλάττονται</span> 
     </span>
     <span class='ocr_line' id='line_1_74' title="bbox 1243 1222 2286 1276; baseline -0.002 -13"><span class='ocrx_word' id='word_1_551' title='bbox 1243 1229 1303 1263; x_wconf 77' lang='grc' dir='ltr'>τοῦ</span> <span class='ocrx_word' id='word_1_552' title='bbox 1331 1224 1525 1275; x_wconf 80' lang='grc' dir='ltr'>νοσήματος</span> <span class='ocrx_word' id='word_1_553' title='bbox 1553 1223 1610 1261; x_wconf 83' lang='grc' dir='ltr'>διὰ</span> <span class='ocrx_word' id='word_1_554' title='bbox 1628 1223 1691 1270; x_wconf 77' lang='grc' dir='ltr'>τὴν</span> <span class='ocrx_word' id='word_1_555' title='bbox 1708 1227 1767 1261; x_wconf 80' lang='grc' dir='ltr'>τοῦ</span> <span class='ocrx_word' id='word_1_556' title='bbox 1787 1222 1887 1276; x_wconf 87' lang='grc' dir='ltr'>ἀέρος</span> <span class='ocrx_word' id='word_1_557' title='bbox 1903 1222 2111 1274; x_wconf 81' lang='grc' dir='ltr'>εὐκρασίαν·</span> <span class='ocrx_word' id='word_1_558' title='bbox 2131 1222 2191 1261; x_wconf 76' lang='grc' dir='ltr'>καὶ</span> <span class='ocrx_word' id='word_1_559' title='bbox 2206 1223 2286 1276; x_wconf 85' lang='grc' dir='ltr'>περὶ</span> 
     </span>
     <span class='ocr_line' id='line_1_75' title="bbox 1245 1281 2286 1336; baseline -0.003 -14"><span class='ocrx_word' id='word_1_560' title='bbox 1245 1287 1305 1330; x_wconf 68' lang='grc' dir='ltr'>τῆς</span> <span class='ocrx_word' id='word_1_561' title='bbox 1320 1284 1466 1336; x_wconf 87' lang='grc' dir='ltr'>ψάμμου</span> <span class='ocrx_word' id='word_1_562' title='bbox 1482 1286 1543 1330; x_wconf 74' lang='grc' dir='ltr'>τῆς</span> <span class='ocrx_word' id='word_1_563' title='bbox 1559 1284 1690 1329; x_wconf 83' lang='grc' dir='ltr'>πολλ’ῆς</span> <span class='ocrx_word' id='word_1_564' title='bbox 1714 1281 1865 1333; x_wconf 76' lang='grc' dir='ltr'>ἐκείνης,</span> <span class='ocrx_word' id='word_1_565' title='bbox 1882 1281 1943 1320; x_wconf 80' lang='grc' dir='ltr'>καὶ</span> <span class='ocrx_word' id='word_1_566' title='bbox 1958 1284 2028 1321; x_wconf 82' lang='grc' dir='ltr'>τῶν</span> <span class='ocrx_word' id='word_1_567' title='bbox 2043 1281 2286 1334; x_wconf 83' lang='grc' dir='ltr'>ὀρυσσομένων</span> 
     </span>
     <span class='ocr_line' id='line_1_76' title="bbox 1246 1339 2287 1394; baseline -0.002 -14"><span class='ocrx_word' id='word_1_568' title='bbox 1246 1343 1420 1394; x_wconf 85' lang='grc' dir='ltr'>φρεάτων,</span> <span class='ocrx_word' id='word_1_569' title='bbox 1444 1343 1491 1384; x_wconf 84' lang='grc' dir='ltr'>ὡς</span> <span class='ocrx_word' id='word_1_570' title='bbox 1510 1342 1556 1384; x_wconf 85' lang='grc' dir='ltr'>εἷς</span> <span class='ocrx_word' id='word_1_571' title='bbox 1575 1340 1771 1383; x_wconf 86' lang='grc' dir='ltr'>διακοσίους</span> <span class='ocrx_word' id='word_1_572' title='bbox 1802 1340 1862 1379; x_wconf 78' lang='grc' dir='ltr'>καὶ</span> <span class='ocrx_word' id='word_1_573' title='bbox 1878 1339 2113 1392; x_wconf 86' lang='grc' dir='ltr'>τριακοσίους,</span> <span class='ocrx_word' id='word_1_574' title='bbox 2139 1339 2210 1378; x_wconf 85' lang='grc' dir='ltr'>ἔσθ’</span> <span class='ocrx_word' id='word_1_575' title='bbox 2230 1339 2287 1378; x_wconf 83' lang='grc' dir='ltr'>ὅτε</span> 
     </span>
     <span class='ocr_line' id='line_1_77' title="bbox 1246 1397 2287 1452; baseline -0.002 -14"><span class='ocrx_word' id='word_1_576' title='bbox 1246 1400 1282 1438; x_wconf 84' lang='grc' dir='ltr'>δὲ</span> <span class='ocrx_word' id='word_1_577' title='bbox 1305 1400 1364 1439; x_wconf 90' lang='grc' dir='ltr'>καὶ</span> <span class='ocrx_word' id='word_1_578' title='bbox 1385 1400 1431 1443; x_wconf 86' lang='grc' dir='ltr'>εἷς</span> <span class='ocrx_word' id='word_1_579' title='bbox 1449 1399 1697 1442; x_wconf 87' lang='grc' dir='ltr'>πεντακοσίους</span> <span class='ocrx_word' id='word_1_580' title='bbox 1722 1398 1848 1450; x_wconf 88' lang='grc' dir='ltr'>πήχεις</span> <span class='ocrx_word' id='word_1_581' title='bbox 1868 1399 2105 1452; x_wconf 84' lang='grc' dir='ltr'>ὀρυσσόμενα,</span> <span class='ocrx_word' id='word_1_582' title='bbox 2133 1397 2287 1437; x_wconf 78' lang='grc' dir='ltr'>ἀναὸλύ-</span> 
     </span>
     <span class='ocr_line' id='line_1_78' title="bbox 1246 1457 2287 1511; baseline -0.004 -13"><span class='ocrx_word' id='word_1_583' title='bbox 1246 1463 1341 1505; x_wconf 89' lang='grc' dir='ltr'>ζουσι</span> <span class='ocrx_word' id='word_1_584' title='bbox 1364 1458 1403 1497; x_wconf 85' lang='grc' dir='ltr'>τὸ</span> <span class='ocrx_word' id='word_1_585' title='bbox 1422 1459 1568 1511; x_wconf 80' lang='grc' dir='ltr'>ῥεῖθρον,</span> <span class='ocrx_word' id='word_1_586' title='bbox 1598 1459 1703 1496; x_wconf 78' lang='grc' dir='ltr'>αὐτοῦ</span> <span class='ocrx_word' id='word_1_587' title='bbox 1730 1461 1789 1496; x_wconf 78' lang='grc' dir='ltr'>τοῦ</span> <span class='ocrx_word' id='word_1_588' title='bbox 1813 1457 1956 1508; x_wconf 88' lang='grc' dir='ltr'>στομίου</span> <span class='ocrx_word' id='word_1_589' title='bbox 1977 1458 2232 1511; x_wconf 84' lang='grc' dir='ltr'>προχεόμενον·</span> <span class='ocrx_word' id='word_1_590' title='bbox 2251 1458 2287 1502; x_wconf 79' lang='grc' dir='ltr'>ἐξ</span> 
     </span>
     <span class='ocr_line' id='line_1_79' title="bbox 1250 1513 2290 1569; baseline -0.002 -13"><span class='ocrx_word' id='word_1_591' title='bbox 1250 1513 1287 1557; x_wconf 73' lang='grc' dir='ltr'>οῧ</span> <span class='ocrx_word' id='word_1_592' title='bbox 1309 1517 1400 1555; x_wconf 85' lang='grc' dir='ltr'>κατὰ</span> <span class='ocrx_word' id='word_1_593' title='bbox 1429 1516 1593 1568; x_wconf 83' lang='grc' dir='ltr'>διαδοχὴν</span> <span class='ocrx_word' id='word_1_594' title='bbox 1621 1515 1826 1569; x_wconf 80' lang='grc' dir='ltr'>ἀρυόμενοι,</span> <span class='ocrx_word' id='word_1_595' title='bbox 1852 1515 1945 1560; x_wconf 79' lang='grc' dir='ltr'>ὅσοις</span> <span class='ocrx_word' id='word_1_596' title='bbox 1973 1515 2085 1554; x_wconf 88' lang='grc' dir='ltr'>κοινὸν</span> <span class='ocrx_word' id='word_1_597' title='bbox 2109 1514 2227 1567; x_wconf 90' lang='grc' dir='ltr'>γέγονε</span> <span class='ocrx_word' id='word_1_598' title='bbox 2249 1514 2290 1554; x_wconf 83' lang='grc' dir='ltr'>τὸ</span> 
     </span>
     <span class='ocr_line' id='line_1_80' title="bbox 1252 1573 2288 1628; baseline -0.001 -15"><span class='ocrx_word' id='word_1_599' title='bbox 1252 1575 1364 1628; x_wconf 85' lang='grc' dir='ltr'>ἔργον,</span> <span class='ocrx_word' id='word_1_600' title='bbox 1385 1573 1446 1618; x_wconf 83' lang='grc' dir='ltr'>τὰς</span> <span class='ocrx_word' id='word_1_601' title='bbox 1464 1573 1591 1618; x_wconf 83' lang='grc' dir='ltr'>οἰκείας</span> <span class='ocrx_word' id='word_1_602' title='bbox 1609 1574 1755 1627; x_wconf 84' lang='grc' dir='ltr'>ἀρούρας</span> <span class='ocrx_word' id='word_1_603' title='bbox 1770 1573 1967 1619; x_wconf 85' lang='grc' dir='ltr'>ποτίζουσιν</span> <span class='ocrx_word' id='word_1_604' title='bbox 1987 1576 2018 1612; x_wconf 77' lang='grc' dir='ltr'>οἳ</span> <span class='ocrx_word' id='word_1_605' title='bbox 2032 1573 2191 1627; x_wconf 88' lang='grc' dir='ltr'>γεωργοί.</span> <span class='ocrx_word' id='word_1_606' title='bbox 2214 1573 2288 1613; x_wconf 84' lang='grc' dir='ltr'>Καὶ</span> 
     </span>
     <span class='ocr_line' id='line_1_81' title="bbox 1248 1631 2290 1685; baseline -0.001 -15"><span class='ocrx_word' id='word_1_607' title='bbox 1248 1632 1301 1671; x_wconf 78' lang='grc' dir='ltr'>δ’τι</span> <span class='ocrx_word' id='word_1_608' title='bbox 1331 1633 1367 1670; x_wconf 77' lang='grc' dir='ltr'>αἱ</span> <span class='ocrx_word' id='word_1_609' title='bbox 1399 1634 1535 1684; x_wconf 82' lang='grc' dir='ltr'>ὀπῶραι</span> <span class='ocrx_word' id='word_1_610' title='bbox 1563 1632 1617 1670; x_wconf 81' lang='grc' dir='ltr'>ἀεὶ</span> <span class='ocrx_word' id='word_1_611' title='bbox 1648 1633 1719 1676; x_wconf 81' lang='grc' dir='ltr'>τοῖς</span> <span class='ocrx_word' id='word_1_612' title='bbox 1749 1631 1902 1685; x_wconf 86' lang='grc' dir='ltr'>δένδρεσι</span> <span class='ocrx_word' id='word_1_613' title='bbox 1930 1631 2111 1685; x_wconf 85' lang='grc' dir='ltr'>φέρονται·</span> <span class='ocrx_word' id='word_1_614' title='bbox 2143 1631 2204 1670; x_wconf 84' lang='grc' dir='ltr'>καὶ</span> <span class='ocrx_word' id='word_1_615' title='bbox 2237 1631 2290 1670; x_wconf 80' lang='grc' dir='ltr'>ὅτι</span> 
     </span>
     <span class='ocr_line' id='line_1_82' title="bbox 1250 1689 2288 1743; baseline 0 -15"><span class='ocrx_word' id='word_1_616' title='bbox 1250 1692 1268 1728; x_wconf 79' lang='grc' dir='ltr'><strong><em>ὃ</em></strong></span> <span class='ocrx_word' id='word_1_617' title='bbox 1287 1691 1378 1734; x_wconf 81' lang='grc' dir='ltr'>σῖτος</span> <span class='ocrx_word' id='word_1_618' title='bbox 1391 1690 1520 1733; x_wconf 81' lang='grc' dir='ltr'>παντὸς</span> <span class='ocrx_word' id='word_1_619' title='bbox 1538 1689 1707 1742; x_wconf 85' lang='grc' dir='ltr'>κρείσσων</span> <span class='ocrx_word' id='word_1_620' title='bbox 1727 1689 1824 1728; x_wconf 91' lang='grc' dir='ltr'>σίτου</span> <span class='ocrx_word' id='word_1_621' title='bbox 1841 1689 1901 1728; x_wconf 80' lang='grc' dir='ltr'>καὶ</span> <span class='ocrx_word' id='word_1_622' title='bbox 1928 1690 2040 1741; x_wconf 85' lang='grc' dir='ltr'>χιόνος</span> <span class='ocrx_word' id='word_1_623' title='bbox 2064 1689 2288 1743; x_wconf 81' lang='grc' dir='ltr'>λευκότερος.Ι</span> 
     </span>
     <span class='ocr_line' id='line_1_83' title="bbox 1249 1746 2291 1801; baseline -0.002 -13"><span class='ocrx_word' id='word_1_624' title='bbox 1249 1748 1309 1788; x_wconf 76' lang='grc' dir='ltr'>καὶ</span> <span class='ocrx_word' id='word_1_625' title='bbox 1338 1747 1392 1787; x_wconf 79' lang='grc' dir='ltr'>ὅτι</span> <span class='ocrx_word' id='word_1_626' title='bbox 1412 1748 1482 1787; x_wconf 85' lang='grc' dir='ltr'>ἔσθ’</span> <span class='ocrx_word' id='word_1_627' title='bbox 1505 1746 1562 1786; x_wconf 79' lang='grc' dir='ltr'>ὅτε</span> <span class='ocrx_word' id='word_1_628' title='bbox 1585 1748 1633 1791; x_wconf 84' lang='grc' dir='ltr'>δὶς</span> <span class='ocrx_word' id='word_1_629' title='bbox 1649 1751 1707 1786; x_wconf 75' lang='grc' dir='ltr'>τοῦ</span> <span class='ocrx_word' id='word_1_630' title='bbox 1725 1747 1819 1791; x_wconf 85' lang='grc' dir='ltr'>ἔτους</span> <span class='ocrx_word' id='word_1_631' title='bbox 1837 1747 2015 1801; x_wconf 88' lang='grc' dir='ltr'>σπείρεται</span> <span class='ocrx_word' id='word_1_632' title='bbox 2034 1751 2056 1795; x_wconf 84' lang='grc' dir='ltr'>ἡ</span> <span class='ocrx_word' id='word_1_633' title='bbox 2077 1747 2199 1801; x_wconf 83' lang='grc' dir='ltr'>κριθὴ,</span> <span class='ocrx_word' id='word_1_634' title='bbox 2218 1747 2291 1801; x_wconf 80' lang='grc' dir='ltr'>τρὶς</span> 
     </span>
     <span class='ocr_line' id='line_1_84' title="bbox 1251 1804 2291 1878; baseline -0.001 -34"><span class='ocrx_word' id='word_1_635' title='bbox 1251 1806 1287 1845; x_wconf 85' lang='grc' dir='ltr'>δὲ</span> <span class='ocrx_word' id='word_1_636' title='bbox 1307 1807 1392 1853; x_wconf 87' lang='grc' dir='ltr'>ἀειη</span> <span class='ocrx_word' id='word_1_637' title='bbox 1412 1806 1566 1878; x_wconf 78' lang='grc' dir='ltr'>κέγχρος.</span> <span class='ocrx_word' id='word_1_638' title='bbox 1585 1804 1780 1858; x_wconf 82' lang='grc' dir='ltr'>Ἀρδεύουσι</span> <span class='ocrx_word' id='word_1_639' title='bbox 1801 1804 1835 1843; x_wconf 78' lang='grc' dir='ltr'>δὲ</span> <span class='ocrx_word' id='word_1_640' title='bbox 1849 1806 1893 1843; x_wconf 87' lang='grc' dir='ltr'>τὰ</span> <span class='ocrx_word' id='word_1_641' title='bbox 1905 1805 2010 1856; x_wconf 83' lang='grc' dir='ltr'>γήδια</span> <span class='ocrx_word' id='word_1_642' title='bbox 2026 1808 2138 1844; x_wconf 79' lang='grc' dir='ltr'>αὑτῶν</span> <span class='ocrx_word' id='word_1_643' title='bbox 2155 1807 2190 1844; x_wconf 81' lang='grc' dir='ltr'>ἐν</span> <span class='ocrx_word' id='word_1_644' title='bbox 2201 1804 2291 1856; x_wconf 87' lang='grc' dir='ltr'>θέρει</span> 
     </span>
     <span class='ocr_line' id='line_1_85' title="bbox 1253 1863 2286 1918; baseline -0.001 -15"><span class='ocrx_word' id='word_1_645' title='bbox 1253 1865 1314 1916; x_wconf 83' lang='grc' dir='ltr'>μὲν</span> <span class='ocrx_word' id='word_1_646' title='bbox 1334 1864 1390 1903; x_wconf 85' lang='grc' dir='ltr'>διὰ</span> <span class='ocrx_word' id='word_1_647' title='bbox 1409 1864 1525 1918; x_wconf 86' lang='grc' dir='ltr'>τρίτης</span> <span class='ocrx_word' id='word_1_648' title='bbox 1541 1863 1722 1917; x_wconf 82' lang='grc' dir='ltr'>ἡμέρας,’</span> <span class='ocrx_word' id='word_1_649' title='bbox 1707 1879 1741 1901; x_wconf 89' lang='grc' dir='ltr'>εν</span> <span class='ocrx_word' id='word_1_650' title='bbox 1757 1866 1904 1916; x_wconf 83' lang='grc' dir='ltr'>χειμῶνι</span> <span class='ocrx_word' id='word_1_651' title='bbox 1922 1863 1956 1902; x_wconf 81' lang='grc' dir='ltr'>δὲ</span> <span class='ocrx_word' id='word_1_652' title='bbox 1975 1863 2069 1902; x_wconf 68' lang='grc' dir='ltr'>διὰ”’</span> <span class='ocrx_word' id='word_1_653' title='bbox 2048 1880 2171 1911; x_wconf 86' lang='grc' dir='ltr'>εκτης,</span> <span class='ocrx_word' id='word_1_654' title='bbox 2192 1863 2226 1909; x_wconf 80' lang='grc' dir='ltr'>ἐξ</span> <span class='ocrx_word' id='word_1_655' title='bbox 2246 1867 2286 1902; x_wconf 81' lang='grc' dir='ltr'>οὗ</span> 
     </span>
     <span class='ocr_line' id='line_1_86' title="bbox 1251 1921 2292 1975; baseline -0.002 -13"><span class='ocrx_word' id='word_1_656' title='bbox 1251 1940 1311 1962; x_wconf 88' lang='grc' dir='ltr'>και</span> <span class='ocrx_word' id='word_1_657' title='bbox 1326 1926 1348 1969; x_wconf 82' lang='grc' dir='ltr'>ἡ</span> <span class='ocrx_word' id='word_1_658' title='bbox 1368 1923 1507 1975; x_wconf 76' lang='grc' dir='ltr'>εὖφορία</span> <span class='ocrx_word' id='word_1_659' title='bbox 1523 1923 1668 1973; x_wconf 90' lang='grc' dir='ltr'>γίνεται.</span> <span class='ocrx_word' id='word_1_660' title='bbox 1688 1922 1792 1961; x_wconf 72' lang='grc' dir='ltr'>Κα“ι’</span> <span class='ocrx_word' id='word_1_661' title='bbox 1779 1924 1832 1960; x_wconf 83' lang='grc' dir='ltr'>ότι</span> <span class='ocrx_word' id='word_1_662' title='bbox 1846 1922 2006 1960; x_wconf 81' lang='grc' dir='ltr'>οὐδέποτε</span> <span class='ocrx_word' id='word_1_663' title='bbox 2020 1922 2183 1975; x_wconf 81' lang='grc' dir='ltr'>συννεφία</span> <span class='ocrx_word' id='word_1_664' title='bbox 2201 1921 2292 1974; x_wconf 79' lang='grc' dir='ltr'>γίνε·</span> 
     </span>
     <span class='ocr_line' id='line_1_87' title="bbox 1253 1978 2293 2033; baseline -0.003 -14"><span class='ocrx_word' id='word_1_665' title='bbox 1253 1997 1322 2021; x_wconf 89' lang='grc' dir='ltr'>ται.</span> <span class='ocrx_word' id='word_1_666' title='bbox 1340 1981 1412 2020; x_wconf 76' lang='grc' dir='ltr'>Καὶ</span> <span class='ocrx_word' id='word_1_667' title='bbox 1425 1981 1505 2033; x_wconf 78' lang='grc' dir='ltr'>περὶ</span> <span class='ocrx_word' id='word_1_668' title='bbox 1521 1983 1588 2018; x_wconf 82' lang='grc' dir='ltr'>τῶν</span> <span class='ocrx_word' id='word_1_669' title='bbox 1603 1979 1818 2031; x_wconf 89' lang='grc' dir='ltr'>ποιουμένων</span> <span class='ocrx_word' id='word_1_670' title='bbox 1838 1981 1942 2018; x_wconf 78' lang='grc' dir='ltr'>αὐτοῦ</span> <span class='ocrx_word' id='word_1_671' title='bbox 1957 1979 2170 2031; x_wconf 84' lang='grc' dir='ltr'>ὡρολογίων.</span> <span class='ocrx_word' id='word_1_672' title='bbox 2187 1978 2293 2031; x_wconf 84' lang='grc' dir='ltr'>Λέγει</span> 
     </span>
    </p>
   </div>
   <div class='ocr_carea' id='block_1_5' title="bbox 1248 2087 2300 3430">
    <p class='ocr_par' dir='ltr' id='par_1_13' title="bbox 1248 2087 2296 2286">
     <span class='ocr_line' id='line_1_88' title="bbox 1252 2087 2294 2131; baseline -0.002 -9"><span class='ocrx_word' id='word_1_673' title='bbox 1252 2099 1324 2122; x_wconf 91' lang='lat' dir='ltr'>rum</span> <span class='ocrx_word' id='word_1_674' title='bbox 1341 2090 1547 2131; x_wconf 80' lang='lat' dir='ltr'>praefectum,</span> <span class='ocrx_word' id='word_1_675' title='bbox 1569 2089 1725 2130; x_wconf 89' lang='lat' dir='ltr'>mittitur,</span> <span class='ocrx_word' id='word_1_676' title='bbox 1750 2089 1806 2130; x_wconf 87' lang='lat' dir='ltr'>qui</span> <span class='ocrx_word' id='word_1_677' title='bbox 1831 2089 1916 2130; x_wconf 89' lang='lat' dir='ltr'>pacis</span> <span class='ocrx_word' id='word_1_678' title='bbox 1930 2089 2050 2122; x_wconf 83' lang='lat' dir='ltr'>soedera</span> <span class='ocrx_word' id='word_1_679' title='bbox 2064 2089 2170 2129; x_wconf 89' lang='lat' dir='ltr'>iniret,</span> <span class='ocrx_word' id='word_1_680' title='bbox 2188 2087 2294 2121; x_wconf 81' lang='lat' dir='ltr'>Placi-</span> 
     </span>
     <span class='ocr_line' id='line_1_89' title="bbox 1249 2140 2295 2182; baseline -0.001 -9"><span class='ocrx_word' id='word_1_681' title='bbox 1249 2141 1401 2182; x_wconf 87' lang='lat' dir='ltr'>diamque</span> <span class='ocrx_word' id='word_1_682' title='bbox 1420 2141 1587 2181; x_wconf 85' lang='lat' dir='ltr'>reciperet.</span> <span class='ocrx_word' id='word_1_683' title='bbox 1632 2141 1689 2173; x_wconf 90' lang='lat' dir='ltr'>llle</span> <span class='ocrx_word' id='word_1_684' title='bbox 1705 2150 1781 2173; x_wconf 88' lang='lat' dir='ltr'>vero</span> <span class='ocrx_word' id='word_1_685' title='bbox 1805 2140 1976 2173; x_wconf 84' lang='lat' dir='ltr'>commode</span> <span class='ocrx_word' id='word_1_686' title='bbox 1995 2141 2115 2182; x_wconf 86' lang='lat' dir='ltr'>recepit</span> <span class='ocrx_word' id='word_1_687' title='bbox 2136 2140 2295 2180; x_wconf 83' lang='lat' dir='ltr'>missaque</span> 
     </span>
     <span class='ocr_line' id='line_1_90' title="bbox 1249 2191 2296 2233; baseline -0.001 -9"><span class='ocrx_word' id='word_1_688' title='bbox 1249 2193 1494 2225; x_wconf 78' lang='lat' dir='ltr'>frumentatione</span> <span class='ocrx_word' id='word_1_689' title='bbox 1506 2195 1730 2224; x_wconf 82' lang='lat' dir='ltr'>sexcentorum</span> <span class='ocrx_word' id='word_1_690' title='bbox 1743 2193 1880 2224; x_wconf 89' lang='lat' dir='ltr'>millium</span> <span class='ocrx_word' id='word_1_691' title='bbox 1891 2215 1901 2232; x_wconf 96' lang='lat'>,</span> <span class='ocrx_word' id='word_1_692' title='bbox 1915 2191 2051 2225; x_wconf 85' lang='lat' dir='ltr'>Placidia</span> <span class='ocrx_word' id='word_1_693' title='bbox 2066 2191 2219 2233; x_wconf 87' lang='lat' dir='ltr'>Euplutio</span> <span class='ocrx_word' id='word_1_694' title='bbox 2230 2193 2296 2223; x_wconf 87' lang='lat' dir='ltr'>tra-</span> 
     </span>
     <span class='ocr_line' id='line_1_91' title="bbox 1248 2245 1930 2286; baseline 0 -8"><span class='ocrx_word' id='word_1_695' title='bbox 1248 2246 1332 2286; x_wconf 89' lang='lat' dir='ltr'>dita,</span> <span class='ocrx_word' id='word_1_696' title='bbox 1347 2246 1386 2278; x_wconf 90' lang='lat' dir='ltr'>ad</span> <span class='ocrx_word' id='word_1_697' title='bbox 1405 2246 1584 2278; x_wconf 81' lang='lat' dir='ltr'>Honorium</span> <span class='ocrx_word' id='word_1_698' title='bbox 1599 2246 1728 2278; x_wconf 80' lang='lat' dir='ltr'>fratrem</span> <span class='ocrx_word' id='word_1_699' title='bbox 1745 2245 1930 2278; x_wconf 88' lang='lat' dir='ltr'>remittitur.</span> 
     </span>
    </p>

    <p class='ocr_par' dir='ltr' id='par_1_14' title="bbox 1248 2296 2296 2539">
     <span class='ocr_line' id='line_1_92' title="bbox 1290 2296 2295 2339; baseline -0.003 -8"><span class='ocrx_word' id='word_1_700' title='bbox 1290 2303 1342 2331; x_wconf 89' lang='lat'>32.</span> <span class='ocrx_word' id='word_1_701' title='bbox 1366 2300 1474 2336; x_wconf 91' lang='lat' dir='ltr'>Quum</span> <span class='ocrx_word' id='word_1_702' title='bbox 1498 2298 1629 2331; x_wconf 84' lang='lat' dir='ltr'>Athenis</span> <span class='ocrx_word' id='word_1_703' title='bbox 1643 2298 1761 2338; x_wconf 87' lang='lat' dir='ltr'>inquiri</span> <span class='ocrx_word' id='word_1_704' title='bbox 1775 2301 1917 2339; x_wconf 84' lang='lat' dir='ltr'>coeptum</span> <span class='ocrx_word' id='word_1_705' title='bbox 1942 2298 2023 2330; x_wconf 61' lang='lat' dir='ltr'>esset</span> <span class='ocrx_word' id='word_1_706' title='bbox 2035 2305 2177 2338; x_wconf 91' lang='lat' dir='ltr'>quonam</span> <span class='ocrx_word' id='word_1_707' title='bbox 2198 2296 2295 2328; x_wconf 89' lang='lat' dir='ltr'>modo</span> 
     </span>
     <span class='ocr_line' id='line_1_93' title="bbox 1248 2347 2296 2391; baseline -0.003 -9"><span class='ocrx_word' id='word_1_708' title='bbox 1248 2350 1457 2391; x_wconf 77' lang='lat' dir='ltr'>conglutinari</span> <span class='ocrx_word' id='word_1_709' title='bbox 1474 2351 1602 2390; x_wconf 85' lang='lat' dir='ltr'>possent</span> <span class='ocrx_word' id='word_1_710' title='bbox 1616 2349 1699 2389; x_wconf 90' lang='lat' dir='ltr'>libri,</span> <span class='ocrx_word' id='word_1_711' title='bbox 1713 2349 1834 2381; x_wconf 87' lang='lat' dir='ltr'>discere</span> <span class='ocrx_word' id='word_1_712' title='bbox 1847 2348 2066 2390; x_wconf 82' lang='lat' dir='ltr'>quaerentibus</span> <span class='ocrx_word' id='word_1_713' title='bbox 2077 2347 2211 2380; x_wconf 88' lang='lat' dir='ltr'>modum</span> <span class='ocrx_word' id='word_1_714' title='bbox 2223 2347 2296 2389; x_wconf 86' lang='lat' dir='ltr'>glu-</span> 
     </span>
     <span class='ocr_line' id='line_1_94' title="bbox 1248 2401 2296 2443; baseline -0.003 -8"><span class='ocrx_word' id='word_1_715' title='bbox 1248 2403 1322 2435; x_wconf 87' lang='lat' dir='ltr'>tinis</span> <span class='ocrx_word' id='word_1_716' title='bbox 1334 2427 1342 2442; x_wconf 93' lang='lat'>,</span> <span class='ocrx_word' id='word_1_717' title='bbox 1361 2403 1545 2443; x_wconf 82' lang='lat' dir='ltr'>Philtatius,</span> <span class='ocrx_word' id='word_1_718' title='bbox 1562 2403 1723 2443; x_wconf 90' lang='lat' dir='ltr'>scriptoris</span> <span class='ocrx_word' id='word_1_719' title='bbox 1738 2402 1833 2442; x_wconf 89' lang='lat' dir='ltr'>hujus</span> <span class='ocrx_word' id='word_1_720' title='bbox 1849 2401 2030 2442; x_wconf 77' lang='lat' dir='ltr'>familiaris,</span> <span class='ocrx_word' id='word_1_721' title='bbox 2047 2401 2081 2433; x_wconf 91' lang='lat' dir='ltr'>in</span> <span class='ocrx_word' id='word_1_722' title='bbox 2093 2410 2128 2434; x_wconf 87' lang='lat' dir='ltr'>re</span> <span class='ocrx_word' id='word_1_723' title='bbox 2143 2401 2296 2433; x_wconf 84' lang='lat' dir='ltr'>litteraria</span> 
     </span>
     <span class='ocr_line' id='line_1_95' title="bbox 1249 2453 2295 2495; baseline -0.001 -9"><span class='ocrx_word' id='word_1_724' title='bbox 1249 2455 1330 2487; x_wconf 88' lang='lat' dir='ltr'>bene</span> <span class='ocrx_word' id='word_1_725' title='bbox 1344 2455 1518 2487; x_wconf 83' lang='lat' dir='ltr'>industrius</span> <span class='ocrx_word' id='word_1_726' title='bbox 1531 2478 1540 2494; x_wconf 95' lang='lat'>,</span> <span class='ocrx_word' id='word_1_727' title='bbox 1555 2454 1694 2486; x_wconf 83' lang='lat' dir='ltr'>ostendit</span> <span class='ocrx_word' id='word_1_728' title='bbox 1712 2467 1719 2486; x_wconf 77' lang='lat' dir='ltr'><strong><em>z</em></strong></span> <span class='ocrx_word' id='word_1_729' title='bbox 1736 2462 1836 2495; x_wconf 85' lang='lat' dir='ltr'>quare</span> <span class='ocrx_word' id='word_1_730' title='bbox 1848 2455 1881 2487; x_wconf 90' lang='lat' dir='ltr'>et</span> <span class='ocrx_word' id='word_1_731' title='bbox 1894 2454 2025 2486; x_wconf 90' lang='lat' dir='ltr'>honoris</span> <span class='ocrx_word' id='word_1_732' title='bbox 2039 2453 2142 2494; x_wconf 83' lang='lat' dir='ltr'>gratia</span> <span class='ocrx_word' id='word_1_733' title='bbox 2156 2454 2295 2486; x_wconf 80' lang='lat' dir='ltr'>statuam</span> 
     </span>
     <span class='ocr_line' id='line_1_96' title="bbox 1248 2506 1576 2539; baseline -0.006 0"><span class='ocrx_word' id='word_1_734' title='bbox 1248 2507 1294 2539; x_wconf 91' lang='lat' dir='ltr'>illi</span> <span class='ocrx_word' id='word_1_735' title='bbox 1307 2506 1392 2538; x_wconf 91' lang='lat' dir='ltr'>cives</span> <span class='ocrx_word' id='word_1_736' title='bbox 1408 2506 1576 2538; x_wconf 85' lang='lat' dir='ltr'>collocant.</span> 
     </span>
    </p>

    <p class='ocr_par' dir='ltr' id='par_1_15' title="bbox 1249 2554 2300 3430">
     <span class='ocr_line' id='line_1_97' title="bbox 1291 2554 2295 2595; baseline -0.001 -6"><span class='ocrx_word' id='word_1_737' title='bbox 1291 2561 1340 2590; x_wconf 85' lang='grc'>33.</span> <span class='ocrx_word' id='word_1_738' title='bbox 1361 2559 1408 2589; x_wconf 93' lang='lat' dir='ltr'>De</span> <span class='ocrx_word' id='word_1_739' title='bbox 1433 2557 1510 2589; x_wconf 83' lang='lat' dir='ltr'>Oasi</span> <span class='ocrx_word' id='word_1_740' title='bbox 1536 2558 1648 2588; x_wconf 86' lang='lat' dir='ltr'>auctor</span> <span class='ocrx_word' id='word_1_741' title='bbox 1682 2557 1782 2589; x_wconf 89' lang='lat' dir='ltr'>multa</span> <span class='ocrx_word' id='word_1_742' title='bbox 1811 2557 1919 2588; x_wconf 89' lang='lat' dir='ltr'>narrat</span> <span class='ocrx_word' id='word_1_743' title='bbox 1949 2555 2166 2594; x_wconf 88' lang='lat' dir='ltr'>incredibilia,</span> <span class='ocrx_word' id='word_1_744' title='bbox 2191 2554 2295 2595; x_wconf 80' lang='lat' dir='ltr'>deque</span> 
     </span>
     <span class='ocr_line' id='line_1_98' title="bbox 1249 2607 2297 2650; baseline -0.003 -8"><span class='ocrx_word' id='word_1_745' title='bbox 1249 2610 1316 2650; x_wconf 89' lang='lat' dir='ltr'>ejus</span> <span class='ocrx_word' id='word_1_746' title='bbox 1340 2610 1510 2650; x_wconf 71' lang='lat' dir='ltr'>temperie,</span> <span class='ocrx_word' id='word_1_747' title='bbox 1537 2611 1568 2641; x_wconf 90' lang='lat' dir='ltr'>et</span> <span class='ocrx_word' id='word_1_748' title='bbox 1584 2609 1671 2650; x_wconf 91' lang='lat' dir='ltr'>quod</span> <span class='ocrx_word' id='word_1_749' title='bbox 1692 2618 1784 2642; x_wconf 85' lang='lat' dir='ltr'>sacro</span> <span class='ocrx_word' id='word_1_750' title='bbox 1811 2609 1854 2641; x_wconf 89' lang='lat' dir='ltr'>ihi</span> <span class='ocrx_word' id='word_1_751' title='bbox 1875 2609 1989 2640; x_wconf 88' lang='lat' dir='ltr'>morbo</span> <span class='ocrx_word' id='word_1_752' title='bbox 2010 2617 2076 2640; x_wconf 89' lang='lat' dir='ltr'>non</span> <span class='ocrx_word' id='word_1_753' title='bbox 2100 2607 2196 2640; x_wconf 88' lang='lat' dir='ltr'>modo</span> <span class='ocrx_word' id='word_1_754' title='bbox 2217 2607 2297 2640; x_wconf 85' lang='lat' dir='ltr'>nulli</span> 
     </span>
     <span class='ocr_line' id='line_1_99' title="bbox 1249 2659 2297 2700; baseline -0.002 -8"><span class='ocrx_word' id='word_1_755' title='bbox 1249 2661 1417 2700; x_wconf 85' lang='lat' dir='ltr'>laborent,</span> <span class='ocrx_word' id='word_1_756' title='bbox 1431 2660 1487 2692; x_wconf 87' lang='lat' dir='ltr'>sed</span> <span class='ocrx_word' id='word_1_757' title='bbox 1503 2660 1600 2692; x_wconf 88' lang='lat' dir='ltr'>etiam</span> <span class='ocrx_word' id='word_1_758' title='bbox 1616 2660 1709 2700; x_wconf 90' lang='lat' dir='ltr'>siqui</span> <span class='ocrx_word' id='word_1_759' title='bbox 1727 2660 1854 2692; x_wconf 88' lang='lat' dir='ltr'>aliunde</span> <span class='ocrx_word' id='word_1_760' title='bbox 1869 2659 2054 2700; x_wconf 83' lang='lat' dir='ltr'>adveniant,</span> <span class='ocrx_word' id='word_1_761' title='bbox 2070 2668 2109 2692; x_wconf 90' lang='lat' dir='ltr'>eo</span> <span class='ocrx_word' id='word_1_762' title='bbox 2123 2659 2297 2692; x_wconf 84' lang='lat' dir='ltr'>liberentur</span> 
     </span>
     <span class='ocr_line' id='line_1_100' title="bbox 1250 2710 2296 2752; baseline -0.001 -8"><span class='ocrx_word' id='word_1_763' title='bbox 1250 2712 1292 2744; x_wconf 90' lang='lat' dir='ltr'>ob</span> <span class='ocrx_word' id='word_1_764' title='bbox 1313 2711 1483 2752; x_wconf 85' lang='lat' dir='ltr'>benignam</span> <span class='ocrx_word' id='word_1_765' title='bbox 1507 2711 1590 2743; x_wconf 88' lang='lat' dir='ltr'>aeris</span> <span class='ocrx_word' id='word_1_766' title='bbox 1614 2711 1813 2751; x_wconf 87' lang='lat' dir='ltr'>temperiem.</span> <span class='ocrx_word' id='word_1_767' title='bbox 1859 2713 1907 2744; x_wconf 94' lang='lat' dir='ltr'>De</span> <span class='ocrx_word' id='word_1_768' title='bbox 1930 2711 2058 2752; x_wconf 83' lang='lat' dir='ltr'>copiosa</span> <span class='ocrx_word' id='word_1_769' title='bbox 2081 2710 2197 2743; x_wconf 86' lang='lat' dir='ltr'>deinde</span> <span class='ocrx_word' id='word_1_770' title='bbox 2221 2718 2296 2752; x_wconf 81' lang='lat' dir='ltr'>quae</span> 
     </span>
     <span class='ocr_line' id='line_1_101' title="bbox 1250 2763 2294 2805; baseline -0.003 -8"><span class='ocrx_word' id='word_1_771' title='bbox 1250 2765 1367 2797; x_wconf 89' lang='lat' dir='ltr'>ibidem</span> <span class='ocrx_word' id='word_1_772' title='bbox 1389 2766 1437 2797; x_wconf 90' lang='lat' dir='ltr'>est</span> <span class='ocrx_word' id='word_1_773' title='bbox 1452 2773 1568 2803; x_wconf 88' lang='lat' dir='ltr'>arena,</span> <span class='ocrx_word' id='word_1_774' title='bbox 1595 2764 1700 2805; x_wconf 87' lang='lat' dir='ltr'>deque</span> <span class='ocrx_word' id='word_1_775' title='bbox 1726 2764 1830 2804; x_wconf 88' lang='lat' dir='ltr'>puteis</span> <span class='ocrx_word' id='word_1_776' title='bbox 1856 2763 2162 2804; x_wconf 68' lang='lat' dir='ltr'>(Atrebatensa&#39;bus</span> <span class='ocrx_word' id='word_1_777' title='bbox 2177 2763 2210 2805; x_wconf 91' lang='lat'>),</span> <span class='ocrx_word' id='word_1_778' title='bbox 2235 2765 2294 2804; x_wconf 85' lang='lat' dir='ltr'>qul</span> 
     </span>
     <span class='ocr_line' id='line_1_102' title="bbox 1252 2816 2296 2856; baseline -0.001 -7"><span class='ocrx_word' id='word_1_779' title='bbox 1252 2818 1387 2850; x_wconf 73' lang='lat' dir='ltr'>fossione</span> <span class='ocrx_word' id='word_1_780' title='bbox 1402 2817 1442 2849; x_wconf 90' lang='lat' dir='ltr'>ad</span> <span class='ocrx_word' id='word_1_781' title='bbox 1458 2817 1612 2849; x_wconf 90' lang='lat' dir='ltr'>ducentos</span> <span class='ocrx_word' id='word_1_782' title='bbox 1623 2818 1655 2848; x_wconf 89' lang='lat' dir='ltr'>et</span> <span class='ocrx_word' id='word_1_783' title='bbox 1667 2818 1825 2848; x_wconf 86' lang='lat' dir='ltr'>trecentos</span> <span class='ocrx_word' id='word_1_784' title='bbox 1837 2840 1846 2856; x_wconf 94' lang='lat'>‚</span> <span class='ocrx_word' id='word_1_785' title='bbox 1862 2825 2093 2856; x_wconf 85' lang='lat' dir='ltr'>nonnunquam</span> <span class='ocrx_word' id='word_1_786' title='bbox 2105 2825 2182 2848; x_wconf 86' lang='lat' dir='ltr'>vero</span> <span class='ocrx_word' id='word_1_787' title='bbox 2197 2816 2296 2848; x_wconf 79' lang='lat' dir='ltr'>etiam</span> 
     </span>
     <span class='ocr_line' id='line_1_103' title="bbox 1253 2867 2295 2910; baseline -0.002 -9"><span class='ocrx_word' id='word_1_788' title='bbox 1253 2869 1292 2901; x_wconf 89' lang='lat' dir='ltr'>ad</span> <span class='ocrx_word' id='word_1_789' title='bbox 1311 2870 1500 2910; x_wconf 82' lang='lat' dir='ltr'>quingentos</span> <span class='ocrx_word' id='word_1_790' title='bbox 1513 2869 1638 2900; x_wconf 88' lang='lat' dir='ltr'>cubitos</span> <span class='ocrx_word' id='word_1_791' title='bbox 1651 2868 1747 2908; x_wconf 86' lang='lat' dir='ltr'>facta,</span> <span class='ocrx_word' id='word_1_792' title='bbox 1760 2868 1960 2908; x_wconf 85' lang='lat' dir='ltr'>scaturiginis</span> <span class='ocrx_word' id='word_1_793' title='bbox 1975 2868 2060 2900; x_wconf 89' lang='lat' dir='ltr'>rivos</span> <span class='ocrx_word' id='word_1_794' title='bbox 2069 2876 2125 2908; x_wconf 88' lang='lat' dir='ltr'>per</span> <span class='ocrx_word' id='word_1_795' title='bbox 2139 2867 2295 2900; x_wconf 86' lang='lat' dir='ltr'>orificium</span> 
     </span>
     <span class='ocr_line' id='line_1_104' title="bbox 1253 2918 2298 2960; baseline -0.003 -7"><span class='ocrx_word' id='word_1_796' title='bbox 1253 2921 1423 2953; x_wconf 74' lang='lat' dir='ltr'>effundunt</span> <span class='ocrx_word' id='word_1_797' title='bbox 1443 2930 1452 2952; x_wconf 78' lang='lat'>2</span> <span class='ocrx_word' id='word_1_798' title='bbox 1471 2920 1556 2952; x_wconf 86' lang='lat' dir='ltr'>unde</span> <span class='ocrx_word' id='word_1_799' title='bbox 1575 2928 1630 2960; x_wconf 91' lang='lat' dir='ltr'>per</span> <span class='ocrx_word' id='word_1_800' title='bbox 1646 2919 1731 2951; x_wconf 65' lang='lat' dir='ltr'>vicos</span> <span class='ocrx_word' id='word_1_801' title='bbox 1753 2919 1792 2959; x_wconf 90' lang='lat' dir='ltr'>ii,</span> <span class='ocrx_word' id='word_1_802' title='bbox 1818 2919 1872 2959; x_wconf 86' lang='lat' dir='ltr'>qui</span> <span class='ocrx_word' id='word_1_803' title='bbox 1901 2919 2064 2951; x_wconf 89' lang='lat' dir='ltr'>communi</span> <span class='ocrx_word' id='word_1_804' title='bbox 2089 2918 2198 2951; x_wconf 88' lang='lat' dir='ltr'>labore</span> <span class='ocrx_word' id='word_1_805' title='bbox 2217 2927 2298 2960; x_wconf 84' lang='lat' dir='ltr'>opus</span> 
     </span>
     <span class='ocr_line' id='line_1_105' title="bbox 1254 2971 2298 3014; baseline -0.002 -9"><span class='ocrx_word' id='word_1_806' title='bbox 1254 2974 1410 3014; x_wconf 81' lang='lat' dir='ltr'>fecerunt,</span> <span class='ocrx_word' id='word_1_807' title='bbox 1424 2972 1589 3012; x_wconf 89' lang='lat' dir='ltr'>hauriunt,</span> <span class='ocrx_word' id='word_1_808' title='bbox 1605 2973 1638 3004; x_wconf 87' lang='lat' dir='ltr'>et</span> <span class='ocrx_word' id='word_1_809' title='bbox 1655 2980 1732 3004; x_wconf 88' lang='lat' dir='ltr'>arva</span> <span class='ocrx_word' id='word_1_810' title='bbox 1747 2980 1805 3004; x_wconf 87' lang='lat' dir='ltr'>sua</span> <span class='ocrx_word' id='word_1_811' title='bbox 1826 2972 1940 3012; x_wconf 83' lang='lat' dir='ltr'>rigant,</span> <span class='ocrx_word' id='word_1_812' title='bbox 1958 2971 2118 3011; x_wconf 82' lang='lat' dir='ltr'>agricolae.</span> <span class='ocrx_word' id='word_1_813' title='bbox 2163 2971 2298 3004; x_wconf 76' lang='lat' dir='ltr'>Arbores</span> 
     </span>
     <span class='ocr_line' id='line_1_106' title="bbox 1255 3023 2298 3068; baseline -0.004 -9"><span class='ocrx_word' id='word_1_814' title='bbox 1255 3028 1408 3068; x_wconf 87' lang='lat' dir='ltr'>perpetuo</span> <span class='ocrx_word' id='word_1_815' title='bbox 1430 3025 1472 3058; x_wconf 90' lang='lat' dir='ltr'>ibi</span> <span class='ocrx_word' id='word_1_816' title='bbox 1496 3034 1591 3066; x_wconf 86' lang='lat' dir='ltr'>poma</span> <span class='ocrx_word' id='word_1_817' title='bbox 1615 3026 1697 3058; x_wconf 82' lang='lat' dir='ltr'>ferre</span> <span class='ocrx_word' id='word_1_818' title='bbox 1721 3026 1754 3057; x_wconf 89' lang='lat' dir='ltr'>et</span> <span class='ocrx_word' id='word_1_819' title='bbox 1779 3025 1976 3056; x_wconf 79' lang='lat' dir='ltr'>frumentum</span> <span class='ocrx_word' id='word_1_820' title='bbox 1995 3023 2057 3056; x_wconf 90' lang='lat' dir='ltr'>illic</span> <span class='ocrx_word' id='word_1_821' title='bbox 2076 3025 2188 3056; x_wconf 78' lang='lat' dir='ltr'>natum</span> <span class='ocrx_word' id='word_1_822' title='bbox 2210 3023 2298 3056; x_wconf 84' lang='lat' dir='ltr'>omni</span> 
     </span>
     <span class='ocr_line' id='line_1_107' title="bbox 1255 3074 2299 3118; baseline -0.005 -7"><span class='ocrx_word' id='word_1_823' title='bbox 1255 3079 1415 3111; x_wconf 80' lang='lat' dir='ltr'>frumento</span> <span class='ocrx_word' id='word_1_824' title='bbox 1425 3086 1492 3110; x_wconf 88' lang='lat' dir='ltr'>esse</span> <span class='ocrx_word' id='word_1_825' title='bbox 1501 3076 1702 3118; x_wconf 77' lang='lat' dir='ltr'>praestantius</span> <span class='ocrx_word' id='word_1_826' title='bbox 1711 3077 1848 3116; x_wconf 90' lang='lat' dir='ltr'>niveque</span> <span class='ocrx_word' id='word_1_827' title='bbox 1857 3075 2032 3107; x_wconf 87' lang='lat' dir='ltr'>candidius.</span> <span class='ocrx_word' id='word_1_828' title='bbox 2076 3074 2240 3107; x_wconf 83' lang='lat' dir='ltr'>Interdum</span> <span class='ocrx_word' id='word_1_829' title='bbox 2252 3074 2299 3106; x_wconf 86' lang='lat' dir='ltr'>bis</span> 
     </span>
     <span class='ocr_line' id='line_1_108' title="bbox 1256 3128 2297 3172; baseline -0.004 -9"><span class='ocrx_word' id='word_1_830' title='bbox 1256 3131 1426 3172; x_wconf 87' lang='lat' dir='ltr'>quotannis</span> <span class='ocrx_word' id='word_1_831' title='bbox 1451 3130 1607 3162; x_wconf 87' lang='lat' dir='ltr'>hordeum</span> <span class='ocrx_word' id='word_1_832' title='bbox 1626 3129 1669 3161; x_wconf 86' lang='lat' dir='ltr'>ihi</span> <span class='ocrx_word' id='word_1_833' title='bbox 1693 3129 1772 3169; x_wconf 87' lang='lat' dir='ltr'>seri,</span> <span class='ocrx_word' id='word_1_834' title='bbox 1786 3129 1912 3160; x_wconf 90' lang='lat' dir='ltr'>milium</span> <span class='ocrx_word' id='word_1_835' title='bbox 1929 3128 2038 3159; x_wconf 88' lang='lat' dir='ltr'>autem</span> <span class='ocrx_word' id='word_1_836' title='bbox 2060 3128 2214 3168; x_wconf 86' lang='lat' dir='ltr'>perpetuo</span> <span class='ocrx_word' id='word_1_837' title='bbox 2237 3128 2297 3159; x_wconf 86' lang='lat' dir='ltr'>ter.</span> 
     </span>
     <span class='ocr_line' id='line_1_109' title="bbox 1256 3178 2299 3223; baseline -0.005 -8"><span class='ocrx_word' id='word_1_838' title='bbox 1256 3183 1367 3223; x_wconf 83' lang='lat' dir='ltr'>Rigare</span> <span class='ocrx_word' id='word_1_839' title='bbox 1385 3183 1505 3214; x_wconf 87' lang='lat' dir='ltr'>incolas</span> <span class='ocrx_word' id='word_1_840' title='bbox 1519 3181 1647 3213; x_wconf 87' lang='lat' dir='ltr'>ruscula</span> <span class='ocrx_word' id='word_1_841' title='bbox 1662 3189 1720 3213; x_wconf 84' lang='lat' dir='ltr'>sua</span> <span class='ocrx_word' id='word_1_842' title='bbox 1732 3181 1843 3212; x_wconf 82' lang='lat' dir='ltr'>aestate</span> <span class='ocrx_word' id='word_1_843' title='bbox 1859 3180 1954 3211; x_wconf 83' lang='lat' dir='ltr'>tertio</span> <span class='ocrx_word' id='word_1_844' title='bbox 1971 3187 2100 3219; x_wconf 88' lang='lat' dir='ltr'>quoque</span> <span class='ocrx_word' id='word_1_845' title='bbox 2116 3178 2180 3219; x_wconf 89' lang='lat' dir='ltr'>die,</span> <span class='ocrx_word' id='word_1_846' title='bbox 2194 3178 2299 3210; x_wconf 81' lang='lat' dir='ltr'>hiemo</span> 
     </span>
     <span class='ocr_line' id='line_1_110' title="bbox 1257 3229 2300 3274; baseline -0.006 -7"><span class='ocrx_word' id='word_1_847' title='bbox 1257 3237 1349 3267; x_wconf 82' lang='lat' dir='ltr'>sexto</span> <span class='ocrx_word' id='word_1_848' title='bbox 1360 3258 1368 3273; x_wconf 97' lang='lat'>,</span> <span class='ocrx_word' id='word_1_849' title='bbox 1380 3235 1476 3274; x_wconf 91' lang='lat' dir='ltr'>atque</span> <span class='ocrx_word' id='word_1_850' title='bbox 1490 3233 1563 3264; x_wconf 90' lang='lat' dir='ltr'>hinc</span> <span class='ocrx_word' id='word_1_851' title='bbox 1575 3233 1697 3264; x_wconf 87' lang='lat' dir='ltr'>tantam</span> <span class='ocrx_word' id='word_1_852' title='bbox 1710 3234 1804 3264; x_wconf 81' lang='lat' dir='ltr'>terrae</span> <span class='ocrx_word' id='word_1_853' title='bbox 1818 3231 2014 3263; x_wconf 81' lang='lat' dir='ltr'>fertilitatem</span> <span class='ocrx_word' id='word_1_854' title='bbox 2027 3229 2197 3262; x_wconf 81' lang='lat' dir='ltr'>conciliari.</span> <span class='ocrx_word' id='word_1_855' title='bbox 2212 3231 2300 3262; x_wconf 83' lang='lat' dir='ltr'>Nun-</span> 
     </span>
     <span class='ocr_line' id='line_1_111' title="bbox 1258 3281 2294 3328; baseline -0.006 -9"><span class='ocrx_word' id='word_1_856' title='bbox 1258 3296 1355 3328; x_wconf 85' lang='lat' dir='ltr'>quam</span> <span class='ocrx_word' id='word_1_857' title='bbox 1373 3286 1418 3318; x_wconf 90' lang='lat' dir='ltr'>ibi</span> <span class='ocrx_word' id='word_1_858' title='bbox 1432 3286 1548 3317; x_wconf 81' lang='lat' dir='ltr'>coelum</span> <span class='ocrx_word' id='word_1_859' title='bbox 1563 3284 1664 3316; x_wconf 86' lang='lat' dir='ltr'>nubes</span> <span class='ocrx_word' id='word_1_860' title='bbox 1676 3283 1872 3316; x_wconf 90' lang='lat' dir='ltr'>contrahere.</span> <span class='ocrx_word' id='word_1_861' title='bbox 1892 3281 1940 3315; x_wconf 83' lang='lat' dir='ltr'>Ad</span> <span class='ocrx_word' id='word_1_862' title='bbox 1954 3282 2024 3314; x_wconf 89' lang='lat' dir='ltr'>haec</span> <span class='ocrx_word' id='word_1_863' title='bbox 2046 3281 2087 3314; x_wconf 90' lang='lat' dir='ltr'>de</span> <span class='ocrx_word' id='word_1_864' title='bbox 2109 3282 2294 3322; x_wconf 85' lang='lat' dir='ltr'>horologiis,</span> 
     </span>
     <span class='ocr_line' id='line_1_112' title="bbox 1258 3332 2296 3379; baseline -0.007 -9"><span class='ocrx_word' id='word_1_865' title='bbox 1258 3347 1332 3379; x_wconf 84' lang='lat' dir='ltr'>quae</span> <span class='ocrx_word' id='word_1_866' title='bbox 1350 3337 1466 3369; x_wconf 88' lang='lat' dir='ltr'>ibidem</span> <span class='ocrx_word' id='word_1_867' title='bbox 1490 3336 1713 3368; x_wconf 76' lang='lat' dir='ltr'>conficiuntur.</span> <span class='ocrx_word' id='word_1_868' title='bbox 1760 3335 1868 3366; x_wconf 87' lang='lat' dir='ltr'>oasim</span> <span class='ocrx_word' id='word_1_869' title='bbox 1885 3333 2043 3365; x_wconf 87' lang='lat' dir='ltr'>memorat</span> <span class='ocrx_word' id='word_1_870' title='bbox 2064 3333 2202 3364; x_wconf 87' lang='lat' dir='ltr'>insulam</span> <span class='ocrx_word' id='word_1_871' title='bbox 2221 3332 2296 3363; x_wconf 89' lang='lat' dir='ltr'>olim</span> 
     </span>
     <span class='ocr_line' id='line_1_113' title="bbox 1259 3383 2297 3430; baseline -0.007 -8"><span class='ocrx_word' id='word_1_872' title='bbox 1259 3390 1373 3429; x_wconf 82' lang='lat' dir='ltr'>fuisse,</span> <span class='ocrx_word' id='word_1_873' title='bbox 1387 3391 1483 3430; x_wconf 87' lang='lat' dir='ltr'>atque</span> <span class='ocrx_word' id='word_1_874' title='bbox 1497 3397 1516 3420; x_wconf 84' lang='lat' dir='ltr'>a</span> <span class='ocrx_word' id='word_1_875' title='bbox 1538 3387 1720 3419; x_wconf 84' lang='lat' dir='ltr'>continente</span> <span class='ocrx_word' id='word_1_876' title='bbox 1733 3385 1909 3425; x_wconf 87' lang='lat' dir='ltr'>divulsam,</span> <span class='ocrx_word' id='word_1_877' title='bbox 1926 3384 2123 3425; x_wconf 85' lang='lat' dir='ltr'>eandemque</span> <span class='ocrx_word' id='word_1_878' title='bbox 2138 3383 2178 3416; x_wconf 87' lang='lat' dir='ltr'>ab</span> <span class='ocrx_word' id='word_1_879' title='bbox 2195 3385 2297 3416; x_wconf 82' lang='lat' dir='ltr'>Hero·</span> 
     </span>
    </p>
   </div>
  </div>
 </body>
</html>
