2326 3724
138 251 228 303 ⁴250

150 350 426 424 Περσαρμενίοις
439 350 581 394 καιτοὶς
593 350 887 403 μεταχωρήσασιν
900 352 1057 405 ’16ήρων.
1071 353 1191 403 Ὀμω·

148 409 249 459 μόκει
272 408 339 462 γὰρ
365 411 382 447 ὁ
403 408 617 461 βασιλευς,(
601 425 645 453 ως
665 409 812 448 καθόσον
833 404 977 448 οἶόντέ’
962 427 1055 449 εστιν
1077 413 1191 463 αὐτῷ,

147 467 287 506 ἅπαντα
322 468 540 514 ἀνακινήσειν
572 469 716 520 τρόπον,
754 471 800 512 ὡς
835 469 878 507 ἂν
914 485 974 507 και
1006 469 1116 517 αὐτήν
1152 487 1191 522 γε

148 525 261 572 δήπου
281 525 344 573 τὴν
365 526 584 579 θρεψαμένην
606 533 694 579 σφᾶς
721 526 905 573 ποιήσεται
932 529 1141 580 ὑποχείριον·
1163 531 1192 567 εἷ

148 584 187 622 δέ
207 600 247 636 γε
275 584 359 637 ἄχρι
386 584 502 629 τέλους
521 584 595 623 οὔτι
619 584 732 624 ἔσοιτο
761 586 903 630 δυνατὸς
931 586 1015 638 πρὸς
1042 587 1100 624 τὸν
1128 587 1192 625 πό-

146 644 253 693 λεμον
271 643 431 691 ἀνθέξειν,
449 643 541 682 ἀλλὰ
557 643 634 688 τοὺς
654 644 783 688 αἷτίους
802 647 864 691 τῆς
884 645 1112 689 ἀποστάσεως
1133 647 1192 683 καὶ

146 701 224 745 τοὺς
242 704 292 754 τῷ
310 701 435 752 αἵματί
449 717 546 756 σφισι
560 703 799 755 προσήκοντας
810 732 821 754 ,
837 702 1018 748 ξυνελόντα
1034 702 1070 741 δὲ
1086 705 1194 742 εἰπεῖν

147 760 225 806 τοὺς
251 761 325 800 ὅσοι
348 761 532 813 βούλονται
553 762 758 811 Ῥωμαϊκῆς
784 763 972 815 μετασχεῖν
998 762 1200 811 πολιτείας,

147 821 185 858 οὗ
197 820 338 858 πώποτε
353 819 558 867 ποιήσεσθαι
572 821 744 864 ἐκδότους.
761 820 899 860 Ἐδόκει
912 821 1019 859 δὲκαὶ
1032 824 1195 873 βασιλευς

146 881 165 916 ὃ
186 881 333 952 Περσῶν
365 879 511 926 ἥδεσθαι
546 879 603 918 ἐπὶ
635 881 768 927 τοῖσδε,
788 882 835 924 ὣς
865 879 907 918 ἂν
936 879 1110 930 Ῥωμαῖοι
1131 897 1173 931 με

147 938 371 984 ἐκστήσοιντο
384 941 445 983 τῆς
459 938 725 990 Περσαρμενίας
738 954 775 976 τε
790 954 849 976 και
859 938 1025 1013 ’[(6ηρίας,
1038 938 1194 983 ἐξουσίαν

147 996 184 1034 δὲ
210 996 310 1040 αὐτὸς
339 996 546 1049 προσνέμοι,
564 997 642 1036 ὅποι
665 997 839 1036 ἐθέλουσιν
865 999 895 1035 οἱ
916 998 998 1049 τῇδε
1018 997 1195 1050 οἰκήτορες

146 1055 256 1102 ἰέναι,
271 1056 346 1094 οὔτι
375 1055 444 1093 ἀπὸ
459 1055 587 1108 τρόπου
604 1071 642 1107 γε
659 1060 770 1104 οἶμαι.
786 1055 982 1094 Ἧπίστατο
998 1055 1085 1107 γὰρ,
1101 1056 1194 1103 πλὴν

145 1112 328 1163 ὀλιγίστων
350 1129 418 1150 των
439 1129 473 1150 εν
495 1113 604 1160 τέλει,
622 1112 655 1151 οἳ
671 1116 731 1160 τῆς
751 1112 978 1157 ἀποστάσεως
1006 1108 1166 1166 ἠρξαν,
1148 1131 1194 1158 ως

146 1170 256 1214 οὐδεὶς
288 1171 562 1223 Περσαρμενίων
588 1171 648 1210 καὶ
669 1171 833 1223 Ἰὅήρων,
859 1171 955 1224 πόθῳ
982 1175 1043 1218 τ’ῆς
1062 1175 1194 1226 θρεψα-

146 1227 252 1278 μένης
268 1228 303 1272 ὃς
322 1228 423 1281 φύσει
439 1231 509 1273 τοῖς
525 1230 718 1282 ἀνθρώποις
736 1230 880 1275 ἐνιζοίνει
896 1245 934 1268 τε
953 1230 1013 1268 καὶ
1034 1247 1194 1283 προσπε-

145 1302 273 1337 πηγεν,
297 1288 572 1326 ἀνασκευάσοιτο
599 1290 632 1332 ἐς
652 1288 715 1335 τὴν
742 1289 891 1330 ὀθνείαν.
918 1288 1053 1334 Ἄλλως
1076 1306 1113 1328 τε
1133 1290 1192 1328 καὶ

146 1344 221 1395 ἅμα
239 1346 364 1392 ἤλπιζε
376 1378 385 1394 ,
401 1350 460 1385 τοῦ
475 1347 630 1399 πολέμου
647 1347 875 1401 λωφήσαντος
897 1349 931 1386 ἐν
950 1348 1059 1386 δέοντι
1076 1348 1194 1387 θέσθαι

144 1402 189 1441 τὰ
209 1404 477 1456 Περσαρμενίας
495 1421 533 1443 τε
552 1406 612 1444 καὶ
635 1406 807 1459 Ἰὸηρίας·
829 1405 905 1444 αἵδε
931 1405 999 1459 γὰρ
1030 1408 1124 1459 αὖτῳ
1158 1423 1193 1445 αι

144 1464 261 1513 χῶραι
277 1462 460 1516 πάμφοροί
477 1479 514 1502 τε
543 1466 717 1516 ὑπῆρχον,
740 1465 799 1503 καὶ
816 1466 966 1503 πλεῖστα
996 1465 1088 1503 ἐσότι
1114 1466 1192 1503 ἐδα-

144 1520 354 1573 σμοφόρουν.
385 1524 576 1575 Τοιγαροῦν
610 1523 668 1561 διὰ
701 1528 812 1562 ταῦτα
835 1523 1002 1576 ἠρέσκετο
1033 1523 1195 1574 βασιλεὺς

145 1580 293 1632 Περσῶν
314 1579 370 1618 ἐπὶ
389 1582 503 1618 τοῖσδε
517 1581 573 1618 τὸν
588 1583 741 1631 πόλεμον
760 1582 988 1622 καταθέσθαι.
1010 1585 1193 1635 Προσηλθε

144 1636 180 1674 δὲ
199 1639 248 1690 τῷ
271 1637 426 1690 Καίσαρι
447 1639 677 1690 διανοεῖσθαι,
696 1642 741 1683 ὡς
766 1639 807 1678 ἂν
832 1640 871 1678 τὸ
893 1641 1013 1679 λοιπὸν
1035 1642 1191 1692 μηδεμία

144 1696 370 1736 ὑπολείποιτο
391 1700 450 1735 τοῦ
474 1697 630 1748 πολέμου
651 1698 764 1746 αἰτία,
781 1702 843 1745 τ’ἧς
862 1699 1132 1752 Περσαρμενίας
1156 1717 1192 1739 τε

142 1754 203 1792 καὶ
224 1754 378 1807 ’16ηρίας
411 1755 510 1794 ἕκατι
542 1755 606 1803 τὴν
639 1756 740 1795 πόλιν
773 1757 812 1795 τὸ
843 1758 961 1810 Δάρας
980 1758 1079 1810 παρὰ
1098 1774 1192 1812 σφων

143 1813 414 1866 ἀντιλήψεσθαι,
440 1813 570 1860 ἥκιστα
601 1814 663 1866 μὲν
696 1819 755 1854 τοῦ
787 1817 975 1864 κερδαλέου
1003 1817 1120 1868 χάριν·
1154 1820 1192 1856 οὐ

141 1870 208 1923 γὰρ
229 1872 270 1919 δή
293 1888 325 1910 τι
357 1872 394 1910 τὸ
427 1873 545 1925 Δάρας
567 1877 589 1921 ἡ
611 1873 709 1918 πόλις
741 1876 774 1918 ἐς
800 1873 914 1928 ε’τερόν
936 1891 970 1912 τι
990 1876 1194 1949 ὀνησιφόρος

141 1931 164 1976 ἢ
185 1932 235 1968 τῶ
253 1931 538 1984 ἀσφαλέστατα”
520 1947 611 1984 εχειν
629 1948 690 1970 και
710 1936 772 1980 τῆς
788 1933 857 1971 ὑπὸ
883 1933 1119 1984 Ῥωμαίους(
1105 1934 1194 1988 εῴας

142 1988 239 2028 ὥσπε
226 2006 262 2042 ρ
286 2006 319 2028 τι
340 1989 451 2043 ἔρυμα
476 1991 751 2043 προὸεὸλῆσθαι.
773 1990 869 2041 Ἅμα
890 1996 948 2031 οὐν
965 1992 1004 2031 τὸ
1025 1992 1192 2045 ἀτύχημα

142 2047 335 2086 ἀκέσασθαι
357 2049 564 2100 βουλόμενος
592 2066 641 2087 τυ
667 2049 901 2103 ἀπειληφέναι
927 2050 1128 2101 “Ρωμαιους
1148 2051 1191 2090 τὰ

141 2159 326 2192 conditione
342 2169 453 2200 pacem
464 2161 655 2193 servandam
665 2186 674 2202 ,
689 2162 748 2194 nisi
760 2162 898 2194 liberum
913 2163 952 2194 sit
967 2164 1194 2196 Persarmeniis

142 2213 174 2244 et
194 2211 314 2252 lberis,
334 2212 390 2252 qui
409 2221 501 2244 suam
517 2212 654 2253 patriam
682 2213 888 2254 reliquerint,
910 2214 950 2246 ad
971 2217 1192 2247 Romanorum

143 2265 249 2303 partes
263 2263 411 2296 transire.
437 2264 564 2296 Etenim
581 2264 727 2297 Tiberius
741 2267 850 2297 Caesar
865 2266 999 2298 maximi
1014 2267 1128 2299 merito
1145 2268 1192 2299 sa-

141 2317 245 2348 ciebat
261 2326 298 2348 ea
313 2319 512 2350 sacramenta
534 2327 607 2358 qnae
633 2318 675 2350 ab
692 2318 884 2359 imperatore
905 2322 924 2352 J
929 2322 1033 2352 ustino
1051 2322 1193 2361 praestita

142 2370 232 2399 erant
248 2369 474 2401 Persarmeniis
490 2371 521 2401 et
541 2369 657 2410 lber-is,
681 2371 736 2411 qui
753 2371 794 2402 ad
812 2373 974 2403 Romanos
998 2373 1190 2405 defecerant.

141 2421 310 2452 ,iuraverat
321 2421 405 2452 enim
417 2421 590 2460 imperator
597 2422 684 2453 omni
696 2431 756 2462 ope
769 2431 802 2454 se
813 2424 1014 2463 annisurum,
1026 2426 1062 2455 ut
1072 2425 1192 2456 terram

141 2480 215 2512 quae
228 2471 312 2512 ipsos
324 2472 459 2511 aluerat,
476 2481 542 2503 suae
557 2473 686 2504 ditionis
699 2474 850 2506 efiiceret.
870 2475 991 2512 Quodsi
1014 2485 1083 2507 rem
1101 2477 1191 2508 illam

141 2525 274 2564 exsequi
285 2526 318 2556 et
329 2524 414 2556 bello
428 2524 523 2556 finem
538 2525 700 2565 imponere
714 2535 776 2558 non
791 2529 914 2567 posset,
929 2530 1075 2560 auctores
1085 2531 1193 2560 tamen

142 2574 328 2607 desectionis
350 2584 528 2616 eorumque
552 2577 766 2617 propinquos,
798 2579 830 2609 et
856 2580 1046 2618 generaliter
1067 2589 1121 2612 eos
1138 2581 1191 2621 qui

141 2629 294 2663 Romanae
321 2628 506 2669 reipublicae
532 2629 701 2669 participes
720 2639 788 2662 esse
813 2631 944 2670 vellent,
971 2641 1005 2663 se
1026 2642 1192 2673 nunqnam

142 2680 246 2712 Persis
259 2680 458 2712 dediturum.
475 2681 574 2712 Grata
587 2682 618 2713 et
629 2681 771 2721 jucunda
786 2691 836 2714 res
851 2685 1019 2714 Persarum
1037 2685 1101 2724 regi
1114 2694 1192 2716 con-

142 2732 228 2773 tigit,
244 2734 406 2764 Romanos
422 2732 573 2764 Armenia
589 2734 621 2764 et
639 2733 741 2765 Iberia
754 2734 866 2765 cedere
877 2758 886 2774 ,
905 2735 1001 2766 modo
1016 2736 1129 2767 barum
1147 2745 1192 2768 re·

142 2785 276 2824 gionum
292 2784 423 2824 incolis,
441 2793 506 2824 quo
522 2784 642 2816 vellent
656 2785 702 2816 ire
722 2785 901 2817 habitatum
913 2809 921 2824 ,
938 2787 1128 2826 potestatem
1147 2789 1192 2819 sa-

142 2837 239 2868 ceret.
256 2838 322 2868 Nec
337 2836 405 2867 sine
431 2836 576 2874 ratione,
603 2845 676 2868 meo
692 2836 824 2877 quidem
841 2837 973 2877 Judicio.
1003 2839 1086 2870 Satis
1108 2840 1193 2871 enim

142 2889 288 2926 noverat,
305 2887 415 2927 paneis
427 2887 570 2928 exceptis
589 2897 630 2920 ex
646 2889 854 2929 principibus,
866 2889 922 2929 qui
944 2889 1131 2922 defectionis
1153 2891 1193 2922 ad

143 2941 303 2971 Romanos
317 2941 464 2972 auctores
490 2941 634 2980 fuerant,
652 2941 720 2973 tore
745 2942 782 2973 ut
807 2941 922 2982 reliqui
941 2948 1050 2974 amore
1065 2944 1098 2974 et
1113 2943 1194 2975 desi—

142 2991 231 3024 derio
251 2993 345 3024 terrae
364 2992 484 3024 altricis
496 2994 581 3034 capti
600 2994 684 3034 (hoc
703 2994 788 3026 enim
807 2995 924 3026 natura
937 2995 1086 3027 omnibus
1103 2996 1190 3027 inna-

143 3045 215 3075 tum
241 3043 310 3082 est)
336 3043 469 3076 minime
490 3044 530 3076 ad
546 3046 674 3077 exteros
692 3045 918 3086 demigrarent.
944 3048 979 3078 ln
995 3055 1084 3086 spem
1098 3047 1194 3078 etiam

143 3094 376 3134 adducebatur,
391 3095 475 3127 bello
496 3097 598 3136 posito
611 3097 643 3128 in
657 3097 910 3129 commodiorem
925 3099 1045 3130 statum
1061 3107 1111 3130 res
1123 3102 1194 3130 Per-

143 3146 312 3178 sarmeniae
325 3147 357 3178 et
379 3146 492 3179 Iberiae
512 3148 678 3180 redactum
695 3149 746 3182 iri.
764 3151 845 3181 Nam
866 3150 916 3182 bae
942 3150 1086 3191 regiones
1103 3152 1195 3183 erant

144 3198 302 3229 soeeundae
313 3199 346 3230 et
361 3200 523 3239 omnium,
540 3209 614 3240 quae
629 3201 669 3232 ad
682 3202 782 3233 vitam
805 3202 984 3234 necessaria
1001 3205 1094 3241 sunt,
1112 3204 1194 3235 sera·

145 3258 197 3281 ces
206 3274 215 3290 ,
229 3249 315 3281 unde
324 3250 429 3290 ampla
438 3250 559 3282 tributa
573 3253 604 3283 et
616 3252 782 3292 vectigalia
795 3254 899 3294 colligi
910 3255 1069 3294 poterant.
1081 3255 1195 3295 ltaque

145 3303 313 3333 Persarum
326 3301 393 3341 regi
416 3302 535 3341 placuit
555 3302 604 3334 bis
623 3304 859 3336 conditionibus
874 3314 894 3337 a
907 3306 990 3337 bello
1016 3306 1192 3339 discedere.

145 3354 194 3387 Ad
207 3354 296 3394 haec,
313 3363 354 3386 ne
369 3363 434 3395 qua
450 3355 482 3386 in
505 3356 667 3396 posterum
691 3358 825 3390 restaret
849 3358 924 3390 belli
937 3367 1033 3391 causa
1046 3383 1055 3399 ,
1073 3360 1193 3391 Caesari

145 3407 233 3440 venit
246 3407 278 3438 in
291 3407 433 3439 mentem
447 3408 588 3447 cogitare
599 3433 607 3448 ‚
623 3410 660 3441 ut
672 3418 731 3450 pro
747 3411 963 3443 Persarmenia
976 3413 1008 3443 et
1023 3412 1126 3444 Iberia
1137 3421 1194 3453 op-

146 3458 256 3500 pidum
272 3460 372 3492 Daras
392 3467 411 3491 a
431 3459 533 3492 Persis
555 3460 695 3493 vicissim
712 3461 871 3502 acciperet
890 3475 897 3494 z
914 3471 978 3495 non
997 3463 1085 3503 quod
1099 3463 1132 3495 in
1157 3473 1194 3496 eo

1159 822 1168 838 ἱ

1161 882 1194 918 ’ν

1161 1232 1170 1246 Ι

1099 1409 1121 1417 ⁰⁹
1181 1409 1192 1423 e

1111 1586 1131 1594 ,ε

1149 1762 1170 1770 ...

896 266 1173 306 MENANDRI
1205 267 1553 311 PBOTECTORIS

1257 355 1385 403 οἰκεῖα,
1405 355 1481 406 ἅμα
1501 354 1536 394 δὲ
1554 372 1613 394 και
1634 356 1766 407 μηδένα
1785 360 1956 410 σπινθηρα
1973 374 2031 397 του
2053 360 2208 410 πολεμου
2229 375 2298 399 κα-

1253 415 1411 451 ταλιπεῖν
1432 413 1607 461 ἐθέλυ)ν,”
1589 431 1676 466 εγνι)
1696 415 1945 454 ἀνασωσασθαι
1965 416 2004 455 τὸ
2023 416 2139 478 Δάρας
2162 418 2185 465 ἢ
2206 419 2300 471 χρή-

1255 487 1361 520 μασιν
1374 472 1480 522 ἤγουν
1495 473 1600 526 ἑτέρῳ
1617 473 1735 545 τρόπῳ
1748 474 1827 514 τινί.
1843 474 1930 527 Περι
1946 474 2007 525 μὲν
2023 479 2080 514 οὖν
2099 480 2157 514 τοῦ
2171 479 2299 530 χρῆναι

1254 528 1315 573 ἐξ’
1306 531 1478 580 ισοτιμίας
1495 530 1557 578 τὴν
1575 531 1714 583 εἰρήνην
1732 534 1924 584 προελθεῖν,
1943 548 2024 585 πριν
2041 532 2063 579 ἢ
2081 534 2300 587 διακριθηναι

1255 587 1313 626 τὸν
1333 589 1368 625 ἐν
1388 588 1551 641 Αρμενία
1570 590 1759 639 πόλεμον
1744 590 1855 630 εδόκει
1873 607 1933 630 και
1955 591 2129 636 ξυνέθεντο
2148 592 2296 646 Πέρσαι.

1257 645 1466 685 Μελλόντων
1489 647 1524 684 δὲ
1541 646 1621 686 ὅσον
1642 647 1738 686 οὔπω
1758 653 2018 703 παραχωρῆσαι
2036 650 2224 701 Ῥωμαίοις
2238 651 2300 691 καὶ

1255 719 1315 742 του
1335 704 1452 757 Δάρας
1469 704 1491 751 ἢ
1512 706 1685 750 οὖδενὸς”
1663 722 1769 758 ηγουν
1790 708 1966 760 ὂλιγίστης
1985 708 2128 781 χρυσίου
2147 710 2299 757 ποσότη-

1255 777 1333 812 τος,
1357 761 1548 809 εὔδηλον
1530 779 1566 802 ον
1593 764 1772 814 (δηλονότι
1791 767 1908 806 Bekk.
1919 767 1929 816 )
1951 766 2116 819 πρότερον
2149 769 2300 821 ἀφιστα·

1257 819 1368 871 μένων
1388 820 1575 871 Ῥωμαίων
1595 823 1862 876 Περσαρμενίας
1878 825 1939 863 καὶ
1958 825 2115 877 Ιὸηρίας
2127 856 2138 876 ,
2155 828 2190 864 ἐν
2207 820 2236 880 ᾧ
2254 827 2299 866 τὰ

1256 879 1371 917 τοιάδε
1389 881 1421 918 οἵ
1441 879 1476 920 ἐξ
1504 878 1676 933 ἑκατέρων
1697 882 1791 920 διαλε
1778 883 1936 934 εγόμενοι
1963 884 2202 936 (διαλέγονται
2223 899 2296 924 em.

1256 937 1398 989 Bekk.)
1416 938 1594 990 πρέσὸεις,
1617 939 1735 989 γέγονε
1758 939 1801 978 τὰ
1824 941 1867 991 (ἡ
1891 945 1932 981 Β.
1948 940 1958 992 )
1978 942 2070 980 κατὰ
2088 942 2152 990 τὴν
2175 943 2298 996 Ἀρμε-

1256 995 1331 1033 νίαν
1352 995 1555 1047 ξυμπλοκὴν
1579 996 1785 1048 (ξυμπλοκῆ
1802 1002 1843 1037 Β.
1858 1001 1888 1050 ),
1908 1001 1943 1037 ἐν
1962 1004 1984 1052 ᾖ
1979 1003 2301 1076 ...προσπταίσαντες

1257 1055 1288 1091 οἳ
1316 1053 1490 1104 Ῥωμαῖοι
1523 1056 1684 1106 μεγάλως
1711 1056 1808 1109 παρὰ
1837 1058 1926 1096 πολυ
1957 1075 2020 1106 της
2047 1060 2222 1105 ἐλπίδος’
2206 1077 2239 1105 ες
2261 1061 2300 1100 τὸ

1256 1116 1359 1159 ἧττον
1376 1113 1590 1161 ὠλίσθησαν.
1611 1114 1674 1154 Διὸ
1692 1114 1733 1162 δὴ
1751 1119 1820 1154 τῶν
1839 1119 1987 1169 Περσῶν
2003 1133 2078 1162 ταις
2095 1119 2301 1192 εὐπραγίαις

1258 1171 1478 1222 ἐπηρμένων,
1498 1175 1516 1210 ὁ
1545 1175 1640 1226 σφῶν
1669 1174 1831 1226 βασιλευς
1860 1174 2008 1229 ἔφασκεν
2036 1176 2125 1221 ὅλως
2151 1178 2232 1230 περὶ
2260 1178 2301 1217 τὸ

1257 1229 1321 1276 τὴν
1338 1230 1439 1269 πόλιν
1453 1231 1494 1269 τὸ
1513 1231 1631 1284 Δάρας
1648 1233 1803 1271 ἐνδοῦναι
1822 1233 2012 1283 Ῥωμαίοις
2031 1235 2081 1286 μὴ
2101 1236 2301 1281 ἐνδέξασθαι

1256 1290 1359 1340 λόγον
1373 1289 1463 1330 τινά.
1481 1291 1595 1334 Αὐτὸς
1607 1290 1670 1342 μὲν
1683 1290 1750 1344 γὰρ
1766 1291 1857 1331 κατὰ
1868 1293 1926 1331 τὸν
1942 1294 2053 1332 κοινὸν
2070 1310 2130 1332 του
2143 1295 2300 1346 πολέμου

1257 1347 1382 1398 θεσμὸν
1404 1349 1463 1402 βίᾳ
1483 1349 1542 1387 καὶ
1561 1349 1707 1401 δυνάμει
1728 1350 1851 1395 ἐξελεῖν
1872 1352 1931 1390 καὶ
1951 1352 2239 1405 προσκτήσασθαι
2261 1354 2301 1393 τὸ

1257 1407 1374 1459 Δάρας
1403 1408 1650 1460 ἀπισχυρίζετο
1663 1424 1671 1432 ·
1691 1408 1769 1452 τοὺς
1791 1409 1828 1447 δέ
1846 1425 1886 1460 γε
1906 1410 2105 1462 Ῥωμαίους
2137 1413 2301 1466 Περσαρ-

1258 1466 1379 1516 μενίαν
1397 1482 1434 1504 τε
1455 1466 1515 1504 καὶ
1532 1466 1688 1537 Ἶ6ηρίαν
1708 1470 1906 1516 ἀποστῆσαι
1921 1469 2300 1521 παρασπονδήσαντας,

1256 1525 1341 1576 πρὸς
1372 1525 1411 1563 δέ
1439 1541 1478 1577 γε
1510 1526 1570 1564 καὶ
1601 1527 1861 1579 ἀφηνιάσαντας
1880 1529 1958 1572 τοὺς
1982 1529 2096 1581 ταύτη
2125 1531 2301 1574 οἰκοῦντας

1258 1581 1326 1620 ἀπο
1344 1585 1489 1636 Περσῶν
1505 1584 1748 1629 υποδέξασθαι.
1765 1586 1836 1625 Και
1851 1586 1963 1624 τοίνυν
1978 1590 2072 1630 αὖθις
2085 1591 2102 1626 ὁ
2117 1587 2301 1641 Βάρὸαρος

1257 1641 1383 1693 θρασύς
1407 1658 1439 1680 τε
1459 1642 1519 1680 καὶ
1539 1642 1737 1696 ὑψαυχην
1719 1660 1783 1692 ην,
1799 1643 1860 1682 καὶ
1878 1644 1940 1695 μὲν
1957 1649 2015 1684 οὐν
2036 1645 2094 1684 ἐπὶ
2118 1649 2188 1691 τοῖς
2204 1646 2302 1691 ξυνε-

1255 1704 1426 1753 νεχθεῖσιν
1457 1701 1658 1754 ε’6ρενθύετο
1680 1703 1785 1755 μέγα.
1808 1703 1967 1743 Ἠπείλει
1996 1721 2034 1743 τε
2063 1705 2124 1743 και
2151 1705 2219 1759 πρὸ
2238 1710 2301 1745 τοῦ

1255 1758 1403 1811 πέρατος
1423 1762 1490 1798 τῶν
1511 1777 1615 1812 τριων
1636 1763 1721 1799 ἐτῶν
1748 1777 1809 1809 της
1829 1762 1896 1809 ἤδη
1925 1762 2139 1810 ξυνεστώσης
2165 1766 2299 1817 ἐκεχει-

1257 1818 1351 1869 ρίας,
1372 1823 1412 1865 ἡς
1435 1819 1530 1863 εντὸς
1558 1820 1670 1858 ἐδόκει
1694 1820 1757 1867 τὴν
1783 1821 1921 1874 εἰρήνην
1948 1820 2015 1859 ἀνὰ
2033 1821 2136 1868 τὴν’
2118 1838 2163 1860 εω
2192 1824 2300 1876 ἐρρω-

1256 1880 1356 1926 σθαι,
1379 1877 1423 1915 τὰ
1442 1876 1534 1916 ὅπλα
1553 1879 1718 1927 κινήσειν,
1735 1878 1795 1918 καὶ
1817 1881 1894 1918 κατ’
1913 1879 2021 1926 αὐτήν
2044 1896 2083 1932 γε
2103 1880 2214 1927 δήπου
2238 1879 2300 1927 τὴν

1255 1935 1340 1987 πρὸς
1354 1935 1452 1982 ’ἥλιον
1470 1937 1657 1990 ἀνίσχοντα
1671 1938 1790 1990 χώραν
1802 1938 2044 1991 ξυγκροτήσειν
2061 1938 2119 1977 τὸν
2135 1940 2301 1990 πόλεμον,

1257 1994 1425 2047 πρότερον
1444 1996 1712 2046 κατατιθέμενον
1735 1997 1924 2048 Ῥωμαίοις
1943 1998 1981 2036 τὸ
2002 1997 2086 2051 ὑπὲρ
2104 2001 2166 2045 τῆς
2185 1999 2301 2037 τοιαύι

1254 2068 1316 2099 της
1347 2055 1534 2106 ἀνακωχῆς
1575 2055 1757 2105 δεδομένον
1794 2056 1952 2107 χρυσίον,
1981 2056 2085 2103 ἡνίκα
2122 2059 2303 2110 Ζαχαρίας

1256 2165 1375 2205 oppido
1389 2168 1552 2206 quaestum
1571 2168 1707 2207 faceret3
1722 2176 1797 2200 nam
1813 2168 1892 2200 nihil
1905 2168 1990 2200 aliud
2006 2168 2153 2201 utilitatis
2166 2169 2230 2201 hoc
2241 2178 2301 2210 op-

1254 2217 1367 2257 pidum
1379 2218 1518 2258 praebet,
1535 2228 1634 2259 quam
1650 2219 1737 2260 quod
1747 2220 1997 2252 munitissimum
2013 2221 2061 2252 est
2072 2221 2302 2261 propugnaculi

1253 2269 1324 2300 loco
1338 2269 1494 2301 Orientali
1511 2271 1647 2302 Romani
1664 2271 1788 2311 imperii
1801 2271 1884 2312 parti
1903 2284 1910 2303 :
1928 2271 1983 2303 sed
1998 2271 2061 2303 hoc
2081 2271 2222 2304 adversis
2237 2274 2301 2305 Ro-

1254 2329 1426 2352 manorum
1442 2321 1537 2354 rebus
1549 2322 1744 2355 solatioesse
1758 2323 1878 2363 voluit,
1894 2322 1981 2363 quod
1991 2332 2050 2355 sua
2062 2325 2300 2364 recuperarent,

1254 2373 1349 2404 simul
1366 2374 1398 2405 et
1413 2374 1535 2405 nullam
1552 2373 1626 2406 belli
1641 2375 1811 2406 scintillam
1825 2375 2002 2415 relinquere
2017 2374 2178 2415 cupiebat.
2198 2377 2245 2408 Ea
2260 2375 2302 2420 de

1254 2433 1348 2456 causa
1363 2427 1466 2457 Daras
1479 2425 1619 2467 recipere
1631 2427 1688 2458 aut
1703 2426 1846 2467 pecuniis
1859 2428 1916 2458 aut
1924 2426 1987 2458 alio
2002 2426 2115 2467 quovis
2128 2426 2224 2458 modo
2234 2422 2300 2459 stu'-

1253 2475 1358 2508 debat.
1373 2478 1486 2508 Pacem
1506 2477 1602 2517 igitur
1621 2478 1723 2509 facere
1738 2478 1840 2518 aequis
1856 2477 2108 2518 conditionibus,
2125 2480 2300 2519 antequam

1253 2529 1336 2560 bello
1354 2529 1385 2561 in
1412 2531 1561 2562 Armenia
1577 2530 1808 2570 decertaretur,
1826 2530 1976 2570 lubebat,
1998 2531 2032 2562 et
2046 2531 2315 2564 assentiebantur,

1254 2582 1370 2612 Persae.
1399 2581 1461 2613 Sed
1493 2590 1594 2621 quum
1620 2583 1724 2614 Persae
1749 2582 1815 2622 J'am
1843 2582 1876 2613 in
1901 2590 1939 2614 eo
1958 2583 2063 2614 essent
2084 2583 2121 2614 ut
2149 2583 2300 2615 Romanis

1253 2632 1405 2672 oppidum
1438 2635 1538 2665 Daras
1565 2633 1734 2673 cederent,
1768 2634 1824 2666 aut
1850 2634 1940 2665 nulla
1963 2634 2021 2665 aut
2051 2634 2300 2675 quantulacum-

1253 2692 1317 2723 que
1329 2685 1458 2724 accepta
1473 2686 1615 2725 pecuniae
1633 2694 1777 2725 summa,
1794 2685 1929 2718 simulac
1953 2685 2114 2718 constaret
2140 2687 2301 2718 Romanos

1253 2736 1403 2767 Armenia
1428 2738 1460 2768 et
1490 2737 1594 2769 lberia
1613 2739 1782 2770 excessisse
1814 2750 1822 2769 :
1849 2738 1927 2769 dum
1952 2737 2022 2770 haec
2045 2737 2140 2778 legati
2166 2737 2249 2770 inter
2266 2746 2302 2771 se

1253 2788 1447 2829 disceptant,
1462 2791 1639 2829 pugnatum
1661 2791 1708 2822 est
1732 2790 1765 2821 in
1780 2790 1946 2830 Armenia,
1964 2790 1997 2822 in
2011 2798 2077 2830 qua
2102 2798 2207 2830 pugna
2218 2790 2301 2822 mul-

1253 2841 1323 2871 tum
1349 2849 1407 2872 sua
1431 2849 1486 2881 spe
1505 2841 1686 2874 excidentes
1705 2841 1842 2873 Romani
1864 2841 1897 2873 in
1927 2841 2050 2873 cladem
2072 2841 2192 2881 delapsi
2210 2842 2298 2875 sunt.

1253 2894 1366 2932 ltaque
1382 2902 1483 2933 quum
1508 2895 1612 2925 Persae
1627 2902 1668 2925 ex
1684 2894 1831 2926 secundis
1847 2894 1913 2925 suis
1947 2893 2044 2925 rebus
2067 2893 2196 2934 spiritus
2209 2902 2299 2926 sum·

1252 2944 1407 2984 psissent,
1431 2953 1488 2976 rex
1510 2953 1622 2976 eorum
1653 2944 1753 2985 dixit,
1779 2954 1814 2976 se
1842 2953 2010 2985 nunquam
2036 2953 2221 2985 passurum,
2246 2945 2299 2977 ul·

1252 2995 1316 3026 lam
1334 2995 1528 3027 mentionem
1553 2995 1594 3027 de
1617 2995 1734 3036 oppido
1754 2998 1854 3028 Daras
1875 2995 2029 3027 Romanis
2043 2995 2191 3028 dedendo
2206 2995 2297 3037 sieri,

1253 3047 1338 3087 quod
1354 3047 1387 3078 vi
1402 3049 1435 3079 et
1452 3047 1574 3079 virtute
1589 3056 1630 3079 ex
1650 3047 1816 3079 communi
1831 3047 1907 3079 belli
1931 3047 2000 3088 lege
2021 3047 2153 3088 cepisset
2171 3049 2204 3080 et
2215 3048 2299 3080 obti-
2324 3046 2326 3050 ⁴

1253 3099 1385 3131 nuisset.
1407 3101 1570 3131 Romanos
1593 3108 1670 3131 vero
1697 3101 1809 3131 contra
1836 3099 1956 3131 soedera
1986 3100 2239 3132 Persarmeniam
2265 3101 2299 3132 et
2324 3142 2326 3147 Ι

1253 3151 1390 3183 Iberiam
1407 3152 1448 3182 ad
1472 3151 1683 3183 defectionem
1699 3152 1873 3191 excitasse,
1887 3151 1920 3182 et
1935 3159 2046 3182 earum
2068 3151 2234 3191 regionum
2251 3151 2300 3184 in·
2323 3185 2326 3188 Α

1253 3203 1359 3242 colas,
1373 3202 1430 3243 qui
1449 3212 1468 3234 a
1484 3202 1587 3235 Persis
1611 3203 1820 3242 deficiebant,
1833 3202 1917 3234 tueri
1932 3203 1964 3234 et
1989 3202 2162 3243 suscipere.
2185 3204 2298 3244 ltaque

1253 3255 1425 3287 barbarum
1438 3255 1587 3287 secundae
1597 3264 1648 3287 res
1658 3279 1667 3295 ,
1682 3264 1756 3296 quae
1771 3255 1816 3287 illi
1830 3256 2021 3295 evenerant,
2034 3254 2252 3295 superbiorem
2265 3256 2298 3288 et
2315 3249 2326 3268 ’ἦ

1253 3307 1439 3339 ferociorem
1469 3306 1654 3339 reddebant.
1678 3307 1861 3339 Minabatur
1887 3307 2002 3347 etiam,
2031 3308 2205 3347 antequam
2233 3308 2298 3339 tres
2320 3331 2326 3337 ,

1252 3359 1327 3390 anni
1343 3358 1556 3399 elaberentur,
1574 3359 1691 3399 quibus
1703 3358 1840 3390 induciae
1857 3360 1934 3390 tunc
1946 3359 2099 3399 temporis
2116 3357 2275 3391 durabant
2286 3381 2296 3397 ‚
2321 3363 2326 3393 ζ

1254 3411 1339 3443 intra
1356 3419 1437 3451 quos
1454 3419 1566 3451 pacem
1595 3410 1663 3442 fieri
1691 3419 1747 3451 per
1773 3411 1940 3443 Orientem
1967 3410 2149 3451 placuerat,
2170 3410 2238 3442 fore
2260 3411 2298 3442 ut
2322 3407 2326 3438 ’ῑ

1254 3471 1344 3495 arma
1373 3463 1537 3503 moveret,
1555 3462 1621 3495 imo
1653 3463 1685 3495 et
1703 3462 1823 3495 bellum
1852 3462 1884 3494 in
1912 3461 2134 3495 occidentales
2155 3461 2298 3502 regiones
2324 3469 2326 3506 ζ
