2326 3724
951 160 1286 200 FRAGMENTA.

45 257 200 298 ἐντείνων
220 254 388 308 (ἓντύνων
401 255 416 292 ‘z'
430 253 496 303 Β.)
515 250 635 290 ἑαυτὸν
651 247 946 301 προκαταπέμπει
961 247 1002 286 τὸ
1023 249 1095 287 Σα-

46 319 202 370 ρακηνῶν
223 314 367 354 ἱππικὸν
392 315 438 357 ὡς
457 312 666 362 ἀντισχῆσον
687 314 756 352 τοῖς
778 307 981 362 βαρὸάροις.
1002 305 1098 354 Ἤδη

43 375 111 428 γὰρ
127 375 188 414 καὶ
203 374 266 422 τὴν
285 370 552 414 Κωνσταντίνου
572 368 673 407 πόλιν
690 367 900 420 κατέτρεχον
913 396 923 414 ,
945 365 1006 405 καὶ
1030 366 1099 410 τοῖς

0 439 10 462 ³³
43 433 194 484 τείχεσιν
225 432 394 484 ἠνόχλουν
424 427 720 482 περικαθήμενοι,
742 425 911 476 πολέμιόν
935 441 972 464 τε
1001 424 1098 463 οὐδὲν

43 495 189 545 ὁρῶντες
208 493 240 534 ἐς
266 490 454 529 ἀντίπαλον
476 488 595 540 μάχην
608 515 618 533 ,
643 485 703 524 καὶ
719 488 790 528 τοῖς
810 483 1030 538 φρονήμασιν
1053 484 1099 526 εἷς

44 557 164 589 πᾶσαν
193 549 292 602 ὕὸριν
312 546 559 595 ὠλισθηκότες.
581 544 631 583 ιῸ
647 544 688 590 δὴ
704 543 764 582 καὶ
784 544 982 595 περιφανῶς
1003 540 1096 586 ἔδοξε

43 610 217 649 κάλλιστα
232 610 474 660 στρατηγῆσαι
487 604 579 644 κατὰ
598 602 656 642 τὸν
670 602 790 655 καιρὸν
809 603 937 641 ἐκεῖνον
954 604 975 648 ἡ
989 600 1094 653 τύχη.

3 673 7 678 “
42 673 99 708 De
119 683 161 707 re
175 670 224 706 cf.
241 670 410 706 Zosimus
425 669 496 716 IV,
512 679 575 704 20.

536 754 599 799 43.

96 847 232 886 Suidas
252 861 291 884 v.
318 843 561 897 Πρόὸολος·
580 842 779 885 Εὐνᾶπιος·
812 858 829 875 «
855 839 901 879 ‘0
932 838 967 877 δὲ
994 840 1096 891 βασι-

42 905 122 950 λεὺς
138 905 276 949 τούτους
293 903 498 954 δεξάμενος,
516 901 685 951 κτήματά
703 916 742 939 τε
762 902 879 943 αὐτοῖς
895 897 956 936 καὶ
975 895 1096 950 χώραν

0 986 2 989 ·
44 963 234 1016 ἀπένειμε,
267 962 328 1002 καὶ
360 961 556 1014 προὸόλους
586 977 624 999 τε
654 958 886 1009 ὑπελάμὸανε
919 955 1096 1009 γενναίους

18 1068 19 1072 ¹
44 1023 105 1062 καὶ
126 1022 382 1074 ἀδαμαντίνους
407 1021 500 1075 ἔχειν
530 1019 615 1073 πρὸς
634 1018 695 1062 τὰς
714 1017 828 1070 ἐκείνῃ
860 1019 929 1055 τῶν
951 1014 1094 1055 Οὔννων

43 1082 210 1135 ἓμὸολάς.
228 1100 243 1117 υ

104 1161 120 1177 α
139 1145 212 1193 Agi
228 1143 343 1180 credo
357 1143 404 1179 de
417 1143 574 1180 Valente
585 1169 595 1186 ,
612 1140 679 1188 qui
694 1140 851 1188 Scythas
867 1139 1095 1174 Hunnorum

43 1203 354 1252 impressionibus
371 1201 562 1238 continuis
581 1207 738 1236 vexatos
759 1199 797 1233 in
819 1197 1018 1233 Thraciam
1038 1207 1097 1231 re-

43 1263 158 1312 cepit.
176 1263 220 1299 V.
239 1260 380 1298 Zosim.
405 1262 476 1309 IV,
497 1272 546 1296 20
559 1287 569 1305 ‚
588 1258 626 1296 8.
651 1274 666 1291 »
690 1259 871 1294 Bomsow.

538 1352 602 1391 44.

94 1440 189 1476 Exc.
211 1440 269 1475 De
290 1445 387 1474 sent.
413 1451 454 1487 p.
481 1449 557 1483 270
587 1449 596 1471 τ
615 1432 702 1474 ’Ὀτι
729 1431 937 1484 Μαρκιανὸς
958 1430 1047 1482 ἀνὴρ
1067 1432 1098 1474 ἐς

44 1495 171 1550 ἀρετὴν
189 1495 332 1534 ἅπασαν
357 1494 475 1547 ὥσπερ
497 1510 548 1538 τις
568 1492 684 1532 κανὼν
701 1490 957 1545 ἠκριὸωμένος.

102 1573 118 1590 α
140 1558 353 1593 Marcianus
378 1557 440 1592 hic
474 1563 527 1592 est
552 1555 621 1591 sub
643 1553 910 1591 Valentiniano
931 1550 1017 1598 jun.
1036 1551 1097 1586 vi—

44 1618 192 1664 carius,
214 1616 262 1652 de
284 1629 362 1664 quo
383 1616 557 1663 loquitur
573 1615 612 1650 in
634 1614 778 1650 codicis
797 1611 942 1649 Theod.
961 1611 1097 1647 Proso-

42 1675 256 1724 pographia
285 1670 558 1711 Gothofitedus.
587 1674 671 1709 Jam
699 1671 806 1720 quod
831 1670 912 1718 ejus
939 1670 1098 1706 virtutes

43 1735 237 1783 Eunapius
256 1733 500 1769 commendat
513 1762 523 1780 ‚
550 1733 648 1768 bene
666 1739 742 1776 est;
758 1743 846 1766 nam
870 1737 907 1766 et
927 1730 1098 1777 Symma-

44 1793 153 1838 chus,
175 1793 290 1842 Epist.
311 1794 424 1840 VIII,
443 1792 508 1837 23,
528 1792 577 1828 ad
596 1791 698 1827 hunc
719 1790 824 1838 quasi
839 1788 962 1825 severi
981 1788 1100 1823 moris

43 1853 266 1900 magistrum
281 1851 413 1887 scribit
431 1851 477 1887 de
494 1852 580 1887 vitae
600 1863 674 1886 suae
692 1849 911 1885 castimonia
937 1848 1094 1892 eximia3

45 1910 196 1958 cujusce
223 1911 437 1959 argumenti
460 1911 587 1946 literas
615 1910 663 1945 ad
683 1909 860 1945 Clodium
890 1914 992 1943 certe
1018 1920 1096 1942 non

43 1970 262 2018 scripsisset.
289 1985 304 2002 υ
328 1970 418 2007 Mn.

542 2044 603 2088 45.

100 2133 255 2183 [suidas
271 2145 280 2171 ι
300 2130 572 2179 Μουσώνιος,
594 2130 651 2169 ἐπὶ
669 2129 842 2170 Ἰοὸιανοῧ
859 2123 901 2176 ῆν
919 2127 1101 2181 βασιλέως.

2155 164 2206 196 33

1161 248 1309 297 Πάντα,
1342 247 1408 287 ὅσα
1435 242 1479 296 ῆν
1513 248 1661 300 ἄριστα,
1695 247 1803 300 μικρὰ
1836 247 2016 300 ἐφαίνοντο
2037 246 2123 300 πρὸς
2151 247 2208 285 τὸν

1158 308 1260 360 ὄγκον
1281 307 1491 348 Μουσωνίου
1511 307 1572 346 καὶ
1592 306 1654 354 τὴν
1676 307 1738 345 σὺν
1755 310 1804 359 τῷ
1826 307 2025 360 δραστηρίῳ
2044 310 2105 353 τῆς
2124 307 2209 359 γνώ-

1160 383 1229 417 μης
1264 367 1468 420 βαθύτητα·
1500 366 1544 405 δι’
1574 366 1596 404 ἃ
1617 366 1709 405 κατὰ
1738 366 1839 418 λόγον
1873 367 2065 416 εὐδοκιμῶν
2090 367 2153 413 τήν
2174 383 2212 406 τε

1159 427 1300 474 ἁλιτενῆ
1320 426 1442 480 χώραν
1460 430 1521 472 τῆς
1541 426 1658 469 Ἀσίας
1679 427 1810 473 ἐπῆλθε
1824 456 1834 476 ,
1854 425 1915 463 καὶ
1933 427 1950 462 ὃ
1972 425 2034 471 τὴν
2057 425 2211 463 ἀνθύπα-

1158 503 1216 525 τον
1245 486 1305 525 καὶ
1326 486 1467 538 μείζονα
1489 485 1580 538 ἔχων
1605 485 1718 538 ἀρχὴν
1735 485 1821 538 πρὸς
1850 483 1910 528 τὰς
1930 484 2117 534 ἐπιδημίας
2146 485 2212 529 ἐξί-

1159 561 1288 597 στατο,
1306 548 1465 592 κάκεῖνος
1482 546 1623 584 ἅπαντα
1644 543 1750 584 ἐπιὼν
1771 547 1805 583 ἐν
1827 543 1960 594 ὀλίγαις
1977 542 2129 595 ἡμέραις
2147 545 2212 591 τὴν

1158 605 1339 644 θάλασσαν
1372 605 1556 657 ἐπλήρωσε
1584 607 1653 643 τῶν
1687 603 1757 642 ἀπὸ
1788 606 1849 650 τῆς
1877 602 1994 645 Ἀσίας
2025 604 2209 655 εἰσφορῶν,

1159 665 1356 705 Ἐπεκάλει
1377 665 1412 703 δὲ
1431 665 1540 708 οὐδεὶς
1562 663 1680 702 ἄδικον
1698 662 1794 701 οὐδὲν
1813 665 1884 706 τοῖς
1899 661 2107 713 γινομένοις·
2123 663 2214 700 ἀλλὰ

1158 725 1282 763 παιδιά
1299 741 1350 768 τις
1364 719 1406 772 ἧν
1419 724 1531 762 ἅπασι
1546 728 1616 767 τοῖς
1630 721 1897 761 καταὸάλλουσι
1911 720 1956 759 τὰ
1971 719 2213 774 εἷσφερόμενα·

1160 784 1337 828 Εὖνάπιος
1363 782 1432 836 γὰρ
1463 786 1481 822 ὁ
1514 785 1553 821 ἐκ
1589 781 1751 833 Φρυγίας
1788 781 1904 833 ῥήτωρ
1934 779 2119 818 ἐπεστάτει
2146 787 2216 824 τοῖς

1157 842 1448 896 πραττομένοις.]

1211 901 1381 944 Εχε.’1)θ
1412 911 1505 941 sent.
1537 917 1577 953 p.
1618 915 1716 949 270,
1755 914 1827 948 271
1867 912 1876 938 2
1908 898 2110 943 Φιλόκαλος
2148 899 2215 951 γὰρ

1158 962 1205 1001 ὢν
1247 962 1308 1001 καὶ
1341 961 1532 1015 φιλάγαθος
1571 963 1590 999 ὁ
1635 958 1837 1003 Μουσώνιος
1873 957 1952 1002 τοὺς
1994 958 2214 1010 πανταχόθεν

1158 1022 1338 1060 καθεῖλκεν
1358 1022 1442 1073 παρ’
1471 1018 1617 1068 ἑαυτὸν,
1649 1018 1768 1072 ὥσπερ
1795 1022 1817 1065 ἡ
1840 1021 2010 1070 μαγνῆτις
2039 1018 2131 1062 λίθος
2157 1019 2215 1056 τὸν

1159 1080 1313 1133 σίδηρον.
1347 1081 1427 1119 Οὐκ
1457 1073 1499 1127 ἦν
1533 1080 1570 1118 δὲ
1601 1078 1800 1132 βασανίζειν
1830 1077 1946 1120 ὁποῖός
1977 1093 2028 1120 τις
2048 1079 2066 1115 ὁ
2097 1079 2214 1128 δεῖνα,

1159 1139 1251 1178 ἀλλὰ
1269 1139 1476 1179 Μουσώνιον
1497 1138 1595 1193 φίλον
1623 1137 1840 1186 ἀκούσαντα,
1864 1135 1917 1175 ὅτι
1937 1137 2042 1181 καλὸς
2065 1131 2107 1184 ἦν
2130 1139 2216 1176 εἰδέ-

1159 1215 1230 1239 ναι.

1212 1259 1298 1299 “On
1327 1260 1563 1310 συνηρτῆσθαι
1593 1261 1652 1296 τοῦ
1673 1257 1829 1307 πολέμου
1861 1257 2041 1300 δοκοῦντος
2063 1257 2212 1296 Μουσώ-

1159 1334 1227 1362 νιος
1244 1317 1355 1357 ῗππον
1380 1317 1505 1362 ε’πιὸὰς
1520 1316 1612 1370 ἐξῄει
1632 1320 1701 1356 τῶν
1723 1315 1902 1368 Σάρδεων.
1929 1316 2000 1355 Καὶ
2020 1319 2038 1354 ὁ
2066 1317 2214 1356 Θεόδω-

1163 1394 1218 1430 ρος
1254 1377 1313 1416 τὸν
1349 1376 1554 1429 συγγραφέα
1587 1374 1907 1429 μεταπεμψάμενος
1940 1374 2110 1428 ἐδάκρυσε
2155 1375 2217 1422 τὴν

1159 1437 1292 1485 ἔξοδον,
1323 1436 1383 1475 καὶ
1417 1436 1515 1486 ἀνδρὶ
1547 1435 1662 1473 τᾶλλα
1683 1451 1723 1486 γε
1756 1434 1948 1486 ἀτεράμονι
1972 1434 2032 1472 καὶ
2061 1435 2219 1489 ἀτέγκτῳ

1160 1495 1295 1547 δάκρυα
1321 1498 1507 1547 κατεχεῒτο
1523 1497 1593 1533 τῶν
1610 1497 1765 1547 παρειῶν
1787 1491 2059 1545 ἀκρατέστερον.

1211 1554 1298 1595 “On
1329 1554 1368 1593 τὸ
1398 1554 1455 1592 ἐπὶ
1483 1552 1688 1593 Μουσώνιον
1710 1551 1920 1605 ἐπίγραμμα
1941 1551 1981 1589 τὸ
2001 1551 2100 1605 παρὰ
2119 1553 2215 1591 Θεο-

1159 1614 1272 1668 δώρου
1292 1613 1446 1653 τοιοῦτόν
1470 1615 1581 1652 ἐστιν·

1245 1715 1342 1747 Ἔνθα
1358 1714 1413 1755 μὲν
1431 1713 1505 1750 Αἶας
1525 1715 1624 1745 κεῖται
1645 1712 1768 1753 ἀρήϊος,
1788 1712 1860 1743 ἔνθα
1879 1710 1905 1743 δ’
1921 1711 2090 1752 Ἀχιλλεὺς,

1244 1762 1318 1794 ἔνθα
1334 1762 1366 1794 δὲ
1384 1761 1564 1802 Πάτροκλος
1580 1759 1681 1797 θεόφιν
1697 1760 1826 1801 μήστωρ
1840 1758 2009 1795 ἀτάλαντος
2022 1772 2030 1779 ·

1247 1810 1318 1842 ἔνθα
1335 1810 1361 1841 δ’
1377 1809 1427 1840 ἐπὶ
1441 1811 1596 1849 τρισσοῖσι
1610 1807 1791 1843 πανείκελος
1805 1807 1944 1848 ἡρώεσσι

1247 1858 1351 1900 ψυχὴν
1364 1858 1417 1889 καὶ
1436 1856 1554 1898 βιότοιο
1571 1856 1655 1892 τέλος
1674 1855 1858 1891 Μουσώνιος
1873 1855 1966 1896 ἥρως.

1215 1948 1303 1987 Ὅτι
1319 1948 1350 1985 οἱ
1370 1946 1547 1996 Ῥωμαῖοι
1565 1944 1811 1992 κατεκόπησαν
1833 1943 1932 1997 παρὰ
1949 1943 2141 1996 Ἰσαύρων,
2158 1943 2220 1981 καὶ

1162 2007 1275 2060 τούτῳ
1304 2006 1424 2058 ὥσπερ
1445 2004 1600 2056 δράματι
1634 2004 1779 2056 μεγάλῳ
1811 2003 1871 2042 καὶ
1901 2005 2029 2056 τραχεῖ
2053 2003 2093 2041 τὸ
2125 2003 2218 2042 κατὰ

1164 2065 1371 2106 Μουσώνιον
1393 2064 1587 2103 ἐπεισόδιον
1609 2065 1671 2102 οὐκ
1692 2063 1836 2102 ἔλαττον
1858 2065 1876 2101 ὃ
1904 2062 2043 2114 δαίμων
2066 2062 2219 2113 ἐπήνεγ-

1162 2142 1237 2165 κεν.
1279 2125 1457 2165 Ἐνταῧθά
1492 2139 1560 2162 που
1597 2127 1659 2170 τῆς
1699 2125 1904 2175 συγγραφῆς
1940 2121 2139 2175 ἀφώρισται
2178 2122 2219 2161 τὸ

45 2254 204 2278 cenorum
241 2245 442 2285 equitatum,
475 2245 530 2286 qui
562 2244 774 2277 barbarorum
804 2244 963 2284 impetum
992 2241 1096 2282 repri-

45 2299 159 2333 meret.
192 2299 266 2330 Jam
294 2297 380 2328 enim
412 2306 514 2338 usque
542 2297 583 2328 ad
611 2295 923 2336 Constantinopolim
948 2302 1099 2326 excurre-

21 2371 26 2382 .
45 2349 124 2381 bant
136 2373 144 2388 ‚
164 2351 197 2381 et
211 2351 366 2390 tanquam
384 2349 498 2381 urbem
517 2349 701 2382 obsidentes
726 2348 846 2380 moenia
877 2346 1097 2386 incursabant,

46 2411 148 2443 quum
177 2403 282 2434 nullas
307 2403 430 2443 copim,
458 2411 533 2443 quae
559 2402 620 2434 illis
642 2402 790 2434 resistere
815 2401 960 2441 possent,
987 2407 1099 2431 cerne-

48 2456 137 2493 rent,
165 2455 313 2495 superbia
329 2464 387 2486 sua
405 2454 446 2486 ad
463 2463 593 2486 omnem
618 2453 771 2486 ferociam
791 2453 899 2484 delati.
916 2451 1009 2484 Unde
1035 2452 1099 2483 sor-

48 2505 127 2536 tuna
158 2507 235 2538 tuuc
254 2507 405 2547 temporis
427 2507 594 2538 manifeste
615 2506 682 2538 visa
703 2507 752 2538 est
769 2505 852 2537 belle
867 2513 926 2545 pro
948 2503 1100 2536 Romanis

47 2558 210 2590 militasse.

537 2614 595 2646 43.

89 2686 160 2716 Rex
171 2685 279 2716 autem
287 2692 388 2723 quum
406 2683 465 2716 hos
476 2684 666 2724 excepisset,
676 2683 750 2724 ipsis
765 2684 797 2715 et
814 2683 951 2724 pecudes
964 2684 995 2715 et
1008 2691 1101 2724 agros

51 2733 236 2774 distribuit,
251 2735 439 2767 existimans
455 2744 511 2767 eos
528 2735 718 2767 valid1ssimi
729 2739 761 2767 et
778 2735 976 2767 adamantini
992 2735 1099 2767 muni-

52 2788 153 2819 menti
170 2788 241 2819 loco
254 2787 312 2819 sibi
329 2788 398 2819 sore
414 2787 570 2820 adversus
588 2789 782 2820 Hunnorum
795 2787 1001 2828 irruptiones.

538 2859 599 2891 44.

91 2924 275 2956 Marcianus
286 2923 326 2956 ad
340 2933 437 2957 omne
455 2925 585 2957 virtutis
597 2933 697 2966 genus
713 2926 867 2966 tanquam
888 2925 996 2966 regula
1018 2935 1100 2966 qua-

55 2976 128 3009 dam
145 2978 280 3008 exactus
292 2978 372 3009 erat.

542 3032 602 3064 45.

94 3111 315 3148 Quaecumque
333 3108 455 3148 optima
475 3110 584 3148 erant,
601 3109 626 3140 si
648 3109 720 3150 quis
735 3118 773 3141 ea
789 3118 862 3141 cum
879 3111 1016 3142 Musonii
1035 3120 1099 3151 gra-

51 3160 152 3192 vitate
168 3161 200 3191 et
213 3162 344 3191 actuosa
359 3160 474 3200 ingenii
492 3160 707 3200 profunditate
723 3161 927 3201 contulisset,
942 3171 1040 3203 parva
1058 3163 1102 3194 vi-

51 3211 221 3244 debantur.
238 3213 372 3251 Propter
398 3220 471 3252 quae
488 3212 561 3252 jure
586 3213 766 3254 meritoque
793 3213 960 3254 laudatus,
976 3215 1100 3246 mariti-

54 3273 140 3296 mam
161 3264 243 3296 Asiac
260 3264 419 3304 regionem
442 3266 639 3306 peragravit,
659 3267 754 3307 eique
770 3268 940 3306 proconsul
958 3268 1015 3299 etsi
1031 3277 1101 3300 ma-

52 3316 155 3356 jorem
179 3315 366 3356 dignitatem
392 3316 539 3357 haberet,
561 3318 621 3349 iter
636 3318 763 3350 facienti
778 3318 922 3351 cedebat.
938 3320 1103 3352 Musonius

55 3369 150 3409 igitur
159 3377 258 3409 quum
273 3369 381 3408 paucis
397 3369 509 3402 diebus
519 3379 649 3402 omnem
663 3372 750 3403 illam
761 3381 849 3404 oram
864 3373 1101 3414 perlustrasset,

205 3441 394 3464 FRAGMFNTA
416 3442 536 3466 nlS'ron.
554 3444 605 3467 Gn.
628 3454 664 3460 ·-
683 3446 754 3469 vol..
776 3447 818 3471 IV-

1160 2248 1250 2271 mare
1266 2239 1396 2271 tributis
1418 2237 1542 2270 Asianis
1563 2236 1721 2278 implevit.
1744 2237 1861 2269 Nullus
1880 2245 1957 2268 vero
1975 2235 2016 2268 de
2030 2235 2127 2268 rebus
2140 2235 2220 2275 illis,

1157 2300 1232 2332 quae
1248 2291 1369 2323 fiebant
1381 2314 1390 2330 ‚
1408 2291 1444 2322 ut
1463 2289 1607 2330 iniustis,
1626 2288 1823 2330 querebatur
1842 2300 1849 2320 ε
1867 2288 2010 2328 sedilia,
2026 2297 2102 2329 quae
2120 2288 2220 2320 tribu-

1160 2346 1268 2376 torum
1290 2353 1388 2376 causa
1403 2343 1664 2383 conserebantur,
1688 2342 1838 2374 omnibus
1850 2366 1859 2382 ,
1879 2341 1936 2383 qui
1956 2350 1994 2374 ea
2014 2341 2219 2382 pendebant,

1163 2396 1261 2430 ludus
1280 2396 1414 2437 quidam
1440 2397 1543 2428 erant.
1562 2394 1727 2436 Eunapius
1750 2395 1792 2435 (a
1811 2396 1936 2427 Nostro
1962 2394 2024 2427 ille
2041 2393 2220 2434 diversus)

1158 2451 1243 2482 enim
1254 2473 1263 2490 ,
1284 2449 1442 2490 Phrygius
1461 2449 1582 2488 orator,
1599 2448 1727 2488 negotio
1744 2447 1790 2479 illi
1805 2448 1954 2488 praeerat.

1203 2501 1334 2534 Pulchri
1351 2501 1438 2533 enim
1453 2501 1595 2541 bonique
1622 2508 1735 2532 amans
1752 2499 1917 2532 Musonius
1939 2499 2091 2531 mortales
2109 2508 2221 2532 omnes

1159 2555 1200 2588 ad
1224 2565 1258 2588 se
1270 2555 1466 2597 pelliciebat,
1483 2563 1543 2587 ceu
1558 2555 1679 2586 serrum
1689 2562 1819 2594 magnes
1831 2553 1921 2594 lapis.
1934 2555 2045 2594 Neque
2058 2562 2140 2594 opus
2152 2555 2223 2586 erat

1159 2608 1263 2649 qualis
1277 2608 1449 2650 quisquam
1475 2610 1559 2640 esset
1575 2607 1778 2648 expendere3
1794 2606 1851 2639 sed
1867 2604 1923 2638 ubi
1941 2607 2083 2639 amicum
2111 2610 2220 2639 Muso-

1158 2660 1202 2691 nii
1213 2662 1326 2700 scires,
1346 2660 1507 2701 egregium
1524 2668 1591 2692 esse
1604 2660 1711 2691 virum
1727 2659 1805 2691 satis
1819 2668 1967 2691 noveras.

1202 2714 1291 2746 Bello
1302 2713 1368 2754 jam
1388 2714 1509 2746 indicto
1522 2737 1532 2753 ,
1550 2713 1738 2754 Musonius,
1752 2721 1837 2754 equo
1858 2721 2032 2744 conscenso
2042 2737 2051 2752 ,
2065 2711 2221 2744 Sardibus

1163 2776 1348 2808 progressus
1361 2768 1421 2799 est.
1437 2766 1747 2810 Tum‘Theodorus,
1764 2775 1866 2807 quum
1883 2774 1973 2805 eum,
1985 2765 2041 2806 qui
2058 2766 2129 2798 haec
2139 2765 2219 2797 scri·

1160 2820 1223 2860 hit,
1241 2819 1280 2851 ad
1299 2828 1332 2852 se
1346 2820 1509 2859 vocasset,
1527 2819 1632 2851 eluxit
1653 2818 1713 2850 viri
1726 2818 1914 2850 discessum.
1943 2820 2068 2851 Revera
2093 2816 2219 2850 homini

1160 2872 1302 2912 alioquin
1316 2871 1398 2903 duro
1411 2873 1443 2904 et
1459 2871 1576 2903 immiti
1595 2871 1738 2903 lacrimae
1761 2870 1899 2902 ubertim
1920 2877 1977 2911 per
1991 2878 2087 2911 genas
2102 2878 2217 2901 mana·

1161 2924 1251 2956 bant.

1202 2979 1237 3009 In
1250 2977 1434 3010 Musonium
1445 2978 1643 3018 epigramma
1657 2976 1818 3009 Theodori
1836 2975 1898 3007 hoc
1910 2977 1958 3007 est
1977 2988 1985 3007 ι

1235 3055 1289 3084 uhi
1298 3056 1379 3090 jacet
1399 3056 1475 3091 Ajax
1494 3056 1671 3089 Mavortius,
1684 3055 1734 3084 ubi
1749 3055 1889 3087 Achilles,

1232 3102 1284 3130 ubi
1299 3103 1456 3130 Patroclus
1475 3102 1532 3130 diis
1547 3103 1676 3133 ,consilio
1689 3110 1762 3138 par:

1232 3148 1274 3176 ibi
1286 3148 1381 3176 tribus
1391 3148 1532 3176 heroibus
1545 3148 1647 3176 animo
1657 3148 1785 3184 vitaeque
1796 3146 1855 3176 fine

1232 3194 1389 3230 persimilis
1399 3195 1551 3223 Musonius
1563 3194 1651 3223 heros
1662 3195 1754 3229 jacet.

1203 3270 1340 3302 Romani
1369 3270 1411 3302 ab
1436 3271 1554 3303 Isauris
1570 3271 1735 3303 occidione
1754 3270 1826 3303 caesi
1856 3271 1999 3302 fuerunt.
2017 3271 2120 3310 Atque
2140 3269 2216 3301 huic

1162 3323 1316 3363 tanquam
1331 3322 1467 3354 dramati
1499 3332 1616 3363 magno
1633 3325 1665 3355 et
1683 3322 1784 3354 atroci
1801 3323 1938 3366 Musonii
1956 3321 2132 3362 episodium
2149 3330 2215 3353 non

1164 3374 1296 3406 minoris
1310 3375 1464 3407 momenti
1477 3375 1540 3407 sata
1554 3375 1784 3415 adjtinxcrunt.
1831 3377 1866 3407 In
1882 3374 1942 3405 hoc
1952 3375 2060 3405 autem
2073 3373 2212 3405 historiae

2071 3437 2087 3460 3
