2326 3724
950 172 1289 213 FRAGMENTA.
2146 181 2193 215 75

40 262 182 303 θοῧντας
199 257 283 310 πρὸς
307 255 369 304 τὴν
394 255 543 296 ἔκδοσιν.
566 255 631 294 Ἐν
651 248 700 299 οἷς
724 255 784 294 καὶ
803 257 871 294 τῶν
894 257 1083 307 βασιλικῶν

40 320 194 370 ὑπῆρχον
208 318 367 366 Σκυθῶν,
383 314 416 354 οἳ
432 314 498 353 ὑπὸ
512 313 661 366 Ἀττήλᾳ
676 313 862 352 τάττεσθαι
874 314 1084 365 ἀνηνάμενοι

39 375 136 428 παρὰ
161 374 360 425 Ῥωμαίους
388 372 564 424 ἀφίκοντο.
586 375 669 416 Τοῖς
689 371 724 410 δὲ
745 376 851 411 αὑτοῦ
877 376 896 412 6
916 373 1084 420 Ἀττήλας

0 478 4 488 ι
40 433 232 486 προστιθεὶς
263 432 497 483 ἐπιτάγμασι,
525 431 584 469 καὶ
612 431 879 481 Ἀσημουντίους
905 431 1083 471 ἐκέλευσεν

40 492 212 531 ἐκδιδόναι
240 490 340 535 ὅσους
375 490 622 543 αἰχμαλώτους
657 492 814 542 ὑπῆρχον
846 489 982 542 ἔχοντες
1016 490 1085 529 εἴτε

0 590 4 595 ‚
39 549 238 601 Ῥωμαίους
257 549 326 588 εἴτε
348 549 558 601 βαρὸάρους.
586 549 757 598 Ἀσημοῦς
776 547 811 585 δέ
831 551 904 587 ἐστι
926 547 1084 601 φρούριον

0 611 4 660 ζ
38 608 217 661 καρτερὸν,
243 609 282 646 οὔ
306 606 395 645 πολὺ
417 607 478 658 μὲν
507 606 637 658 ἀπέχον
664 610 725 653 τῆς
745 606 952 659 Ἰλλυρίδος,
972 609 1022 659 τῷ
1050 607 1085 645 δὲ

0 662 1 665 ¹
39 667 187 720 Θρᾳκίῳ
202 666 451 718 προσκείμενον
470 665 578 718 μέρει·
596 665 681 718 ὅπερ
698 667 728 703 οἱ
744 667 952 709 ἐνοικοῦντες
966 665 1087 717 ἄνδρες

39 724 153 764 πολλὰ
172 724 266 763 δεινὰ
282 724 361 767 τοὺς
381 724 524 776 ἐχθροὺς
539 723 763 776 εἰργάσαντο,
791 725 852 762 οὐκ
872 723 941 761 ἀπὸ
960 727 1085 776 τειχῶν

40 783 272 834 ἀμυνόμενοι,
293 784 371 822 ἀλλ’
392 783 456 827 ἔξω
477 787 537 830 τῆς
561 783 694 836 τάφρου
715 783 834 835 μάχας
858 782 1086 836 ὑφιστάμενοι

40 843 125 895 πρός
141 858 178 881 τε
193 843 334 895 ἄπειρον
355 843 485 888 πλῆθος
501 841 562 880 καὶ
576 840 792 895 στρατηγοὺς
810 841 971 893 μέγιστον
988 841 1086 894 παρὰ

40 902 192 946 Σκύθαις
211 902 353 954 ἔχοντας
369 901 468 944 κλέος
479 933 489 948 ,
506 900 596 939 ὥστε
615 901 694 944 τοὺς
710 900 772 951 μὲν
787 901 938 943 Οὔννους
953 901 1086 952 ἀπορή-

45 977 175 1005 σαντας
194 964 252 999 τοῦ
270 960 432 1014 φρουρίου
451 962 749 1013 ὑπαναχωρῆσαι,
768 958 845 1003 τοὺς
865 959 900 997 δὲ
922 959 1088 1012 ἐπεκτρέ-

39 1034 167 1072 χοντας
186 1019 247 1058 καὶ
267 1018 471 1072 περαιτέρω
492 1021 561 1057 τῶν
584 1019 719 1057 οἰκείων
743 1019 963 1071 γινομένους,
984 1019 1086 1066 ἡνίκα

42 1079 264 1130 ἀπήγγελλον
292 1080 409 1122 αὐτοῖς
429 1080 460 1116 οἱ
489 1077 613 1117 σκοποὶ
636 1077 759 1116 διιέναι
790 1076 869 1121 τοὺς
901 1078 1087 1128 πολεμίους

38 1137 135 1176 λείαν
163 1137 370 1189 Ῥωμαϊκὴν
391 1136 609 1189 ἀπάγοντας,
642 1137 824 1184 ἀδοκήτοις
841 1153 878 1175 τε
900 1137 1085 1185 ἐμπίπτειν

39 1197 100 1236 καὶ
116 1196 265 1251 σφέτερα
283 1197 328 1235 τὰ
349 1197 487 1236 ἐκείνων
506 1200 680 1235 ποιεῖσθαι
696 1197 856 1249 λάφυρα,
875 1196 1002 1242 πλήθει
1020 1196 1084 1247 μὲν

38 1256 261 1306 λειπομένους
277 1259 346 1295 τῶν
364 1255 701 1306 ἀντιπολεμούντων,
725 1257 831 1308 ἀρετῇ
851 1255 886 1293 δὲ
904 1255 964 1294 καὶ
984 1255 1085 1307 ῥώμῃ

39 1314 277 1367 διαφέροντας.
302 1314 493 1358 Πλείστους
507 1314 619 1352 τοίνυν
635 1315 667 1352 οἱ
687 1313 930 1364 Ἀσημούντιοι
949 1317 982 1351 ἐν
997 1316 1085 1367 τῷδε

38 1376 88 1426 τῷ
118 1373 264 1427 πολέμῳ
295 1373 433 1417 Σκύθας
460 1373 523 1424 μὲν
556 1372 781 1422 ἀπέκτειναν,
819 1372 1019 1423 Ῥωμαίους
1050 1372 1085 1411 δὲ

37 1431 293 1485 ἠλευθέρωσαν,
310 1431 387 1475 τοὺς
405 1431 440 1470 δὲ
459 1432 519 1470 καὶ
537 1431 805 1483 ἀποδράσαντας
831 1434 900 1469 τῶν
919 1431 1084 1470 ἐναντίων

39 1489 209 1536 ἐδέξαντο.
233 1492 309 1530 Οὔκ
331 1490 482 1541 ἀπάγειν
505 1484 563 1529 οὖν
581 1490 647 1544 ἔφη
671 1493 688 1528 6
709 1490 876 1536 Ἀττήλας
898 1490 955 1528 τὸν
977 1507 1085 1543 στρα-

38 1549 110 1596 τὸν,
129 1548 208 1588 οὐδὲ
231 1551 415 1600 ἐπικυροῦν
438 1548 499 1592 τὰς
516 1551 576 1595 τ’ἧς
596 1550 734 1601 εἰρήνης
759 1548 952 1596 συνθήκας,
975 1551 1004 1587 εἷ
1036 1548 1084 1600 μὴ

38 1608 207 1645 ἐκδοθεῖεν
222 1610 251 1646 οἳ
263 1608 347 1660 παρ’
358 1608 508 1652 ἐκείνους
518 1607 988 1662 καταφυγόντεςῬωμαῗοιῆ
999 1608 1085 1682 ὑπὲρ

41 1666 154 1704 αυτῶν
171 1667 332 1705 δοθεῖεν’
314 1667 563 1717 αποτιμήσεις,
584 1667 830 1720 ἀφεθείησαν
812 1666 848 1705 οὲ
863 1683 923 1705 και
942 1669 972 1704 οἱ
987 1667 1085 1719 παρὰ

41 1725 299 1775 Ἀσημουντίων
312 1725 526 1778 ἀπαχθέντες
538 1726 761 1778 αἰχμάλωτοι
774 1725 961 1779 βάρὸαροι.
980 1725 1086 1765 Ἀντι-

41 1782 153 1834 λέγειν
173 1784 210 1822 δὲ
230 1786 325 1838 αὖτῳ
342 1789 387 1829 ὡς
403 1786 468 1837 οὐχ
485 1779 554 1828 οῑός
570 1801 607 1823 τε
627 1788 670 1833 ἠν
691 1801 768 1823 ουτε
788 1785 982 1830 Ἀνατόλιος
1002 1802 1085 1838 πρε-

39 1842 265 1893 σὸευόμενος,
283 1843 360 1882 οὔτε
377 1845 568 1887 Θεόδουλος
587 1847 605 1882 6
620 1847 689 1882 τῶν
707 1860 971 1896 στρατιωτικων
994 1844 1086 1882 κατὰ

36 1900 76 1940 τὸ
96 1901 250 1956 Θρᾴκιον
279 1903 470 1954 ταγμάτων
495 1902 685 1954 ἡγούμενος
720 1902 816 1956 (οὔτε
840 1903 907 1956 γὰρ
933 1902 1082 1951 ἔπειθον,

40 1960 119 1999 οὔτε
135 1961 179 1999 τὰ
200 1961 325 2012 εὔλογα
345 1961 598 2015 προτείνοντες,
615 1966 676 2000 τοῦ
705 1962 767 2013 μὲν
789 1962 889 2015 [γὰρ]
908 1962 1084 2015 βαρὸάρου

37 2019 290 2073 τεθαρρηκότος
320 2020 379 2059 καὶ
412 2020 605 2073 προχείρως
633 2022 665 2064 ἐς
692 2020 737 2058 τὰ
766 2021 857 2059 ὅπλα
883 2024 1081 2073 ὁρμῶντος,

35 2139 70 2162 se
85 2131 309 2171 adjunxerant.
354 2134 423 2164 Pra
425 2134 475 2164 ter
491 2132 548 2163 has
563 2132 651 2172 pacis
666 2132 864 2164 conditiones
883 2133 997 2164 Attilas
1015 2133 1085 2164 Asi-

35 2183 169 2214 muntiis
178 2192 308 2223 quoque
320 2183 502 2223 imperavit,
519 2184 555 2215 ut
569 2184 729 2224 captivos,
745 2193 826 2224 quos
839 2193 934 2223 penes
947 2193 980 2216 se
995 2184 1086 2215 habe-

35 2234 126 2272 rent,
145 2233 212 2265 sive
236 2235 412 2274 Romanos,
429 2235 498 2267 sive
508 2235 678 2275 barbaros,
696 2235 877 2268 redderent.
901 2237 955 2268 Est
977 2238 1087 2269 autem

37 2285 166 2319 Asimus
179 2286 334 2327 oppidum
344 2287 505 2328 validum,
520 2297 585 2320 non
598 2289 736 2321 multum
753 2289 793 2321 ab
810 2289 936 2330 lllyrico
953 2290 1085 2330 distans,

36 2338 123 2379 quod
137 2339 219 2379 parti
238 2339 383 2371 Thraciae
399 2339 542 2379 adjacet,
560 2341 653 2381 qu'us
670 2341 784 2373 incolae
797 2342 945 2382 gravibus
962 2342 1088 2374 damnis

37 2389 144 2422 hostes
156 2390 343 2422 affecerunt.
357 2393 429 2423 Non
445 2392 490 2423 illi
506 2392 638 2433 quidem
652 2402 686 2424 se
699 2402 865 2425 murorum
881 2394 1004 2426 ambitu
1019 2396 1088 2426 tue-

37 2440 169 2482 bantur,
178 2442 231 2474 sed
243 2444 334 2474 extra
343 2445 580 2484 propunnacnla
587 2445 762 2476 certamina
769 2445 1087 2478 sustinebantcontra

37 2493 195 2525 infinitam
224 2494 416 2535 Scytharum
441 2495 680 2528 multitudinem
699 2499 731 2529 et
758 2496 856 2529 duces
871 2497 976 2537 magni
1001 2498 1085 2538 apud

37 2553 92 2577 eos
107 2546 244 2578 nominis
265 2547 298 2577 et
323 2546 580 2580 existimationis.
625 2550 738 2588 ltaque
757 2548 865 2580 Hunni
885 2549 1003 2581 omissa
1032 2558 1087 2590 spe

37 2595 80 2629 ab
97 2597 310 2638 oppugnando
327 2598 444 2639 oppido
457 2599 659 2631 destiterunt.
678 2600 726 2632 llli
740 2601 847 2632 autem
861 2602 1013 2641 vagantes
1025 2605 1057 2633 et
1068 2610 1087 2633 a

38 2650 105 2681 suis
121 2649 245 2688 longius
269 2649 472 2690 aberrantes,
490 2651 515 2682 si
533 2652 661 2692 quando
675 2653 781 2684 hostes
797 2653 898 2685 exisse
914 2655 946 2685 et
965 2654 1087 2693 praedas

38 2708 79 2732 ex
96 2701 250 2733 Romanis
265 2701 364 2741 egisse
389 2703 604 2743 exploratores
617 2704 867 2744 denuntiabant,
886 2705 1088 2745 inopinantes

38 2753 172 2793 aggressi
186 2754 275 2793 parta
286 2753 326 2784 ab
340 2754 385 2785 eis
394 2754 493 2794 spolia
505 2754 564 2786 sibi
579 2755 795 2795 vindicabant,
808 2766 942 2788 numero
955 2757 1085 2797 quidem

38 2802 205 2836 inferiores
229 2804 438 2846 adversariis,
462 2805 516 2837 sed
545 2807 659 2838 robore
684 2809 716 2839 et
741 2808 860 2840 virtute
888 2810 1085 2848 praestantts.

39 2855 153 2902 ltaque
168 2855 336 2888 Asimuntii
359 2857 512 2897 plurimos
524 2867 564 2890 ex
578 2859 725 2899 Scythis'
718 2868 750 2890 in
766 2860 826 2891 hoc
845 2860 928 2891 bello
949 2869 1086 2893 necave-

39 2908 136 2947 runt,
151 2907 184 2939 et
196 2908 317 2939 multos
329 2910 568 2941 Romanorum
560 2919 593 2941 lu
610 2911 790 2943 libertatem
814 2914 1039 2952 asseruerunt,
1054 2914 1087 2945 et

39 2957 179 2991 hostium
189 2961 368 3001 transfugas
379 2964 577 3002 receperunt.
590 2963 806 3001 Quamobrem
818 2964 947 3004 Attilas,
958 2973 991 2996 se
999 2974 1087 2996 exer-

40 3012 139 3044 citum
162 3022 225 3044 non
251 3015 325 3045 ante
351 3017 535 3055 moturum,
554 3018 611 3048 aut
639 3016 767 3048 foederis
782 3017 979 3050 conditiones
1003 3020 1088 3051 ratas

41 3063 228 3097 habiturum
240 3066 398 3106 professus
411 3069 477 3108 est,
491 3077 588 3108 quam
605 3069 752 3109 Romani,
773 3070 827 3110 qui
839 3070 878 3102 ad
892 3070 1087 3102 Asimuntios

41 3118 269 3159 pervenissent,
284 3120 504 3161 redderentur,
519 3122 573 3153 aut
589 3131 646 3161 pro
666 3122 713 3154 his
727 3122 846 3154 mulcta
857 3125 1013 3155 conventa
1025 3124 1089 3155 sol-

45 3172 185 3210 veretur,
212 3174 245 3204 et
276 3172 487 3206 liberarentur
516 3175 646 3207 abducti
671 3175 704 3207 in
735 3176 923 3208 servitutem
947 3177 1086 3209 barbari.

44 3224 167 3263 Quum,
183 3232 254 3264 quae
273 3227 384 3259 contra
406 3235 447 3258 ea
472 3226 650 3266 dissereret,
674 3236 739 3263 non
765 3227 897 3259 haberet
924 3229 1087 3260 Anatolius

44 3273 182 3315 legatus,
205 3285 310 3316 neque
322 3277 523 3317 Theodulus,
541 3278 808 3318 proesidiariorum
831 3279 975 3311 Thraciae
1002 3280 1087 3311 mili-

45 3326 115 3356 tum
139 3326 203 3357 dux
220 3327 315 3367 (nihil
335 3329 420 3360 enim
439 3329 614 3363 rationibus
635 3330 701 3362 suis
716 3330 887 3362 barbarum
904 3332 1087 3371 movebant,

45 3377 100 3417 qui
115 3379 233 3412 recenti
246 3380 380 3413 victoria
392 3381 512 3423 elatus,
527 3385 675 3424 prompte
690 3383 730 3415 ad
743 3392 833 3415 arma
844 3384 1014 3424 ferebatur,
1031 3384 1087 3425 ipsi

1151 256 1265 293 αὐτῶν
1285 252 1322 292 δὲ
1334 253 1607 306 κατεπτηχότων
1623 253 1679 292 διὰ
1695 255 1740 292 τὰ
1756 255 2028 308 προϋπάρξαντα
2039 257 2066 308 ),
2080 255 2197 308 γράμ-

1149 329 1245 365 ματα
1274 313 1371 365 παρὰ
1391 312 1469 357 τοὺς
1487 313 1755 364 Ἀσημουντίους
1778 314 1938 353 ἔστελλον
1966 314 1989 362 ἢ
2023 315 2196 354 ἐκδιδόναι

1145 372 1224 416 τοὺς
1254 372 1343 424 παρ’,
1370 371 1494 416 αὐτοὺς
1531 372 1794 424 καταφυγόντας
1825 373 2071 424 αἰχμαλώτους
2103 373 2195 413 Ῥω-

1147 431 1289 483 μαίους,
1307 430 1329 477 ἢ
1351 430 1436 484 ὑπὲρ
1457 430 1604 469 ἑκάστου
1622 430 1756 469 δώδεκα
1773 431 1904 469 τιθέναι
1919 435 2069 483 χρυσοῦς
2083 461 2094 482 ,
2118 433 2196 470 δια-

1146 494 1290 544 φεθῆναι
1312 489 1347 528 δὲ
1366 490 1426 528 καὶ
1450 489 1528 534 τοὺς
1556 489 1804 543 αἰχμαλώτους
1833 489 1996 533 Οὕννους.
2018 493 2063 528 Οἱ
2097 491 2131 528 δὲ
2152 490 2197 528 τὰ

1147 551 1260 592 αὐτοῖς
1278 548 1521 600 ἐπεσταλμένα
1544 548 1749 600 ἀναγνόντες
1777 548 1911 602 ἔφασαν
1929 548 2006 591 τοὺς
2029 547 2089 597 μὲν
2108 551 2193 601 παρ’

1149 608 1272 652 αὐτοὺς
1286 607 1552 661 καταφυγόντας
1567 607 1767 657 Ῥωμαίους
1785 610 1922 660 ἀφεῖναι
1937 608 1990 645 ἐπ’
2007 607 2198 661 ἐλευθερίᾳ,

1150 666 1287 711 Σκύθας
1306 665 1342 705 δὲ
1359 666 1459 710 ὅσους
1480 666 1728 718 αἰχμαλώτους
1745 665 1872 704 ἔλαὸον
1887 664 2112 718 ἀνῃρηκέναι,
2135 666 2197 704 δύο

1150 726 1185 764 δὲ
1200 724 1439 769 συλλαὸόντας
1458 724 1549 776 ἔχειν
1571 723 1628 763 διὰ
1652 725 1691 763 τὸ
1717 723 1776 763 καὶ
1796 724 1874 768 τοὺς
1903 723 2089 774 πολεμίους
2111 724 2200 774 μετὰ

1148 783 1210 831 τὴν
1232 783 1419 836 γενομένην
1444 783 1503 821 ἐπὶ
1519 783 1640 836 χρόνον
1663 783 1865 835 πολιορκίαν
1882 782 1914 827 ἐξ
1930 782 2068 835 ἐνέδρας
2088 784 2201 820 ἐπιθε-

1151 844 1272 895 μένους
1285 846 1354 883 τῶν
1369 843 1435 896 πρὸ
1448 846 1507 881 τοῦ
1523 841 1685 895 φρουρίου
1703 842 1874 893 νεμόντων
1889 842 2025 880 παίδων
2041 841 2200 893 ἁρπάσαι

1150 902 1260 951 τινὰς,
1278 902 1335 947 οὒς
1355 905 1384 941 εἰ
1405 902 1453 952 μὴ
1476 901 1698 949 ἀπολάὸοιεν,
1724 900 1801 940 οὐδὲ
1827 900 1904 945 τοὺς
1929 900 2025 953 νόμῳ
2045 900 2203 951 πολέμου

1150 962 1336 1010 κτηθέντας
1351 960 1558 1000 ἀποδώσειν.
1573 963 1696 1000 Ταῦτα
1715 959 2002 1011 ἀπαγγειλάντων
2020 962 2088 997 τῶν
2103 959 2202 1012 παρὰ

1148 1020 1225 1065 τοὺς
1244 1020 1510 1070 Ἂσημουντίους
1530 1019 1746 1072 ἀφιγμένων,
1764 1022 1814 1072 τῷ
1838 1035 1874 1057 τε
1893 1021 2036 1058 Σκυθῶν
2059 1020 2200 1070 βασιλεῖ

1149 1080 1210 1118 καὶ
1231 1083 1303 1123 τοῖς
1322 1078 1512 1130 Ῥωμαίοις
1541 1078 1707 1131 ἄρχουσιν
1729 1078 1840 1116 ἐδόκει
1864 1077 1926 1128 μὲν
1948 1080 2195 1124 ἀναζητεῖσθαι

1149 1138 1205 1183 οὒς
1225 1141 1255 1177 οἱ
1277 1138 1519 1189 Ἀσημούντιοι
1540 1137 1674 1191 ἔφασαν
1698 1137 1876 1190 ἡρπάσθαι
1893 1138 2042 1184 παῖδας,
2064 1136 2199 1180 οὐδενὸς

1149 1197 1185 1235 δὲ
1203 1197 1377 1250 φανέντος,
1396 1199 1426 1235 οἱ
1444 1196 1540 1249 παρὰ
1558 1202 1628 1239 τοῖς
1642 1197 1903 1247 Ἀσημουντίοις
1919 1195 2090 1249 βάρὸαροι
2108 1197 2194 1232 ἀπε-

1149 1256 1311 1304 δόθησαν,
1328 1256 1464 1300 πίστεις
1491 1258 1559 1293 τῶν
1582 1257 1727 1294 Σκυθῶν
1753 1255 1881 1293 δόντων
1903 1258 1948 1298 ὡς
1975 1256 2059 1306 παρ’
2083 1256 2200 1297 αὐτοῖς

1149 1317 1179 1353 οἱ
1199 1316 1321 1359 παῖδες
1339 1316 1402 1353 οὐκ
1419 1313 1555 1362 εἴησαν.
1582 1313 1814 1364 Ἐπώμνυντο
1828 1314 1864 1351 δὲ
1881 1313 1940 1352 καὶ
1961 1316 1991 1352 οἱ
2009 1313 2199 1363 Ἀσημούν-

1147 1390 1236 1421 τιοι,
1266 1376 1314 1418 ὡς
1346 1376 1377 1412 οἱ
1399 1374 1498 1426 παρὰ
1530 1379 1619 1426 σφᾶς
1649 1373 1906 1426 καταφυγόντες
1938 1372 2110 1422 Ῥωμαῖοι
2144 1373 2199 1409 ἐπ’

1148 1432 1322 1485 ἐλευθερίᾳ
1343 1433 1546 1485 ἀφείθησαν.
1566 1429 1724 1482 ’Ώμνυον
1746 1431 1803 1479 δὲ,
1823 1431 1949 1483 καίπερ
1966 1431 2065 1482 παρά
2082 1446 2200 1483 σφισιν

1147 1491 1256 1530 ὄντων
1275 1491 1477 1543 Ῥωμαίων·
1494 1493 1531 1529 οὒ
1550 1490 1617 1543 γὰρ
1634 1491 1792 1543 ἐπίορκον
1810 1489 1918 1543 ᾤοντο
1930 1489 2030 1542 ὅρκον
2052 1489 2200 1539 ὀμνύναι

1148 1549 1204 1588 ἐπὶ
1221 1553 1264 1602 τῇ
1294 1549 1450 1602 σωτηρίᾳ
1467 1552 1535 1587 τῶν
1565 1551 1604 1587 ἐκ
1623 1553 1682 1587 τοῦ
1711 1548 1877 1603 σφετέρου
1904 1548 2021 1599 γένους
2049 1548 2197 1601 ἀνδρῶν.

1149 1610 1206 1649 Cf.
1226 1611 1394 1648 Gibbon.
1413 1613 1478 1657 VI,
1495 1624 1535 1660 p.
1562 1615 1611 1659 49
1628 1623 1710 1659 sqq.

1391 1699 1429 1735 6.
1453 1700 1558 1747 (447.
1577 1700 1768 1736 Theodos.
1791 1712 1852 1736 an.
1878 1698 1956 1748 4ο.)

1201 1788 1348 1824 Ibidem
1364 1802 1405 1837 p.
1431 1789 1494 1825 36.
1520 1788 1567 1835 37
1590 1785 1634 1825 :‘'

1634 1789 1701 1826 Οτι
1721 1785 1915 1838 γενομένων
1934 1787 2001 1823 τῶν
2030 1786 2199 1833 σπονδῶν,

1151 1844 1320 1891 Ἀττήλας
1353 1839 1448 1890 αὗθις
1480 1845 1576 1898 παρὰ
1607 1845 1686 1889 τοὺς
1716 1845 1821 1897 ἑῴους
1855 1845 1989 1896 ἔπεμψε
2019 1844 2200 1895 πρέσὸεις,

1135 1904 1303 1956 ’φυγάδας
1323 1907 1445 1944 αἰτῶν.
1475 1907 1522 1943 Οἱ
1542 1904 1577 1942 δὲ
1597 1904 1676 1948 τοὺς
1693 1904 1991 1957 πρεσὸευομένους
2018 1902 2200 1953 δεξάμενοι

1148 1963 1208 2000 καὶ
1225 1962 1402 2006 πλείστοις
1420 1962 1540 2015 δώροις
1557 1962 1832 2015 θεραπεύσαντες
1852 1963 2078 2014 ἀπέπεμψαν,
2094 1962 2201 2014 φυγά-

1150 2022 1210 2065 δας
1231 2022 1280 2071 μὴ
1303 2021 1395 2073 ἔχειν
1415 2022 1601 2074 φήσαντες.
1627 2021 1742 2061 Πάλιν
1775 2020 1909 2074 ἑτέρους
1929 2021 2078 2074 ἔπεμψε.
2099 2023 2200 2073 Χρη-

1154 2135 1265 2164 contra
1278 2135 1408 2174 propter
1421 2142 1530 2165 recens
1540 2134 1703 2173 acceptam
1717 2133 1842 2164 cladem
1858 2133 1972 2164 animis
1982 2133 2198 2172 ceciderant),

1149 2185 1336 2216 Asimuntiis
1351 2193 1407 2225 per
1422 2185 1545 2217 litteras
1556 2184 1792 2225 significarunt,
1811 2186 1848 2216 ut
1861 2186 2021 2216 Romanos
2036 2184 2198 2224 captivos,

1147 2237 1204 2277 qui
1222 2237 1263 2268 ad
1282 2246 1316 2269 se
1344 2237 1574 2278 perfugissent,
1601 2237 1824 2277 restituerent,
1842 2238 1899 2268 aut
1922 2245 1981 2277 pro
2002 2245 2200 2277 unoquoque

1147 2290 1274 2330 captivo
1299 2289 1469 2322 duodecim
1486 2299 1600 2322 aureos
1624 2290 1822 2330 penderent,
1841 2291 1874 2321 et
1896 2291 2033 2337 Hunnos
2055 2290 2200 2330 captivos

1146 2343 1328 2375 liberarent.
1349 2343 1472 2381 Quibus
1487 2343 1602 2375 litteris
1617 2343 1724 2383 lectis,
1739 2345 1917 2382 Romanos,
1934 2342 1998 2383 qui
1999 2342 2048 2374 ad
2065 2351 2098 2374 se
2117 2351 2197 2374 con-

1147 2396 1187 2426 fu
1181 2395 1310 2436 rissent,
1325 2396 1444 2428 liberos
1465 2404 1499 2427 se
1515 2395 1603 2427 abire
1621 2395 1754 2435 sivisse,
1779 2395 1915 2435 Scythas
1931 2403 2017 2433 vero,
2038 2394 2199 2434 quotquot

1146 2447 1179 2478 in
1194 2456 1267 2479 suas
1292 2456 1407 2479 manus
1423 2447 1602 2487 venissent,
1622 2447 1798 2479 trucidasse
1820 2445 2064 2486 responderunt
2113 2447 2200 2477 Duos

1145 2501 1254 2532 autem
1267 2501 1412 2541 captivos
1433 2500 1589 2540 retinere,
1604 2502 1772 2541 propterca
1793 2499 1882 2540 quod
1901 2499 2018 2538 hostes,
2033 2498 2199 2530 obsidione

1145 2553 1280 2593 omissa,
1307 2554 1339 2585 in
1365 2553 1486 2586 insidiis
1508 2554 1675 2593 collocati,
1707 2552 1879 2584 nonnullos
1894 2560 2027 2592 pueros,
2045 2551 2101 2591 qui
2124 2551 2199 2582 ante

1146 2606 1341 2638 munitiones
1356 2615 1464 2647 greges
1486 2606 1680 2646 pascebant,
1694 2605 1890 2645 rapuissent,
1909 2613 1989 2644 quos
2004 2603 2062 2635 nisi
2079 2603 2199 2643 recipe-

1146 2660 1229 2698 rent,
1238 2660 1380 2700 captivos
1391 2660 1463 2699 J‘ure
1472 2659 1548 2691 belli
1561 2659 1621 2691 sibi
1634 2658 1808 2698 acquisitos
1826 2656 1956 2688 minime
1980 2656 2196 2691 restituturos.

1149 2713 1227 2743 Haec
1244 2712 1467 2743 renuntiarunt
1480 2711 1535 2751 qui
1548 2710 1588 2742 ad
1605 2710 1800 2742 Asiniuntios
1812 2709 1898 2740 missi
1920 2708 2057 2740 fuerant.
2073 2708 2200 2746 Quibus

1145 2763 1279 2803 auditis,
1298 2763 1490 2803 Scytharum
1503 2762 1567 2802 regi
1580 2764 1612 2794 et
1625 2761 1775 2794 Romanis
1793 2760 1987 2801 principibus
2003 2760 2121 2800 placuit
2137 2768 2198 2791 ex-

1145 2814 1228 2854 quiri
1244 2823 1377 2855 pueros,
1391 2823 1473 2854 quos
1489 2813 1659 2846 Asimuutii
1688 2815 1794 2853 raptos
1807 2821 1874 2844 esse
1886 2811 2112 2852 querebantur.
2134 2810 2197 2843 sed

1145 2867 1272 2898 nemine
1285 2868 1431 2906 reperto,
1454 2865 1580 2897 barbari
1595 2865 1636 2896 ab
1653 2864 1840 2896 Asimuntiis
1854 2863 1938 2903 capti
1960 2864 2047 2905 sunt:
2058 2861 2197 2902 dimissi,

1146 2917 1232 2958 prius
1248 2919 1356 2949 tamen
1374 2917 1436 2949 fide
1458 2926 1478 2948 a
1505 2917 1633 2957 Scythis
1650 2917 1803 2956 accepta,
1824 2924 1890 2947 non
1906 2923 1973 2946 esse
1995 2894 2080 2954 εἶὴά
2113 2914 2198 2954 ipsos

1145 2978 1271 3011 pueros.
1287 2973 1304 3002 J
1310 2971 1486 3001 uraverunt
1495 2969 1591 3001 etiam
1604 2968 1792 3007 Asimuntii,
1809 2977 1842 3000 se
1855 2969 2029 3006 Romanos,
2041 2966 2094 3007 qui
2109 2966 2149 2998 ad
2164 2975 2197 2998 se

1146 3022 1376 3062 confugissent,
1391 3021 1538 3053 libertate
1553 3021 1709 3060 donasse,
1730 3019 1879 3060 quamvis
1894 3019 2001 3050 adhuc
2023 3018 2167 3050 multos
2158 3027 2191 3049 1n

1146 3082 1203 3104 sua
1214 3075 1371 3114 potestate
1384 3073 1549 3105 haberent.
1571 3075 1637 3105 Nec
1650 3072 1736 3104 enim
1747 3071 1805 3104 sibi
1821 3070 1978 3111 pejerasse
1991 3069 2195 3108 videbantur,

1146 3125 1242 3174 inodo
1253 3134 1328 3157 suos
1337 3133 1356 3157 a
1368 3125 1580 3157 barbarorum
1596 3124 1752 3156 servitute
1763 3123 1869 3155 salvos
1881 3125 1914 3154 et
1925 3121 2102 3153 incolumes
2115 3129 2194 3161 prae·

1145 3177 1276 3208 starent.

1650 3226 1686 3258 6.

1189 3282 1271 3312 Pace
1288 3279 1389 3319 facta,
1404 3279 1518 3312 Attilas
1534 3288 1646 3311 rursus
1663 3279 1784 3319 legatos
1798 3277 1838 3309 ad
1848 3279 2008 3309 Romanos
2018 3273 2195 3306 orientales

1147 3332 1258 3370 mittit,
1275 3333 1331 3373 qui
1354 3332 1535 3372 transfugas
1561 3331 1754 3372 repeterent.
1781 3330 1822 3362 At
1845 3329 1890 3360 illi
1915 3328 2033 3366 legatos
2053 3325 2195 3365 plurimis

1148 3384 1240 3416 donis
1254 3385 1395 3424 ornatos,
1410 3392 1510 3425 quum
1521 3383 1626 3415 nullos
1638 3382 1784 3423 perfugas
1799 3379 1883 3421 apud
1897 3387 1931 3411 se
1939 3387 2006 3411 esse
2015 3384 2192 3409 asseveras-
