2326 3724
11 251 23 315 J
50 259 300 313 ταραχθέντες,
330 259 390 298 καὶ
419 258 531 311 εὐνοίᾳ
553 260 595 310 τῇ
629 257 712 310 πρὸς
745 256 867 300 αὐτοὺς
897 261 1005 296 ταῦτα
1034 258 1091 296 τὸν

0 317 26 362 ’ἔ
50 318 196 371 Χελχὰλ
218 317 390 371 εἰρηκέναι
414 317 632 367 νομίσαντες,
654 316 732 360 τοὺς
751 317 785 354 ἐν
811 318 925 360 αὐτοῖς
944 315 1094 360 Οὔννους

19 383 24 404 ἶ
53 379 140 429 (ὡς)
163 376 346 419 συστάντες
366 375 608 427 διεχειρίζοντο
623 391 631 399 ·
657 374 715 413 καὶ
732 375 831 427 μάχη
853 374 1004 426 καρτερὰ
1024 378 1094 426 ἀμ-

23 476 25 478 ,
49 435 201 488 φοτέρων
211 433 397 474 συνίστατο
408 436 475 471 τῶν
487 435 590 472 ἐθνῶν
602 435 641 471 ἐκ
650 433 878 482 συνθήματος.
891 432 940 472 ἱῸ
952 431 1091 486 Ἀσπαρ

49 492 257 543 πυθόμενος,
278 492 368 530 ἀλλὰ
388 492 455 544 γὰρ
475 492 535 530 καὶ
556 494 586 530 οἱ
611 494 678 530 τῶν
695 493 826 529 λοιπῶν
853 492 1091 543 στρατοπέδων

33 551 215 602 ’ἡγεμόνες
240 550 329 601 μετὰ
347 553 413 589 τῶν
432 550 566 588 οἷκείων
587 549 872 602 παραταξάμενοι
892 550 949 588 τὸν
970 552 1092 589 ἐπιτυ-

26 607 34 638 s
49 609 158 661 χόντα
179 611 248 647 τῶν
274 608 460 661 βαρὸάρων
486 608 648 660 ἀνῄρουν.
669 611 702 647 Τ
705 611 743 645 οῦ
772 607 807 645 δὲ
827 607 926 646 δόλου
953 609 1012 646 καὶ
1032 612 1093 655 τῆς

51 666 186 721 ἀπάτης
195 669 226 705 οἱ
238 666 372 705 Σκύθαι
384 666 549 710 λαὸόντες
560 665 690 704 ἔννοιαν
701 672 789 718 σφᾶς
799 682 836 704 τε
848 668 1090 714 ἀνεκαλοῦντο,

0 718 27 803 ξ
50 725 109 764 καὶ
128 727 160 768 ἐς
187 727 307 778 χεῖρας
333 728 404 768 τοῖς
436 724 626 775 Ῥωμαίοις
660 724 827 777 ἐχώρουν.
852 725 944 764 Ἀλλ’
965 727 995 763 οἱ
1028 726 1090 775 μὲν

0 783 21 827 35
50 782 224 835 Ἄσπαρος
242 783 304 830 τήν
322 799 437 834 σφισιν
457 784 692 835 ἐπιλαχοῧσαν
713 783 866 835 ἔφθασαν
887 783 1094 821 ἀναλώσαν-

0 843 18 871 ²2
50 857 103 886 τες
131 845 276 894 μοῖραν·
296 848 366 886 τοῖς
393 842 428 880 δὲ
453 842 585 886 λοιποῖς
610 848 816 894 στρατηγοῖς
836 843 898 880 οὐκ
918 842 1093 885 ἀκίνδυνος

0 917 7 923 ³
30 925 32 927 -
51 903 72 946 ἡ
95 900 193 952 μάχη
214 899 366 951 ἐγένετο,
382 903 449 938 τῶν
472 900 660 952 βαρὸάρων
676 903 851 954 καρτερῶς
871 901 1090 952 ἀγωνισαμέ-

52 974 130 1006 νων,
150 958 239 997 ὥστε
254 958 331 1003 τοὺς
348 958 381 1004 ἐξ
396 960 510 998 αὐτῶν
527 959 792 1013 ὑπολειφθέντας
805 959 865 1003 τάς
881 975 918 997 τε
936 959 1091 1009 Ῥωμαϊ-

48 1015 112 1060 κὰς
129 1017 239 1061 τάξεις
260 1017 449 1056 διώσασθαι
468 1017 528 1055 καὶ
550 1019 632 1070 τῇδε
650 1017 711 1064 τὴν
732 1017 935 1070 πολιορκίαν
965 1018 1092 1070 διαφυ-

50 1077 135 1125 γεῖν.
153 1077 210 1115 Cf.
227 1079 439 1116 Tillemont.
455 1079 504 1115 VI
517 1105 526 1123 ,
541 1091 583 1127 p.
599 1079 672 1126 392
685 1105 695 1123 ‚
712 1080 777 1126 qui
792 1079 838 1114 de
853 1086 1022 1126 tempore
1038 1079 1093 1114 rei

19 1184 26 1187 „
49 1143 179 1172 monet
198 1149 206 1171 z
232 1153 246 1167 «
263 1137 295 1172 Il
313 1149 360 1172 ne
374 1137 453 1172 faut
467 1150 534 1185 pas
549 1144 684 1172 mettre
701 1145 761 1173 cet
774 1139 995 1173 evenemem
1007 1138 1093 1185 plus

52 1194 137 1229 tard
157 1195 269 1242 qu'en
290 1195 381 1240 467,
411 1196 571 1244 puisque
590 1196 796 1244 Basilisque
825 1197 916 1232 etait
947 1197 1093 1244 occupe

51 1264 98 1287 en
117 1251 191 1295 468
208 1254 228 1288 a
251 1253 287 1288 la
306 1265 440 1301 guerre
462 1253 526 1289 des
541 1254 738 1292 Vandales.
759 1270 773 1286 »

305 1350 368 1389 4ο.
393 1343 507 1397 (467.
526 1347 646 1382 Leon.
669 1358 731 1384 an.
758 1346 843 1395 11.)

105 1451 194 1486 Exc.
214 1452 270 1486 De
290 1451 363 1501 leg.
385 1452 500 1488 Rom.
519 1462 559 1498 p.
579 1450 627 1495 76
651 1447 761 1487 :⁰0r2
778 1447 876 1487 Λέων
894 1451 911 1486 ὁ
933 1448 1093 1500 βασιλεὺς
1109 1486 1116 1494 ,

53 1507 187 1545 στέλλει
199 1506 283 1560 πρὸς
295 1506 353 1544 τὸν
369 1506 550 1559 Γεζέριχον
565 1507 757 1559 Φύλαρχον
767 1506 830 1553 τὴν
844 1511 903 1545 τοῦ
916 1507 1093 1558 Ἀνθεμίου

2 1579 10 1588 ³
55 1564 233 1616 βασιλείαν
255 1565 417 1614 μηνύσων
435 1565 495 1604 καὶ
522 1565 676 1615 πόλεμον
695 1566 909 1615 ἀπειλήσων,
937 1568 965 1604 εἷ
985 1565 1035 1616 μή
1054 1581 1094 1617 γε

53 1626 114 1669 τῆς
132 1623 283 1667 Ἰταλίας
301 1624 360 1662 καὶ
383 1623 560 1676 βασιλείας
575 1623 750 1676 ἀςὲέξοιτο.
776 1625 957 1671 Ἐπανῆκε
975 1623 1011 1662 δὲ
1030 1626 1093 1676 ἀγ-

53 1681 197 1733 γέλλων,
216 1681 264 1732 μὴ
278 1682 403 1720 ἐθέλειν
421 1682 523 1721 αὐτὸν
537 1682 614 1727 τοὺς
627 1687 686 1724 τοῦ
705 1683 878 1736 βασιλέως
890 1683 1094 1735 προσίεσθαι

2 1767 3 1770 =
53 1739 193 1790 λόγους,
212 1741 303 1779 ἀλλὰ
319 1743 353 1782 ἐν
369 1741 524 1792 πολέμου
538 1735 625 1780 εἶναι
641 1745 867 1795 παρασκευῇ,
884 1745 929 1785 ὡς
942 1741 1007 1779 ὑπὸ
1026 1745 1093 1780 τῶν

35 1799 147 1852 --ἑῴων
178 1799 366 1850 Ῥωμαίων
403 1799 769 1854 παρασπονδούμενον.
804 1805 849 1843 V.
878 1804 1093 1842 Tillemont.

54 1861 385 1921 V1‚p.394sq.l

295 1964 358 2002 41.
381 1960 441 2010 (c.
459 1959 549 2003 468,
565 1962 686 1996 Leon.
707 1972 768 1995 an.
794 1959 880 2009 12.)

111 2069 203 2103 Exc.
222 2068 276 2105 De
296 2069 368 2117 leg.
388 2076 489 2117 gent.
507 2081 548 2116 p.
573 2069 621 2112 46
639 2081 648 2104 :
669 2064 755 2106 “on
775 2067 942 2118 μεγίστης
960 2067 1044 2120 πρὸς
1058 2067 1097 2106 τὸ

59 2124 240 2163 Σουάννων
274 2124 364 2168 ἔθνος
395 2125 585 2174 Ῥωμαίοις
612 2141 649 2163 τε
679 2125 739 2164 καὶ
769 2129 896 2170 Λαζοῖς
916 2127 1097 2178 ὑπαρχού-

58 2198 119 2229 σης
140 2184 319 2236 διαφορᾶς,
348 2183 408 2221 καὶ
428 2183 558 2237 σφόδρα
587 2185 619 2227 ἐς
645 2182 708 2230 τὴν
730 2187 788 2221 τοῦ
810 2184 966 2234 σήματος
982 2185 1002 2204 '⁶‘
1027 2187 1095 2222 τῶν

960 173 1285 215 FRAGMENTA.

2123 192 2196 226 109

1158 260 1339 298 Σουάννων
1357 262 1616 313 συνισταμένων
1633 264 1751 315 μάχην
1767 266 1800 305 ⁴¹.
1820 267 1890 305 Καὶ
1908 270 2054 321 Περσῶν
2070 271 2105 310 δὲ
2119 273 2197 311 ἑθε·

1156 318 1285 356 λόντων
1303 321 1396 372 αὐτῷ
1412 322 1576 370 πολεμεῖν
1594 322 1651 360 διὰ
1666 322 1710 360 τὰ
1728 324 1895 377 φρούρια,
1910 326 1999 380 ἅπερ
2018 330 2112 377 [ὑπὸ]
2131 334 2197 370 τῶν

1162 376 1347 415 Σουάννων
1368 377 1561 431 ἀφῄρηντο,
1584 379 1773 432 πρεσὸείαν
1805 382 1979 431 ἔστελλεν,
2001 387 2199 439 ἐπικούρους

1157 436 1252 488 αὐτῷ
1269 437 1529 489 διαπεμφθῆναι
1551 438 1649 490 παρὰ
1670 439 1839 490 βασιλέως
1857 444 1962 479 αἰτῶν
1985 445 2023 481 ἐκ
2043 447 2110 482 τῶν
2128 462 2198 484 πα-

1158 494 1446 545 ραφυλαττόντων
1479 498 1702 547 στρατιωτῶν
1733 497 1777 535 τὰ
1810 498 1996 549 Ἀρμενίων
2027 501 2105 553 δ’ρια
2130 506 2198 541 τῶν

1155 550 1344 602 Ῥωμαίοις
1364 555 1557 604 ὑποτελῶν,
1580 554 1631 607 ἐφ’
1652 549 1681 608 ᾧ
1696 557 1913 609 προσχώρων
1934 558 2040 596 ὄντων
2059 563 2198 611 ἑτοίμην

1155 607 1246 660 ἔχειν
1261 610 1440 661 βοήθειαν,
1454 611 1573 662 καὶμὴ
1586 613 1792 652 κινδυνεύειν
1805 613 1881 658 τοὺς
1905 613 2078 667 πόρρωθεν
2097 620 2201 657 ἀπεκ-

1156 667 1369 719 δεχόμενον,
1396 668 1418 716 ἢ
1448 671 1741 723 παραγενομένων
1766 673 2008 724 ἐπιτρίὸεσθαι
2039 676 2198 728 δαπάνῃ,

1153 729 1213 763 τοῦ
1230 726 1404 777 πολέμου,
1425 727 1466 766 ἂν
1483 729 1573 766 οὕτω
1591 734 1680 781 τύχῃ
1693 761 1703 777 ,
1726 729 2023 784 διαὸαλλομένου,
2041 735 2200 787 καθάπερ

1155 783 1223 831 ἤδη
1251 786 1417 838 πρότερον
1440 787 1602 837 ἐγεγόνει.
1627 789 1699 834 Τῆς
1718 788 1785 840 γὰρ
1810 789 1871 827 σὺν
1889 790 2092 843 Ἡρακλείῳ
2111 794 2200 831 ἀπε-

1155 842 1351 892 σταλμένης
1366 844 1535 895 βοηθείας,
1547 845 1608 883 καὶ
1623 848 1771 899 Περσῶν
1784 847 1844 885 καὶ
1860 848 2006 901 Ἰδήρων
2022 852 2090 888 τῶν
2107 852 2201 903 αὐτῷ

1155 899 1352 951 ἐπαγόντων
1362 901 1420 940 τὸν
1430 902 1581 953 πόλεμον
1593 904 1678 956 πρὸς
1689 903 1814 956 ἑτέρων
1824 907 1928 944 ἐθνῶν
1945 907 2024 946 τότε
2037 910 2200 960 ἀπασχο-

1154 957 1340 1007 ληθέντων,
1359 960 1478 1013 μάχην
1493 962 1512 981 *
1530 961 1593 1008 τὴν
1612 964 1818 1016 συμμαχίαν
1837 965 2043 1019 ἀπέπεμψεν
2061 968 2201 1019 ἀσχάλ-

1157 1017 1227 1054 λων
1259 1017 1316 1055 ἐπὶ
1348 1022 1391 1070 τῇ
1413 1022 1479 1057 τῶν
1511 1023 1646 1073 τροφῶν
1666 1021 1816 1075 χορηγίᾳ
1829 1052 1839 1069 ,
1869 1022 1978 1071 ὥστε,
2008 1018 2102 1068 αὖθις
2131 1027 2200 1064 τῶν

1158 1073 1311 1126 Πάρθων
1328 1077 1384 1113 ἐπ’
1402 1077 1505 1115 αὐτὸν
1527 1077 1798 1127 ἀναζευξάντων,
1819 1080 2016 1131 Ῥωμαίους
2035 1082 2202 1121 ἐπικαλέ-

1155 1137 1298 1174 σασθαι.
1317 1136 1397 1174 Τῶν
1418 1135 1452 1173 δὲ
1474 1138 1608 1175 στεῖλαι
1627 1137 1691 1185 τὴν
1709 1138 1870 1190 βοήθειαν
1890 1141 2201 1191 ἐπαγγειλαμένων

1154 1192 1214 1230 καὶ
1232 1192 1340 1246 ἄνδρα
1355 1193 1411 1232 τὸν
1429 1197 1533 1242 αὐτῆς
1552 1196 1784 1248 ἡγησόμενον,
1801 1198 2011 1250 παρεγένετο
2028 1201 2088 1238 καὶ
2108 1203 2202 1252 Περ·

1156 1253 1226 1288 σῶν
1254 1252 1424 1304 πρεσῧεία
1446 1254 1683 1305 ἀγγέλλουσα,
1716 1255 1795 1298 τοὺς
1829 1257 2021 1309 Κιδαρίτας
2049 1257 2203 1302 Οὔννους

1155 1310 1214 1347 ὑπ’
1243 1312 1356 1349 αὐτῶν
1376 1313 1660 1364 κατηγωνίσθαι,
1692 1314 1752 1352 καὶ
1777 1315 1934 1366 Βαλαὰμ
1954 1315 2054 1354 πόλιν
2087 1318 2201 1355 αὐτῶν

1155 1368 1472 1420 ἐκπεπολιορκέναι.
1494 1370 1670 1421 Ἐμήνυον
1702 1372 1738 1410 δὲ
1763 1372 1825 1419 τὴν
1856 1373 2002 1420 νίκηκην
2022 1374 2081 1413 καὶ
2115 1378 2202 1427 βαρ-

1157 1426 1310 1478 ὅαρικῶς
1342 1428 1605 1480 ἐπεκόμπαζον,
1638 1429 1700 1476 τὴν
1731 1435 1910 1483 παροῦσαν
1949 1434 2063 1476 αὐτοῖς
2105 1433 2202 1484 μεγί·

1156 1500 1240 1532 στην
1265 1485 1410 1537 δύναμιν
1432 1487 1633 1540 ἀποφαίνειν
1651 1487 1836 1532 ἐθέλοντες.
1862 1489 1967 1528 Ἀλλὰ
1991 1489 2113 1534 αὐτοὺς
2131 1507 2201 1528 πα·

1157 1542 1303 1594 ραυτίκα
1315 1573 1326 1594 ,
1361 1544 1489 1582 τούτων
1521 1545 1771 1596 ἀγγελθέντων,
1804 1546 1992 1597 ἀπέπεμπε
2025 1548 2204 1599 βασιλεὺς,

1156 1604 1192 1639 ἐν
1214 1602 1344 1652 μείζονι
1367 1602 1520 1655 φροντίδι
1535 1602 1578 1641 τὰ
1599 1605 1634 1641 ἐν
1653 1603 1797 1656 Σικελίᾳ
1817 1604 2062 1657 συνενεχθέντα
2085 1605 2203 1644 ποιού-

1157 1676 1266 1711 μενος.

1210 1720 1404 1758 Classenus
1416 1734 1512 1758 voce
1530 1719 1664 1772 μάχην,
1682 1735 1764 1770 quae
1779 1723 1817 1758 in
1833 1730 1998 1771 utroque
2015 1724 2102 1759 loco
2121 1737 2204 1760 cor-

1155 1786 1270 1827 rupto
1290 1779 1404 1815 obvia
1419 1787 1494 1825 est,
1513 1781 1674 1816 indicari
1695 1789 1821 1817 censet
1840 1794 1981 1817 nomen
2003 1783 2205 1830 proprium

1158 1837 1264 1873 ducis
1278 1838 1529 1876 Suannorum.
1546 1841 1807 1875 Tillemontius
1820 1841 1871 1876 VI
1883 1867 1893 1885 ,
1910 1853 1950 1888 p.
1971 1845 2042 1883 [001
2057 1867 2068 1886 ,
2084 1843 2203 1890 suspi-

1158 1896 1315 1931 cabatur
1332 1896 1487 1933 fortasse
1502 1898 1577 1946 leg.
1599 1910 1677 1933 esse
1690 1925 1700 1943 ‚
1718 1898 1751 1940 ἐς
1770 1896 1832 1943 τὴν
1849 1895 1940 1934 κατὰ
1959 1900 2018 1935 τοῦ
2040 1898 2206 1948 Σήματος

1159 1953 1237 2001 (sc.
1270 1955 1376 1990 ducis
1398 1955 1665 2005 Lazorum)...
1690 1954 1822 2006 μάχην.
1846 1957 1979 1992 Idem:
2008 1973 2022 1988 «
2049 1957 2205 1994 Comme

1159 2013 1211 2048 les
1234 2014 1406 2058 ariciens,
1427 2015 1571 2061 inquit,
1596 2027 1644 2050 ne
1668 2026 1765 2050 nous
1781 2023 1982 2062 marquent
2002 2017 2112 2063 point
2131 2028 2205 2063 que

1157 2072 1263 2106 Leon
1290 2073 1343 2106 ait
1365 2070 1502 2117 jainais
1522 2085 1569 2108 eu
1590 2072 1776 2108 d’affaires
1805 2086 1851 2108 en
1876 2074 1987 2109 Sieile
2014 2087 2087 2122 que
2107 2081 2205 2109 cette

1161 2131 1277 2166 annee
1304 2130 1313 2178 (
1330 2130 1404 2175 468
1420 2131 1452 2179 ),
1483 2132 1502 2166 a
1532 2131 1738 2167 l'occasion
1767 2133 1813 2168 de
1844 2133 1881 2168 la
1911 2145 2044 2181 guerre
2074 2140 2206 2169 contre

1160 2188 1336 2224 Genseric
1350 2215 1359 2233 ‚
1379 2201 1476 2224 nous
1494 2202 1518 2237 y
1530 2197 1761 2238 rapportons
1781 2203 1823 2226 ce
1841 2203 1914 2239 que
1935 2191 1990 2226 dit
2003 2192 2163 2229 Priscus.
2184 2207 2199 2223 n

57 2293 185 2327 «larunt.
218 2296 339 2340 Deinde
360 2296 450 2337 quasi
481 2305 523 2328 ex
550 2298 717 2337 compacto
751 2296 862 2336 ingens
884 2306 991 2338 pugna
1018 2298 1100 2330 inter

58 2349 227 2389 utramque
237 2351 361 2389 gentem
379 2350 426 2381 est
439 2349 621 2382 commissa.
647 2349 739 2387 Quod
757 2359 857 2390 quum
880 2351 989 2390 Aspari
1013 2360 1098 2382 nun-

58 2399 173 2433 tiatum
187 2402 287 2439 esset,
311 2403 377 2442 ipse
398 2402 430 2433 et
448 2401 562 2441 reliqui
576 2401 674 2433 duces
688 2401 773 2433 acies
789 2411 920 2433 suorum
940 2402 1099 2434 instruxe-

60 2453 155 2490 runt,
172 2452 206 2484 et.
213 2452 344 2483 obvium
359 2461 519 2493 quemque
530 2453 740 2484 barbarorum
753 2453 948 2485 occiderunt.
961 2454 1101 2494 Scythae,

60 2504 184 2542 cognito
196 2504 270 2537 dolo
281 2506 312 2536 et
326 2505 435 2537 fraude
446 2507 609 2546 perspecta
618 2530 626 2544 ,
635 2514 704 2538 sese
718 2506 932 2547 collegerunt,
945 2508 978 2539 et
988 2516 1102 2539 manus

59 2563 133 2587 cum
162 2557 312 2588 Romanis
331 2558 572 2590 conseruerunt.
592 2557 654 2589 Sed
673 2558 737 2597 illi,
760 2558 815 2598 qui
834 2558 893 2590 sub
911 2562 1028 2599 Aspare
1043 2559 1101 2590 sti-

49 2606 172 2647 -pendia
192 2607 368 2648 faciebant,
386 2617 515 2641 omnem
531 2608 740 2640 barbarorum
752 2610 935 2650 cohortem,
955 2619 1028 2651 qua}
1041 2611 1103 2643 illis

59 2659 251 2698 obvenerat,
269 2660 309 2691 ad
339 2660 588 2693 internecionem
611 2670 712 2702 usque
737 2662 934 2699 ceciderunt.
959 2663 1103 2703 Reliquis

60 2708 195 2741 ducibus
209 2719 274 2741 non
290 2710 458 2742 incruenta
471 2719 577 2751 pugna
591 2711 663 2751 suit,
677 2712 820 2744 barbaris
843 2714 971 2745 strenue
987 2715 1020 2746 et
1037 2715 1102 2746 lor·

60 2760 136 2791 titer
154 2769 291 2802 pugnam
312 2762 562 2802 capessentibus.
587 2765 636 2794 Ex
649 2772 714 2803 qua
727 2772 832 2804 pugna
847 2764 902 2804 qui
918 2766 1104 2805 superstites

0 2860 12 2884 Ι
62 2819 101 2842 ex
129 2812 254 2852 Scythis
269 2813 412 2854 fuerunt,
429 2814 589 2854 perruptis
611 2815 763 2847 Romanis
787 2815 984 2857 legionibus,
999 2825 1103 2850 evase-

63 2863 147 2895 runt.

552 2927 611 2959 40.

106 2991 167 3022 Leo
185 2991 358 3032 imperator
379 2993 586 3024 Gensericum
607 3001 662 3033 per
677 2994 891 3034 Phylarchum
909 2995 1046 3035 legatum
1064 2995 1105 3028 de

66 3044 223 3075 Anthemii
236 3043 367 3085 imperio
381 3045 550 3077 certiorem
562 3046 636 3078 fecit
647 3069 655 3085 ‚
670 3047 764 3087 eique
774 3047 893 3079 bellum
906 3048 1032 3088 indixit,
1045 3049 1105 3080 nisi

69 3095 160 3126 ltalia
178 3095 323 3136 cederet,
337 3095 369 3128 et
381 3097 550 3137 imperium
565 3097 631 3137 ipse
643 3100 790 3138 appetere
811 3098 985 3131 desisteret.
1002 3100 1106 3132 Rediit

68 3146 173 3178 autem
186 3147 316 3179 nuntius
328 3171 337 3187 ,
353 3149 385 3179 et
395 3148 521 3188 retulit,
532 3149 617 3180 nolle
630 3150 731 3189 ipsum
739 3150 970 3182 denuntiationi
981 3160 1103 3191 parere,

68 3197 132 3230 imo
160 3198 281 3231 bellum
309 3207 480 3241 apparare,
503 3201 588 3241 quod
618 3202 755 3234 Romani
783 3203 960 3235 orientales
989 3204 1107 3236 soedera

69 3250 249 3289 transgressi
265 3252 378 3283 essent.

553 3309 610 3340 41.

112 3372 250 3404 Maxima
265 3373 478 3406 intercedente
494 3374 649 3407 Romanis*
658 3376 690 3406 et
705 3376 797 3407 Lazis
813 3384 887 3408 cum
903 3378 1105 3409 suannorum

1159 2301 1252 2338 gente
1268 2300 1501 2340 controversia,
1521 2300 1555 2316 **
1575 2303 1684 2332 Persas
1700 2310 1831 2342 quoque
1859 2301 1977 2341 cupido
1997 2300 2204 2341 belligerandi

1160 2351 1286 2384 incessit
1300 2354 1427 2393 propter
1442 2353 1559 2393 oppida
1571 2362 1644 2394 quae
1658 2355 1777 2386 Suanni
1790 2354 1866 2394 ipsis
1877 2354 2071 2394 eripuerant.
2094 2355 2206 2393 ltaque

1160 2403 1198 2434 ad
1218 2406 1435 2435 Romanorum
1457 2405 1682 2445 imperatorem
1697 2405 1886 2446 legationem
1900 2405 2006 2445 misit,
2017 2405 2076 2437 sibi
2089 2405 2206 2436 auxilia

1160 2456 1244 2487 mitti
1265 2455 1426 2496 postulans
1445 2465 1485 2487 ex
1500 2456 1672 2494 militibus,
1685 2456 1740 2496 qui
1763 2456 1920 2488 Armeniae
1937 2465 2028 2488 oram
2053 2456 2205 2488 Romanis

1160 2506 1335 2547 subjectam
1349 2507 1532 2546 tuebantur,
1544 2509 1592 2544 ut,
1605 2507 1678 2548 quia
1691 2508 1828 2548 proximi
1842 2509 1950 2547 erant,
1963 2510 2080 2548 praesto
2092 2509 2206 2543 essent.

1160 2568 1212 2599 ne,
1222 2560 1299 2591 dum
1310 2560 1483 2600 longinqua
1493 2560 1615 2592 auxilia
1623 2561 1825 2601 exspectant,
1836 2561 2015 2601 periculum
2029 2560 2204 2600 incurrant,

1161 2613 1229 2652 aut,
1247 2613 1272 2644 si
1285 2613 1490 2653 advenerint,
1507 2613 1689 2653 sumptibus
1701 2615 1893 2653 atterantur,
1911 2613 2067 2654 producto
2077 2614 2118 2645 ob
2134 2622 2206 2645 earn

1161 2672 1290 2696 causam
1317 2665 1400 2696 bello
1409 2687 1418 2703 ,
1450 2665 1532 2696 sieut
1556 2665 1624 2704 jam
1648 2666 1741 2697 antea
1765 2667 1927 2697 evenerat.
1960 2665 2088 2697 Missam
2119 2666 2205 2697 enim

1161 2724 1236 2747 cum
1263 2716 1408 2747 Heraclio
1439 2716 1682 2748 auxiliariorum
1707 2725 1859 2756 manum,
1887 2717 1989 2748 Persis
2025 2718 2057 2748 et
2087 2717 2204 2757 Iberis,

1161 2767 1354 2807 quibuscum
1382 2769 1461 2799 tunc
1486 2767 1609 2798 bellum
1634 2768 1722 2807 erat,
1749 2767 1811 2799 alio
1843 2768 1926 2799 bello
1953 2769 2025 2799 tum
2055 2768 2207 2800 adversus

1163 2819 1240 2850 alias
1254 2821 1363 2858 gentes
1384 2819 1567 2859 occupatis,
1587 2828 1689 2859 quum
1702 2827 1799 2858 grave
1819 2819 1862 2850 illi
1884 2821 1916 2851 et
1931 2819 2101 2851 molestum
2125 2821 2205 2851 esset

1162 2871 1338 2903 exercitum
1351 2871 1452 2910 alere,
1475 2871 1659 2903 remiserat:
1677 2872 1732 2903 sed
1746 2880 1857 2902 rursus
1869 2871 1901 2902 in
1924 2874 1997 2903 e'um
2018 2872 2142 2903 Parthis
2155 2881 2205 2903 re—

1162 2923 1351 2962 deuntibus,
1365 2925 1525 2955 Romanos
1543 2923 1717 2954 revocavit.
1733 2923 1840 2963 Legati
1854 2927 1930 2954 vero
1945 2923 2135 2963 retulerunt,
2147 2925 2205 2955 Ro·

1162 2983 1274 3006 manos
1293 2974 1444 3006 missuros
1457 2973 1499 3005 ad
1514 2983 1568 3006 eos
1581 2974 1699 3005 auxilia
1716 2975 1749 3006 et
1765 2973 1891 3006 ducem.
1911 2971 1983 3011 Quo
1999 2975 2143 3013 tempore
2152 2974 2205 3005 ad·

1163 3027 1251 3058 venit
1263 3026 1359 3058 etiam
1379 3026 1492 3066 legatio
1509 3034 1528 3057 a
1541 3026 1643 3058 Persis
1655 3026 1805 3057 nuntians
1817 3049 1826 3064 ,
1841 3028 1976 3058 Hunnos
1994 3025 2149 3057 Cidaritas
2164 3025 2205 3056 ab

1162 3079 1237 3119 ipsis
1247 3079 1389 3110 devictos
1399 3102 1407 3114 ,
1422 3080 1453 3110 et
1464 3078 1592 3109 Balaam
1603 3102 1611 3115 ‚
1627 3079 1815 3109 Hunnorum
1828 3078 1942 3109 urbem
1952 3102 1961 3117 ,
1976 3079 2202 3118 expugnatam.

1165 3130 1400 3162 Nuntiaverunt
1415 3130 1510 3169 igitur
1535 3129 1630 3169 legati
1643 3129 1810 3160 victoriam
1830 3138 1929 3169 quam
1943 3131 2046 3161 Persae
2061 3129 2203 3160 obtinue-

1164 3183 1248 3221 rant,
1262 3183 1293 3213 et
1303 3181 1512 3212 barbarorum
1526 3181 1559 3211 in
1570 3189 1691 3212 rnorem
1703 3180 1877 3220 magnificis
1888 3179 1994 3211 verbis
2007 3180 2203 3218 extulerunt,

1165 3233 1333 3272 maximas,
1344 3241 1418 3272 quae
1433 3232 1495 3263 illis
1506 3232 1664 3271 adessent,
1674 3231 1780 3272 copias
1795 3231 1998 3263 ostentaturi.
2011 3230 2074 3263 Sed
2088 3230 2204 3270 legatos

1164 3285 1271 3317 statim
1285 3285 1421 3325 peractis
1433 3284 1592 3316 mandatis
1605 3284 1780 3324 imperator
1791 3284 1931 3315 dimisit:
1946 3292 2020 3315 nam
2037 3282 2080 3314 illi
2096 3291 2144 3314 res
2157 3283 2202 3314 Si-

1164 3336 1247 3369 culae
1258 3337 1349 3377 longe
1363 3336 1474 3375 majori
1486 3344 1573 3367 curae
1591 3336 1693 3368 erant.
