2326 3724
631 201 908 242 MENANDRI
939 201 1295 241 PROTECTORlS
1322 201 1655 242 FRAGMENTA.

82 293 217 344 pidum
243 300 281 330 et
309 292 488 342 pecunias
507 290 578 327 sibi
608 291 707 326 tradi
737 298 890 339 petens,
921 289 1085 338 superbe
1105 302 1125 325 a

82 354 230 388 ,Iustino
261 352 462 388 dimittitur
488 348 590 398 (568
618 361 646 386 5.
666 346 784 398 569).
811 369 864 375 —
893 347 954 383 30.
975 347 1129 383 Senten-

85 411 155 446 tiae.
184 413 348 446 Avarum
370 408 589 456 jactantiam
615 407 709 442 nihil
729 414 862 443 curant
876 406 1055 441 Romani.
1076 427 1128 433 —

85 467 128 503 31
140 496 148 503 .
167 470 311 512 Bonus,
330 469 592 503 Romanorum
608 463 702 511 dux,
721 467 888 501 Avarum
904 471 1129 512 strategema

82 525 214 564 eludit.
228 547 279 555 -—
293 525 356 562 32.
369 525 483 560 Turci
492 524 680 559 Justinum
696 522 745 559 ad
755 522 897 558 bellum
909 534 996 557 cum
1009 523 1129 557 Persis

82 584 342 620 renovandum
355 584 514 619 incitant
530 581 539 633 (
553 580 626 628 570
638 582 662 630 ).
680 602 730 608 —-
747 580 810 619 33.
830 582 996 617 Justinus
1008 580 1129 616 nullas

82 645 250 679 Avarum
280 643 519 679 conditiones
538 641 702 676 admittit
723 638 861 689 (570).
892 661 944 667 —
963 639 1026 682 34.
1052 641 1128 675 Pax

83 702 328 750 componitur
361 702 459 736 inter
504 701 698 736 Romanos
739 705 777 734 et
809 700 948 734 Avares
985 696 1086 747 (570
1099 694 1125 747 ).

82 781 134 787 ——
154 759 217 798 35.
241 761 402 797 Avarum
417 759 529 807 legati
543 770 562 793 3
579 757 790 792 latronibus
804 757 957 805 expilati
971 768 1030 791 res
1045 768 1129 792 suas

82 831 101 854 a
123 819 274 854 Tiberio
305 824 482 866 repetunt
500 815 637 866 (570).
657 836 710 842 —
730 813 795 854 35.
823 817 880 851 De
914 816 1128 851 Persarme-

81 878 233 913 niorum
247 877 472 913 defectione.
491 875 660 911 Isaozitae
675 874 876 912 Christiani
888 886 972 909 nex.
985 875 1129 910 Proco-

81 938 133 986 pii
150 937 355 973 laudes.—
366 935 680 973 36.⁴Sebochthes
697 935 841 982 legatus
858 946 880 969 a
897 933 1063 971 Chosroe
1082 933 1130 969 ad

81 996 102 1031 J
105 996 269 1031 ustinum
284 994 416 1030 missus
430 993 479 1029 ad
491 993 612 1029 foedus
629 994 727 1028 inter
742 994 868 1028 Persas
882 999 920 1027 et
934 993 1130 1028 Romanos

82 1054 366 1090 instaurandum
396 1051 492 1102 (571
511 1050 540 1101 ).
559 1073 613 1078 —
631 1051 694 1088 36.
728 1052 864 1087 Nisibis
892 1062 913 1086 a
936 1051 1129 1086 Marciano

84 1112 232 1148 obsessa
250 1111 259 1154 (
277 1110 390 1160 572).
417 1131 468 1138 -
490 1109 551 1156 37.
580 1110 745 1146 Jacobus
772 1109 995 1144 insolentem
1014 1109 1130 1145 Chos-

82 1171 159 1206 rois
185 1171 382 1220 epistolam
410 1169 562 1205 Tiberio
586 1176 624 1204 et
641 1169 791 1217 Sophiae
811 1170 987 1216 Augustae
1014 1168 1132 1204 tradit

86 1230 97 1278 (
114 1228 188 1276 575
203 1227 228 1279 ).
250 1250 302 1257 —
319 1229 382 1267 38.
406 1228 605 1266 Zacharias
616 1227 787 1263 medicus
806 1238 828 1262 a
844 1227 988 1274 Sophia
1006 1227 1131 1275 impe-

83 1288 222 1324 ratrice
243 1287 292 1323 ad
312 1287 519 1325 Chosroem
540 1286 673 1321 missus
693 1297 836 1321 annuas
851 1284 1024 1320 inducias
1044 1298 1131 1320 cum

82 1345 204 1380 Persis
232 1345 430 1394 componit
459 1342 557 1395 (575
573 1343 598 1391 ).
614 1364 666 1370 —
681 1342 744 1390 39.
764 1343 945 1389 Trajanus
959 1350 1047 1391 post
1063 1344 1131 1378 Za-

84 1404 252 1440 chariam
282 1405 414 1439 missus
435 1402 602 1450 quinque
625 1414 810 1437 annorum
831 1401 1003 1437 inducias
1021 1403 1131 1449 paci-

83 1463 201 1498 scitur
217 1462 226 1510 (
243 1459 354 1511 576).
373 1482 423 1488 —
445 1464 506 1503 40.
518 1461 618 1506 Quas
638 1472 756 1507 quum
771 1459 943 1495 Tiberius
957 1461 1130 1508 accipere

84 1520 289 1565 detrectet,
310 1521 428 1555 Persae
449 1519 488 1553 in
506 1517 598 1554 fines
614 1519 877 1554 Romanorum
896 1518 1130 1554 incursiones

83 1579 238 1616 faciunt.
256 1598 307 1606 —-
327 1584 390 1622 41.
409 1579 566 1626 Legatio
583 1577 950 1622 Theodori‚Bacchi
973 1576 1063 1626 filii,
1082 1578 1131 1613 ad

83 1638 303 1685 chosroem,
323 1650 435 1685 quem
452 1638 492 1672 in
511 1636 689 1672 Armenia
707 1635 991 1684 belligerantem
1013 1638 1130 1672 comi-

84 1704 195 1732 tatur.
208 1717 258 1724 -—
272 1696 575 1739 42..Sabir0rum
586 1695 834 1731 etAlanorum
851 1695 963 1742 legati
975 1695 1021 1730 de
1036 1707 1130 1743 paee

84 1763 198 1804 agunt
215 1769 301 1792 011111
314 1755 466 1791 Tiberio
483 1755 639 1791 Caesare.
659 1777 710 1784 -
729 1754 791 1797 43.
810 1754 1040 1798 Valentinus,
1056 1756 1130 1790 Ro-

83 1826 284 1850 manorum
315 1813 365 1849 ad
396 1814 539 1848 Turcos
564 1812 725 1860 legatus,
748 1825 769 1848 a
791 1812 1006 1857 Turxatho,
1034 1812 1130 1848 duce

84 1885 238 1918 eorum,
269 1872 507 1908 contumeliis
527 1870 692 1906 afficitur
710 1869 852 1920 (576).
871 1891 921 1897 ——
950 1875 1013 1914 44.
1038 1872 1131 1907 Sen-

85 1933 222 1969 tentiae.
251 1953 304 1959 —
339 1930 401 1975 45.
431 1931 545 1966 Turci
573 1930 714 1965 bellum
743 1930 927 1965 Romanis
964 1930 1130 1966 inferunt

86 1989 97 2041 (
111 1989 185 2036 576
201 1989 231 2040 ).
250 2011 300 2017 -
322 1989 385 2033 46.
404 1991 667 2025 Romanorum
692 1995 728 2023 et
746 1990 944 2023 Persarum
963 1989 1076 2037 legati
1093 1990 1131 2024 in

85 2047 258 2085 confiniis
275 2049 471 2095 utriusque
496 2047 644 2095 imperii
670 2047 899 2082 conveniunt
921 2045 1015 2095 (577
1033 2047 1060 2096 ).
1079 2068 1132 2075 —

87 2111 150 2154 47.
170 2107 368 2143 Zacharias
387 2114 424 2142 et
438 2105 621 2141 Mebodes
642 2105 688 2141 de
705 2117 802 2153 pace
822 2106 920 2140 inter
938 2107 1131 2142 Romanos

85 2173 123 2202 et
139 2168 267 2202 Persas
281 2165 515 2202 restituenda
535 2172 670 2212 agunt3
692 2165 855 2200 Romani
877 2166 1132 2201 Persarmenia

84 2232 122 2261 et
140 2225 266 2261 Iberia
281 2224 441 2268 cedunt,
463 2223 528 2259 sed
546 2225 663 2259 Daras
681 2223 869 2271 oppidum
887 2235 907 2258 a
925 2224 1045 2259 Persis
1060 2224 1132 2259 sibi

85 2283 192 2319 reddi
207 2290 370 2332 poscunt
394 2282 404 2332 (
419 2281 490 2329 577
507 2282 535 2331 ).
556 2283 719 2318 Sclavini
733 2283 772 2317 in
785 2282 983 2318 Thraciam
996 2282 1132 2318 irrum-

84 2349 181 2390 punt
202 2340 302 2390 (578
319 2341 347 2390 ).
364 2361 417 2369 -·
437 2340 500 2384 48.
523 2340 681 2386 Bajanus
703 2341 873 2375 Avarum
889 2340 964 2375 dux
981 2352 1003 2376 a
1021 2341 1132 2376 Tibe-

86 2401 144 2436 rio
161 2401 303 2436 Caesare
319 2401 513 2448 instigatus
527 2412 613 2434 cum
626 2411 765 2447 magno
783 2399 952 2434 exercitu
971 2399 1010 2433 in
1027 2399 1132 2435 sedes

87 2459 344 2495 Sclavinorum
366 2459 543 2506 irrumpit
559 2456 696 2507 (578).
720 2477 772 2483 —-
789 2461 853 2504 49.
873 2457 1045 2493 Tiberius
1062 2458 1135 2493 Cae·

86 2529 146 2552 sar
166 2518 346 2565 pecunias
366 2517 412 2552 ad
435 2516 583 2563 aliquos
608 2527 628 2550 e
644 2516 884 2568 principibus
905 2517 1133 2564 Longobar-

89 2574 226 2610 dorum
247 2574 506 2611 conciliandos
537 2574 651 2609 mittit
680 2572 820 2623 (578).
850 2595 902 2601 —
930 2572 990 2611 50.
1015 2575 1133 2611 Chos-

86 2646 172 2670 roes
185 2635 282 2669 inter
293 2634 388 2681 ipsas
400 2634 506 2682 pacis
520 2633 688 2667 actiones
700 2632 842 2673 bellum
853 2645 939 2668 cum
953 2634 1134 2669 Romanis

87 2691 269 2740 renovat(
286 2691 401 2742 578).
421 2712 474 2718 —
496 2689 556 2726 56.
576 2689 698 2726 Persae
715 2703 760 2726 ex
776 2691 984 2739 improviso
1004 2692 1134 2727 castel-

87 2751 166 2786 lum
185 2752 446 2786 Romanorum
467 2757 685 2798 expugnant
706 2747 848 2799 (578).
871 2771 918 2777 —
948 2748 1009 2785 55.
1037 2751 1137 2785 Tan-

91 2808 253 2844 chosdro
266 2810 306 2843 in
318 2807 409 2844 fines
421 2809 571 2856 imperii
587 2809 701 2844 Rom.
716 2809 899 2856 impetum
910 2808 999 2844 facit
1013 2806 1134 2858 (578).

68 2865 71 2866 ’
90 2889 142 2895 -
161 2865 224 2904 53.
246 2869 303 2903 De
325 2867 460 2903 eodem
486 2867 747 2905 Tanchosdro.
769 2887 822 2893 -—
850 2865 913 2909 54.
935 2867 1136 2902 Zacharias

316 2983 632 3022 CONTINATIO
656 2983 915 3022 HISTORIAE

483 3064 738 3103 AGATHlAE.

602 3137 635 3170 1.

135 3197 307 3231 Menander
321 3198 496 3236 Protector‚
509 3197 680 3229 historicus
690 3221 699 3236 ,
712 3196 752 3230 de
765 3206 798 3229 se
814 3197 881 3238 ipse
896 3196 1006 3228 scribit
1024 3207 1060 3232 ια
1076 3197 1138 3228 Ρ3-

94 3252 144 3283 ter
161 3250 239 3282 mihi
253 3250 447 3291 Euphmtas,
472 3249 623 3289 Byzantio
646 3249 819 3289 oriundus3
842 3249 974 3280 minime
995 3248 1049 3280 ille
1067 3247 1138 3287 qui·

96 3303 170 3335 dem
186 3302 340 3335 eruditus.
360 3301 540 3334 Herodotus
553 3311 631 3334 vero
648 3301 726 3333 mihi
748 3302 845 3333 frater
866 3309 1035 3341 germanus
1051 3301 1137 3339 erat,

97 3357 152 3397 qui
166 3356 270 3395 legum
283 3355 427 3387 doctrina
442 3349 609 3395 degustata
619 3379 627 3394 ‚
645 3355 753 3386 statim
776 3354 816 3385 ab
838 3354 954 3385 harum
970 3353 1074 3384 studio
1089 3361 1138 3383 re-

99 3407 192 3439 cessit
221 3410 286 3448 Ego
314 3415 389 3439 vero
408 3409 440 3438 et
465 3406 548 3447 leges
568 3405 701 3438 minime
727 3404 927 3446 negligendas
949 3412 1033 3444 esse,
1051 3404 1083 3435 et
1097 3403 1138 3435 ad

2154 209 2223 243 201

1196 289 1244 325 ad
1254 289 1460 325 Chosroem
1469 297 1506 325 et
1520 289 1801 338 Plierogdathes
1816 290 1862 326 ad
1878 290 2067 327 Tiberium
2080 291 2126 327 de
2141 304 2235 340 pace

1190 348 1304 396 legati
1320 349 1522 383 mittuntur
1539 348 1549 398 (
1565 347 1679 396 579).
1700 369 1750 374 —
1767 347 1830 383 55.
1847 350 2045 386 Zacharias
2062 358 2099 386 et
2117 352 2236 386 Theo·

1191 406 1310 442 dorus
1338 419 1422 442 cum
1451 407 1567 454 aequis
1594 407 1699 455 pacis
1728 406 2011 442 conditionibus
2036 409 2084 443 ad
2107 410 2237 444 Persas

1189 465 1303 510 missi,
1319 465 1364 500 ab
1377 465 1579 500 Hormisda
1588 492 1598 509 ,
1609 471 1698 513 post
1711 465 1917 501 Chosroem
1928 466 2124 501 Persarum
2137 479 2237 515 rege,

1190 523 1343 572 indigne
1370 524 1542 572 excepti,
1561 523 1710 558 infectis
1728 523 1842 558 rebus
1863 523 2019 558 domum
2037 533 2238 560 revertun-·

1190 589 1253 617 tur
1267 583 1279 631 (
1291 581 1366 630 579
1381 579 1408 632 ).
1432 603 1482 609 —-
1503 581 1563 618 56.
1581 583 1788 617 Mauricius
1805 581 1882 617 dux
1905 582 2068 618 Orientis
2090 591 2238 619 creatur

1191 639 1331 690 (579).
1362 662 1415 667 -—
1442 639 1505 687 57.
1539 641 1744 676 Mauricius
1770 640 2020 685 Chlomaron,
2044 642 2240 676 Persarum

1190 698 1394 748 oppidum,
1405 700 1603 735 obsidione
1613 699 1754 748 premit
1769 697 1779 748 (
1796 697 1871 734 580
1886 695 1912 747 ).
1928 720 1981 725 —
1994 697 2055 736 58.
2068 699 2171 734 Idem
2183 699 2240 734 di-

1189 759 1385 807 sciplinam
1398 759 1600 794 militarem
1612 758 1802 806 corrigere
1816 758 1989 792 instituit.
2009 777 2061 784 ——
2077 755 2140 804 59.
2160 759 2241 793 Ro-

1190 830 1390 853 manorum
1421 818 1598 853 adversus
1621 817 1789 866 populos
1818 817 2020 865 vectigales
2044 815 2240 862 injustitia,

1192 883 1396 924 antequam
1405 877 1609 912 Mauricius
1621 875 2010 924 exercituipraesectus
2022 882 2126 913 esset.
2139 876 2242 910 Mau-

1189 936 1305 970 ricius
1315 936 1352 970 in
1366 935 1489 971 Iberia
1505 948 1586 971 rem
1602 935 1805 970 infeliciter
1817 935 1927 982 gerit.
1947 955 2000 961 —
2017 933 2082 972 60.
2099 934 2242 969 Zacha-

1190 994 1264 1029 rias
1292 994 1430 1029 iterum
1447 1006 1467 1029 a
1483 992 1640 1029 Tiberio
1660 993 1709 1028 ad
1727 1005 1862 1041 pacem
1880 992 2186 1041 componendam
2204 992 2243 1026 in

1192 1052 1356 1087 Persiam
1375 1052 1506 1087 missus
1526 1052 1564 1086 in
1593 1050 1767 1087 confiniis
1785 1063 1870 1086 cum
1884 1051 2099 1099 Andigano,
2117 1051 2241 1099 legato

1190 1111 1389 1145 Persarum
1400 1137 1410 1155 ‚
1443 1111 1642 1156 convenit3
1676 1110 1744 1146 sed
1767 1111 1888 1158 longis
1923 1110 2243 1158 disputationibus

1190 1169 1284 1204 nihil
1301 1168 1464 1205 efficitur
1482 1167 1616 1218 (580).
1636 1189 1687 1196 --
1706 1168 1771 1204 61.
1799 1169 2013 1206 Sententiae.
2033 1191 2085 1196 —
2102 1169 2167 1204 62.
2185 1169 2244 1204 Τ1-

1190 1227 1318 1263 berius
1345 1235 1389 1263 ut
1406 1228 1556 1263 Italiam
1579 1227 1757 1263 adversus
1775 1228 2053 1276 Longobardos
2073 1235 2240 1272 tueatur,

1190 1288 1329 1322 multos
1347 1299 1480 1322 eorum
1496 1286 1605 1322 donis
1625 1287 1665 1321 in
1680 1293 1809 1335 partes
1832 1298 1916 1322 suas
1937 1286 2105 1322 traducit
2121 1285 2238 1336 (580).

1190 1366 1244 1374 --
1263 1345 1327 1381 63.
1347 1344 1534 1391 Baianus,
1559 1345 1636 1381 dux
1649 1346 1839 1391 Avarum,
1857 1358 1976 1393 usque
1996 1345 2046 1381 ad
2064 1346 2243 1381 Sirmium

1190 1416 1432 1453 progressus,
1450 1405 1589 1440 Savum
1605 1403 1780 1450 trajicere
1801 1411 1976 1449 conatur,
1991 1405 2135 1440 bellum
2155 1416 2244 1439 con-

1191 1469 1249 1498 tra
1269 1463 1465 1498 Sclavinos
1484 1463 1722 1511 praetendens
1749 1460 1894 1512 (580).
1915 1484 1967 1490 -
1996 1463 2060 1506 64.
2091 1462 2198 1498 Idem
2221 1474 2244 1498 a

1191 1521 1345 1557 Tiberio
1361 1529 1404 1557 ut
1415 1522 1594 1558 Sirmium
1614 1522 1687 1557 sibi
1708 1522 1956 1566 concedatur,
1985 1521 2169 1570 postulat.
2191 1543 2244 1549 —-

1192 1577 1258 1617 65.
1281 1580 1485 1628 Theognis,
1503 1580 1579 1617 dux
1595 1582 1860 1616 Romanorum
1874 1607 1884 1625 ,
1900 1580 2078 1616 Sirmium
2095 1579 2245 1615 sortiter

1192 1637 1352 1674 obtinet.
1374 1658 1428 1666 —
1456 1638 1520 1677 66.
1542 1639 1708 1675 Romani
1731 1639 1912 1675 Sirmium
1937 1637 2081 1686 Bajano
2104 1637 2244 1674 dedere

1192 1705 1381 1747 coguntur
1403 1696 1499 1747 (581
1519 1696 1546 1747 ).

1466 1786 1533 1825 TA
1563 1786 1706 1824 META
1734 1785 1972 1825 ΑΓΑΘΙΑΝ.

1703 1881 1736 1905 1.

1368 1962 1437 1998 EX
1465 1962 1718 1999 PROOEMIO
1747 1963 1883 1999 LIBRI
1910 1962 2066 1998 PRIMI.

1245 2049 1407 2085 Suidas
1399 2062 1406 2070 ·
1424 2047 1627 2100 Μένανδρος
1651 2047 1904 2101 Προτίκτωρ,ε
1896 2045 2082 2100 ιστορικὸς,
2098 2045 2133 2090 ὃς
2148 2045 2243 2098 λέγει

1192 2121 1272 2157 περι
1298 2108 1441 2144 ἑαυτοῦ·
1463 2124 1478 2139 «
1503 2106 1609 2155 Ῥμοι
1632 2105 1750 2167 πατὴρ
1781 2108 1967 2159 Εὐφρατᾶς
1994 2106 2033 2143 ἐκ
2052 2105 2242 2150 Βυζαντίου

1192 2163 1427 2216 ὁρμώμενος
1411 2180 1473 2211 ην·
1495 2168 1592 2208 ουτος
1609 2164 1650 2211 δὴ
1668 2168 1725 2202 οὖν
1745 2164 1887 2237 ἥκιστα,
1887 2167 1948 2210 τῆς
1964 2180 2032 2201 των
2050 2163 2161 2214 λόγων
2180 2180 2242 2214 με-

1193 2223 1348 2275 τειλήχει
1366 2223 1542 2267 παιδείας·
1562 2222 1746 2275 (Ηρόδοτος
1767 2222 1828 2274 μὲν
1848 2225 1906 2261 οὖν
1936 2220 2053 2274 (ὢνΡ)
2077 2238 2135 2272 μοι
2157 2222 2242 2271 ὁμό-

1193 2297 1301 2354 γνιος,
1318 2285 1378 2328 τῆς
1393 2281 1478 2333 πρὸς
1492 2282 1549 2320 τὸν
1566 2282 1669 2333 νόμον
1685 2281 1967 2333 ἀπογευσάμενος
1983 2281 2150 2328 παιδείας,
2165 2284 2240 2319 εἶτα

1194 2341 1366 2393 ἀφηνίασε
1396 2343 1457 2387 τῆς
1483 2340 1564 2393 περὶ
1592 2345 1702 2379 ταῦτα
1725 2342 1899 2386 σπουδῆς·
1928 2341 2005 2378 ἀλλ’
2035 2339 2143 2391 ἔγωγε
2168 2340 2242 2378 οὔτι

1192 2403 1320 2451 χρῆναι
1339 2399 1460 2452 ὠόμην
1491 2397 1539 2450 μὴ
1568 2399 1628 2438 καὶ
1649 2399 1765 2450 νόμοις
1789 2400 1975 2449 ὁμιλῆσαι,
1996 2398 2055 2436 καὶ
2081 2399 2114 2442 ἐς
2145 2398 2243 2442 τέλος

1193 2457 1328 2495 ἱκέσθαι
1346 2473 1415 2495 των
1434 2457 1572 2496 πόνων·
1598 2458 1656 2496 καὶ
1677 2457 1718 2505 δὴ
1741 2458 1929 2511 ἀφικόμην,
1958 2457 2005 2501 ὥς
2028 2472 2086 2506 μοι
2105 2459 2242 2509 ὑπῆρχε

1195 2515 1352 2554 δυνατόν.
1377 2516 1533 2555 ’Ἠκιστα
1552 2516 1619 2555 δὲ’
1605 2517 1810 2570 εχρησοίμην
1828 2519 1869 2568 τῇ
1888 2516 2077 2569 ἐπαγγελία
2095 2520 2154 2553 τοῦ
2169 2518 2242 2554 ἐπι-

1194 2573 1427 2625 τηδεύματος·
1449 2576 1487 2613 οὒ
1505 2575 1573 2627 γάρ
1589 2591 1647 2626 μοι
1665 2578 1815 2627 θυμῆρες
1834 2579 1874 2622 ἠν
1893 2574 2121 2623 ἀγωνίζεσθαι
2135 2573 2242 2618 δίκας,

1195 2632 1272 2671 οὔτε
1294 2632 1364 2683 μὴν
1389 2635 1422 2671 ἕν
1443 2636 1486 2685 τῇ
1509 2634 1676 2687 βασιλείῳ
1695 2640 1782 2672 στοᾶ
1802 2634 1969 2682 θαμίζειν,
1991 2633 2050 2671 καὶ
2071 2632 2240 2679 δεινότητι

1193 2691 1306 2742 λόγων
1326 2690 1387 2736 τὰς
1408 2694 1476 2730 τῶν
1506 2691 1785 2744 ἐντυγχανόντων
1813 2693 2020 2730 οἰκειοῦσθαι
2045 2691 2239 2743 φροντίδας.

1197 2750 1269 2789 Καὶ
1295 2750 1339 2789 τὰ
1371 2753 1544 2789 σπουδαια
1572 2755 1753 2803 τοιγαροῦν
1775 2766 1897 2803 παρεις
1925 2749 1985 2788 καὶ
2013 2748 2057 2787 τὰ
2079 2748 2240 2801 χείριστα

1196 2807 1379 2857 ἑ)όμενος,
1407 2807 1565 2860 κεχηνὼς
1584 2809 1844 2862 περιενόστουν·
1864 2807 1925 2846 καί
1946 2823 2004 2858 μοι
2027 2823 2094 2845 κα
2083 2806 2239 2857 ·αθύμιοι

1198 2869 1285 2913 ἦσαν
1303 2882 1334 2904 οι
1350 2882 1388 2904 τε
1407 2867 1546 2919 θόρυὸοι
1565 2883 1633 2905 των
1653 2866 1852 2919 χρωμάτων
1871 2865 1929 2904 καὶ
1947 2868 1978 2904 οἱ
1994 2865 2080 2914 ἁμιλ
2082 2863 2242 2915 λητήριοι

1199 2977 1295 3008 linem
1318 2978 1465 3010 laborum
1482 2978 1731 3019 perveniendum
1753 2977 1831 3009 1111111
1851 2986 1918 3009 0550
1930 2975 2107 3008 existimavi
2124 2987 2132 3005 ε
2147 2974 2243 3014 idque

1198 3029 1276 3068 feci,
1299 3034 1334 3061 ut
1352 3030 1452 3062 licuit.
1472 3030 1604 3062 Minime
1618 3033 1725 3062 tamen
1740 3029 1834 3069 hujus
1849 3028 1944 3060 studii
1961 3026 2154 3068 professione
2170 3033 2241 3056 511111

1200 3091 1284 3114 115115.
1303 3082 1396 3114 1131111
1417 3082 1500 3114 0111111
1517 3082 1594 3113 1111111
1614 3081 1701 3113 cordi
1729 3081 1788 3113 suit
1804 3089 1914 3111 causas
1927 3079 1959 3110 in
1977 3079 2046 3110 foro
2064 3085 2174 3117 agere,
2191 3075 2242 3106 vel

1198 3134 1315 3174 regiam
1329 3135 1489 3174 porticum
1506 3134 1708 3174 frequentare
1719 3156 1727 3172 ,
1741 3133 1773 3163 et
1789 3131 1980 3171 eloquentiae
2004 3129 2155 3161 facultate
2167 3127 2241 3158 alio·

1198 3195 1268 3217 rum
1288 3187 1393 3219 studia
1414 3186 1492 3218 1111111
1521 3186 1701 3218 conciliare.
1725 3187 1832 3222 Quare
1856 3182 2007 3222 neglectis
2029 3181 2123 3212 rebus
2135 3179 2240 3216 seriis,

1198 3240 1356 3271 deteriora
1376 3239 1491 3272 seclari
1533 3239 1567 3270 et
1586 3240 1705 3269 otiosus
1728 3235 1896 3268 circumire
1920 3234 2012 3274 coepi.
2029 3237 2074 3265 Ac
2095 3232 2240 3271 placuere

1199 3292 1278 3324 1111111
1307 3291 1482 3324 certamina
1505 3290 1645 3331 partium
1663 3288 1853 3320 circensium
1871 3287 1903 3317 et
1919 3284 2122 3316 decursiones
2143 3289 2238 3320 eque-

1198 3348 1296 3385 stres,
1323 3346 1477 3386 praeterea
1497 3343 1680 3375 saltationes
1698 3339 1979 3382 pantomimorum.
2006 3335 2054 3368 Ad
2074 3335 2142 3365 liaec
2157 3334 2189 3363 et
2206 3332 2238 3362 in

1200 3400 1354 3442 palaestris
1372 3398 1554 3438 frequenter
1567 3404 1618 3428 me
1639 3393 1787 3432 exercui,
1806 3393 1838 3424 et
1854 3399 1891 3423 eo
1917 3387 2065 3422 amentiae
2080 3383 2237 3427 processi,
