2372 3704
1049 241 1381 284 FRAGMENTA.

144 327 320 378 Hesychii
350 342 357 364 :
386 326 648 379 Ἀτταγάθη,
671 328 821 380 Ἀθάρη,
842 330 935 381 παρὰ
962 332 1011 382 τῷ
1038 331 1179 384 Ξάνθῳ.

143 386 158 418 u‘
173 386 353 424 Primitus
366 388 672 436 scriptumfuerit
683 386 899 439 Ἀτταργάθη
908 402 978 438 pro
991 388 1023 426 ’A
1030 404 1070 426 τα
1077 389 1182 441 ργάτη

141 445 201 480 vel
229 443 445 496 Ἀταργάτις.
468 448 512 484 V.
539 447 676 482 Strabo
709 448 819 491 XIV,
842 461 878 496 p.
905 447 1001 484 1085
1031 462 1086 496 sq.
1118 450 1180 487 ed.

139 503 239 542 Alm.
260 503 317 543 Cf.
338 506 460 553 Heyn.
485 507 542 541 De
564 506 748 542 sacerdot.
778 507 1003 544 Comanensi
1019 521 1059 556 p.
1088 508 1180 554 1083

141 561 280 610 Hisely.
306 563 398 599 Hist.
421 563 670 612 Cappadociae
701 578 740 612 p.
778 565 828 614 98
854 572 890 600 et
921 566 1108 613 Symbolilr
1142 579 1179 603 ιι.

139 619 300 665 Mythol.
319 622 375 667 11,
391 634 432 670 p.
449 621 543 670 349,
570 622 642 666 403
661 635 744 670 sqq.
768 624 827 660 ed.
849 631 934 662 tert.
956 641 970 656 υ
991 625 1179 662 Cnssuzmz.

139 679 179 713 in
193 680 352 716 Wiener
367 680 500 716 Jahrb.
523 687 618 716 tom.
640 682 711 717 106
727 709 737 726 ,
758 694 797 730 p.
824 687 887 725 41.

193 739 404 785 Hesychius
424 750 434 776 τ
454 738 692 790 Βουλεψίη·
711 742 733 786 ἡ
757 738 844 783 λέξις
854 738 951 790 παρὰ
967 739 1113 792 Ξάνθῳ·
1130 739 1183 777 λέ-

137 807 190 843 γει
207 793 243 831 δὲ
270 793 333 838 τὰς
352 794 561 845 Ἀμαζόνας,
591 794 730 833 ἐπειδὰν
747 796 891 834 τέκωσιν
913 796 1027 848 ἄρρεν,
1043 797 1183 850 ἐξορύσ-

137 866 209 888 σειν
237 853 341 891 αὐτοῦ
371 851 451 896 τοὺς
479 852 676 906 ὀφθαλμοὺς
705 854 919 907 αὐτοχειρίᾳ.
954 857 1179 906 Creuzerus‚

138 913 200 947 cui
219 913 321 949 hunc
346 914 457 950 sicuti
476 914 760 958 antecedentem
775 915 903 950 locum
922 915 1043 951 debeo
1056 943 1065 961 ‚
1085 929 1181 951 con-

137 971 226 1008 ferri
241 973 351 1020 jubet
365 971 556 1020 Symbon
570 974 626 1018 ΙΙ,
646 986 686 1021 p.
709 971 783 1019 573
805 986 888 1021 sqq.
913 981 951 1010 et
977 987 1054 1022 prae
1077 982 1181 1012 cete-

137 1031 188 1066 ris
206 1043 246 1079 p.
267 1031 343 1077 672
367 1031 427 1067 ed.
445 1032 578 1067 tertiae.

187 1088 288 1126 Ibid.
303 1088 347 1124 fr.
373 1101 433 1125 12.
453 1110 506 1115 —-
524 1089 579 1125 Cf.
596 1089 744 1126 Nicolai
764 1089 810 1125 fr.
829 1089 897 1135 28,
913 1103 954 1138 p.
981 1090 1071 1136 372.

188 1146 289 1182 Ibid.
307 1147 355 1182 fr.
379 1147 438 1194 1¹3.
452 1167 507 1174 —-
520 1148 636 1183 Initio
650 1147 772 1183 scribe
795 1161 803 1183 :
832 1146 1056 1184 Parthenius
1071 1150 1177 1187 Erot.

137 1218 172 1243 c.
195 1204 242 1240 33
270 1218 279 1241 :
308 1203 678 1256 ΠερὶἈσσάονος.
712 1203 858 1256 Ἱστορεῖ
883 1205 1018 1249 Ξάνθος
1045 1206 1180 1245 Λυδια-

134 1266 206 1305 κοῖς
220 1261 281 1299 καὶ
298 1263 454 1308 Νεάνθης
475 1261 506 1314 β’
532 1261 592 1300 καὶ
610 1262 766 1312 Σιμμίας
782 1266 800 1300 ὁ
821 1262 965 1307 Ῥόδιος.
998 1264 1181 1317 Διαφόρως

133 1322 209 1358 κτλ.
229 1322 286 1360 Cf.
302 1323 481 1358 Neanthis
501 1322 545 1359 fr‘.
569 1321 640 1368 28,
658 1329 752 1360 tom.
776 1325 855 1369 111,
872 1336 912 1371 p.
933 1323 1180 1373 9.'Subjunge

133 1380 254 1416 schol.
268 1381 398 1429 Eurip.
421 1381 552 1418 Phoen.
578 1380 651 1429 159
679 1394 686 1416 :
719 1380 853 1423 Ξάνθος
870 1379 906 1418 δὲ
925 1383 942 1417 ὁ
962 1381 1088 1425 Λύδιος
1108 1382 1178 1432 (sc.

132 1436 194 1484 τὴν
213 1436 345 1484 Νιόὸην
360 1437 444 1490 φησὶ
458 1439 585 1480 παῖδας
602 1437 712 1489 ἔχειν)
724 1438 808 1476 δέκα
825 1438 885 1476 καὶ
899 1437 982 1476 δέκα
998 1441 1036 1477 ἐκ
1052 1439 1180 1478 Φιλότ-

133 1511 193 1534 του
209 1499 269 1534 τοῦ
281 1496 482 1548 Ἀσσυρίου,
500 1496 534 1540 ὃς
547 1495 631 1549 ᾤκει
653 1499 687 1534 ἐν
708 1497 872 1550 Σιπύλῳ·
892 1496 953 1548 [ὃς
974 1497 1122 1550 ἀνῃρέθη
1145 1500 1179 1536 ἐν

135 1555 332 1608 κυνηγεσίῳ
350 1554 417 1592 ὑπὸ
434 1554 605 1605 ἄρκτου.]
628 1557 819 1592 Postrema
836 1557 941 1592 addit
958 1558 1080 1593 codex
1096 1559 1124 1594 F
1128 1558 1180 1593 lo-

132 1623 248 1661 rent.‚
277 1617 344 1663 qui
361 1616 400 1650 in
424 1623 570 1652 antecc.
590 1616 731 1650 omittit
758 1616 876 1651 verba
897 1614 957 1651 καὶ
978 1614 1076 1654 δέκα.
1095 1618 1178 1655 vul-

132 1681 220 1723 gata
250 1672 437 1722 significat
467 1684 476 1711 ζ
511 1670 595 1709 δέκα
631 1670 776 1723 ἄρρενας
811 1671 871 1709 καὶ
903 1672 986 1710 δέκα
1023 1673 1174 1720 θηλείας.

131 1732 279 1768 Nomen
290 1730 466 1770 Φιλόττου
484 1744 528 1767 ex
549 1731 754 1767 Parthenio
777 1733 949 1780 reposuit
968 1734 1177 1770 Valckena-

132 1791 210 1826 rius
228 1803 301 1840 pro
315 1803 379 1839 vg.
398 1788 604 1833 Φιλοξένου.
635 1790 742 1825 Idem
758 1791 894 1826 deinde
921 1803 993 1839 pro
1015 1793 1075 1828 τοῦ
1097 1790 1175 1835 Ἀσ-

133 1845 250 1898 συρίου
265 1860 313 1884 ex
338 1848 474 1884 eodem
500 1848 628 1883 Parth.
647 1848 889 1884 scribendum
908 1851 1094 1898 proponit
1111 1862 1118 1887 :
1138 1852 1176 1886 θυ

133 1907 183 1957 (i.
199 1919 233 1945 e.
248 1903 439 1957 θυγατέρα)
464 1899 570 1941 οὖσαν
591 1903 788 1948 Ἀσσάονος.
811 1909 867 1943 De
883 1919 924 1943 re
940 1921 978 1944 v.
996 1908 1173 1961 'Creuzern

134 1965 326 2012 *symbolik
343 1966 406 2010 lv,
427 1978 467 2013 p.
487 1963 575 2010 553,
595 1963 665 2010 781
686 1977 742 2012 sq.

110 2056 124 2067 ,
185 2025 274 2059 Post
303 2023 350 2060 fr.
378 2027 422 2066 14
453 2024 572 2058 insere
595 2035 603 2058 :
625 2024 759 2059 Joann.
782 2023 912 2070 Lydus
940 2025 996 2059 De
1014 2025 1174 2061 mensib.

132 2083 203 2127 ΙΙΙ,
223 2095 257 2118 c.
282 2095 293 2116 1
305 2086 325 2126 4
345 2094 352 2116 :
368 2077 454 2118 ‘'On
469 2078 504 2116 δὲ
518 2079 574 2116 τὸν
595 2079 749 2116 ἐνιαυτὸν
764 2082 810 2122 ὡς
828 2079 902 2117 θεὸν
922 2079 1106 2130 ἐτίμησαν,
1121 2082 1177 2128 δῆ-

131 2140 190 2176 λον
207 2137 240 2183 ἐξ
261 2139 368 2184 αὐτῆς
387 2141 448 2184 τῆς
464 2138 587 2175 Λυδῶν
603 2137 778 2189 βασιλίδος
795 2138 940 2181 πόλεως.
965 2139 1095 2190 Σάρδιν
1110 2139 1177 2192 γὰρ

133 2196 243 2244 αὐτὴν
262 2195 322 2234 καὶ
342 2196 476 2248 Ξυάριν
496 2199 513 2234 ὁ
531 2196 664 2240 Ξάνθος
685 2198 796 2234 καλεῖ·
812 2196 850 2234 τὸ
866 2196 901 2234 δὲ
922 2196 1052 2249 Σάρδιν
1065 2197 1176 2248 ὄνομα

132 2256 164 2293 εἴ
181 2270 231 2299 τις
248 2253 339 2292 κατὰ
357 2254 498 2307 ἀριθμὸν
518 2253 787 2303 ἀπολογίσεται,
811 2253 914 2292 πέντε
933 2255 993 2292 καὶ
1011 2255 1176 2301 ἑξήκοντα

132 2314 193 2352 καὶ
213 2313 414 2365 τριακοσίας
428 2313 565 2365 εὑρήσει
580 2311 735 2363 συνάγων
755 2311 915 2361 μονάδας·
930 2314 975 2355 ὡς
992 2314 1175 2351 κάντεῦθεν

133 2365 221 2409 εἶναι
243 2373 359 2418 δῆλον,
378 2371 461 2423 πρὸς
477 2370 580 2419 τιμὴν
593 2370 733 2415 ζΗλίου,
754 2373 812 2407 τοῦ
827 2369 1011 2414 τοσαύταις
1030 2370 1177 2423 ἡμέραις

132 2429 190 2468 τὸν
207 2429 360 2467 ἐνιαυτὸν
378 2429 603 2479 συνάγοντος,
623 2428 754 2479 Σάρδιν
779 2429 1012 2478 ὀνομασθῆναι
1033 2428 1095 2475 τὴν
1112 2430 1176 2467 πό-

132 2490 199 2526 λιν.
215 2487 304 2527 Νέον
329 2489 364 2525 δὲ
388 2488 517 2538 Σάρδιν
534 2487 573 2524 τὸ
600 2487 673 2524 νέον
690 2485 764 2529 ἔτος
780 2485 830 2523 ἔτι
846 2486 910 2523 ’καὶ
932 2490 990 2524 νῦν
1015 2487 1176 2538 λέγεσθαι

134 2549 184 2598 τῷ
213 2547 338 2593 πλήθει
365 2547 672 2596 συνομολογεῖται·
693 2545 759 2582 εἶσὶ
780 2544 815 2582 δὲ
833 2544 867 2582 οἵ
884 2559 969 2596 φασι
990 2549 1032 2598 τῇ
1054 2547 1176 2584 Λυδῶν

133 2604 264 2656 ἀρχαίᾳ
279 2607 374 2654 φωνῇ
386 2605 443 2641 τὸν
460 2604 612 2642 ἐνιαυτὸν
633 2604 813 2641 καλεῖσθαι
833 2603 974 2656 Σάρδιν.
1000 2622 1015 2638 «
1033 2607 1177 2642 Eodem

89 2681 98 2683 ⁴
132 2666 249 2701 modo
283 2665 390 2703 Nilus
417 2678 490 2713 pro
515 2677 614 2700 anno
643 2665 1177 2714 accipiebatur‚·computatis

133 2724 244 2770 hujus
253 2725 417 2759 nominis
434 2724 550 2758 literis
563 2725 651 2758 item
663 2721 912 2758 efficientibus
928 2724 1015 2758 anni
1031 2724 1176 2759 dierum

133 2795 346 2818 numerum.
367 2782 423 2820 Cf.
446 2781 640 2818 Heliodor.
655 2782 823 2830 AEthiop.
850 2781 924 2826 IX,
949 2794 1014 2827 22,
1040 2795 1081 2830 p.
1103 2783 1173 2819 381

133 2841 193 2878 ed.
212 2836 369 2889 Coray.‚'
385 2853 497 2888 quem
515 2841 643 2876 locum
662 2847 800 2875 tractat
815 2840 987 2878 Creuzer.
1011 2842 1050 2876 in
1066 2842 1176 2877 Com-

132 2907 302 2937 mentatt.
324 2899 509 2936 Herodot.
532 2901 573 2944 I,
595 2912 634 2948 p.
658 2898 749 2943 184,
772 2900 891 2934 nostri
910 2911 1064 2946 quoque
1082 2898 1176 2934 facta

131 2960 336 2996 mentione.
362 2975 377 2991 υ
404 2960 604 2994 Romam.
635 2958 690 2994 Cf.
712 2957 886 2993 Creuzer.
909 2957 1100 3004 Symbolik
1117 2959 1175 3002 ΙΙ,

131 3031 171 3067 p.
192 3017 283 3062 624,
303 3016 391 3053 632.

186 3076 341 3114 Ibid.fr.
356 3075 534 3112 16.—Cf.
546 3083 627 3112 not.
641 3075 901 3112 38adNicolai
910 3074 957 3112 fr.
973 3073 1176 3122 49,Ρ.383.

186 3134 284 3171 Ibid.
306 3133 353 3171 fr.
381 3147 442 3180 17.
464 3155 516 3162 -—
530 3134 584 3171 Cf.
602 3133 729 3172 Nicol.
749 3134 774 3169 l.
798 3134 824 3168 l.
844 3139 924 3171 not.
951 3132 1015 3177 55,
1029 3146 1069 3181 p.
1089 3132 1176 3175 384.

187 3194 277 3241 Pag.
302 3197 372 3237 4ο,
397 3193 432 3229 b.
459 3193 525 3227 lin.
560 3192 580 3228 5
602 3205 687 3240 sqq.
708 3192 804 3229 Vide
823 3199 904 3229 not.
930 3204 949 3236 7
969 3191 1015 3226 ad
1031 3191 1177 3226 Nicolai

134 3251 181 3288 fr.
204 3251 269 3296 62,
285 3262 373 3299 pag.
394 3250 483 3299 396.

190 3310 229 3347 P.
252 3309 316 3356 43,
335 3309 382 3345 fr.
404 3321 467 3354 27,
487 3329 539 3335 --
559 3309 687 3344 Scribe
708 3322 715 3343 :
734 3306 869 3350 Ξάνθος
886 3304 921 3343 δὲ
938 3308 955 3342 ὃ
973 3305 1084 3347 Λυδὸς
1097 3303 1175 3356 περὶ

136 3365 198 3412 τὴν
216 3364 535 3412 ὀκτωκαιδεκάτην,
552 3367 598 3408 ὡς
621 3364 656 3402 δὲ
683 3365 859 3407 Διονύσιος
878 3363 955 3415 περὶ
978 3362 1038 3408 τὴν
1057 3378 1174 3400 πεντε-

136 3422 359 3471 καιδεκάτην,
381 3423 501 3461 Θάσον
523 3423 691 3462 ἐκτίσθαι.

2205 262 2281 294 029

1296 337 1394 375 Ibid.
1416 345 1500 386 post
1518 339 1649 388 fragm.
1686 354 1731 386 27
1760 343 1971 380 inserendus
1999 346 2102 381 locus
2121 348 2279 396 Hephae-

1243 395 1354 430 stion.
1383 398 1439 432 De
1471 399 1598 433 metris
1634 411 1674 447 p.
1713 404 1755 442 14
1790 401 1846 438 ed.
1877 403 1987 438 Gaisf.
2032 416 2040 441 :
2076 404 2280 453 ΙΙροτάσσε-

1245 466 1301 488 ται
1322 451 1357 489 δὲ
1385 452 1563 505 ἡμίφωνον
1581 456 1713 507 ὑγροῦ..
1745 456 1803 494 καὶ
1817 457 1855 494 τὸ
1876 473 1896 495 σ
1912 462 1970 496 τοῦ
1987 461 2019 506 λ,
2041 461 2130 497 κατὰ
2154 462 2276 507 πάθος,

1244 511 1289 552 ὡς
1309 511 1342 548 ἐν
1357 513 1406 563 τῷ
1438 513 1627 561 μάσλης,
1651 513 1710 550 καὶ
1725 516 1874 558 σπανίως
1893 520 1953 553 τοῦ
1969 533 2004 564 ν,
2032 520 2076 560 ὡς
2104 521 2134 558 Π
2149 519 2277 567 άσνης

1243 567 1303 604 καὶ
1330 568 1530 616 Μάσνης,
1562 570 1584 607 ἃ
1613 569 1654 617 δὴ
1680 571 1833 621 ὀνόματα
1855 574 1935 622 (sc.
1960 578 2146 626 ποταμῶν)
2182 580 2277 629 παρὰ

1243 625 1370 678 Ξάνθῳ
1381 626 1466 664 εἰσὶν
1482 629 1515 665 ἐν
1529 630 1599 670 τοῖς
1610 629 1805 673 Λυδιακοῖς.
1821 632 1971 678 Eadem,
1987 635 2121 671 omissa
2136 637 2275 673 Xanthi

1242 687 1449 732 mentione,
1466 695 1660 736 grammat.
1678 689 1766 727 cod.
1784 691 1942 727 Barocc.
1956 703 2014 739 ap.
2026 693 2212 730 Gaisford.
2229 697 2276 732 ad

1242 744 1448 791 Hephaest.,
1471 753 1509 781 et
1529 747 1651 793 Etym.
1674 748 1723 784 M.
1756 759 1797 795 p.
1834 753 1929 796 249,
1953 750 1997 784 18
2026 748 2276 803 ;Δάσληρα.

1242 803 1305 838 Δεῖ
1322 801 1502 851 γινώσκειν
1540 802 1592 840 ὅτι
1620 803 1659 841 τὸ
1676 803 1845 856 Δάσληρα
1871 804 2004 855 (ὄνομά
2032 807 2105 844 ἐστι
2132 808 2275 859 λίμνης)

1242 859 1300 896 καὶ
1314 859 1474 911 Βρυσμὸς
1496 860 1636 911 (ἔστιδὲ
1651 861 1761 910 ὄνομα
1781 864 1965 914 βασιλέως)
1983 864 2042 902 καὶ
2060 865 2204 912 Πάσνης
2220 870 2277 905 καὶ

1242 917 1388 965 Μάσνης
1405 918 1581 969 (ὀνόματα
1598 922 1784 970 ποταμῶν)
1805 921 1864 958 καὶ
1883 920 2056 973 Ὀσροήνη
2076 921 2176 974 (ὅπερ
2194 924 2279 968 τινὲς

1244 973 1408 1028 Ὀρροίνη
1431 976 1609 1028 λέγουσιν·
1640 977 1711 1015 ἔστι
1730 977 1765 1016 δὲ
1795 978 1894 1031 χώρα
1915 978 2005 1016 οὕτω
2027 981 2222 1030 καλουμένη
2245 984 2277 1020 ἐν

1244 1034 1376 1086 Συρίᾳ)
1396 1035 1436 1072 τὸ
1457 1051 1478 1073 σ
1498 1037 1533 1073 ἐν
1551 1036 1719 1089 συλλήψει
1740 1036 1812 1088 ἔχει
1830 1035 1919 1086 μετὰ
1939 1039 2006 1075 τῶν
2023 1039 2279 1090 ἐπιφερομένων

1242 1091 1448 1144 συμφώνων.
1472 1117 1524 1123 --

1281 1150 1440 1196 »Μάσνης
1456 1166 1595 1189 nomen
1606 1181 1615 1198 ‚
1634 1155 1690 1189 uti
1707 1155 1804 1190 inter
1816 1153 1968 1200 fluvios,
1987 1156 2038 1191 sic
2054 1158 2163 1191 etiam
2182 1158 2280 1193 inter

1241 1210 1514 1257 antiquissimos
1530 1211 1659 1260 Lydiae
1674 1224 1779 1260 reges
1797 1214 1974 1248 occurrit.
1999 1213 2108 1251 Certe
2126 1213 2279 1251 Μάσνεω

1241 1266 1400 1303 formam
1410 1269 1528 1304 codex
1542 1271 1624 1306 Vat.
1641 1270 1754 1304 habet
1767 1282 1830 1318 ap.
1848 1272 2003 1318 Dionys,
2018 1273 2048 1315 Ι,
2065 1284 2129 1318 27,
2145 1273 2211 1308 ubi
2223 1286 2280 1309 ce-

1241 1326 1309 1359 teri
1327 1323 1468 1370 Μάνεω,
1486 1339 1507 1362 a
1524 1325 1658 1372 Μάνης,
1674 1341 1756 1375 quae
1768 1329 1905 1363 usitata
1921 1329 2058 1364 Graecis
2074 1329 2190 1364 forma
2209 1338 2274 1366 est.

1242 1382 1283 1418 V.
1305 1383 1432 1430 Steph.
1459 1385 1566 1421 Thes.
1586 1397 1622 1421 v.
1641 1383 1777 1429 Μάνης.
1807 1387 1880 1421 Pro
1897 1384 2042 1431 Μάσνης
2065 1387 2127 1421 alii
2148 1388 2278 1424 dixisse

1239 1440 1417 1476 videntur
1452 1440 1610 1487 Μάσσης.
1649 1443 1837 1480 Plutarch.
1870 1445 2004 1482 Moral.
2029 1457 2084 1492 p.'
2104 1444 2199 1490 360,
2222 1448 2248 1481 B
2267 1457 2276 1483 :

1240 1497 1376 1548 Φρύγες
1397 1497 1501 1550 μέχρι
1520 1502 1579 1535 νῦν
1595 1497 1639 1536 τὰ
1662 1499 1809 1551 λαμπρὰ
1827 1499 1888 1537 καὶ
1917 1499 2102 1549 θαυμαστὰ
2131 1504 2198 1538 τῶν
2212 1502 2275 1553 ἔρ-

1240 1571 1308 1606 γων
1329 1557 1460 1606 μανικὰ
1480 1558 1646 1603 καλοῦσι,
1665 1556 1720 1594 διὰ
1741 1557 1779 1595 τὸ
1796 1557 1912 1596 Μάνιν
1934 1557 2100 1609 (Μάνην)
2119 1560 2194 1596 τινὰ
2210 1563 2277 1597 τῶν

1240 1614 1400 1651 παλαιῶν
1423 1614 1594 1666 βασιλέων
1614 1615 1741 1665 ἀγαθὸν
1760 1614 1867 1667 ἄνδρα
1879 1615 1937 1653 καὶ
1955 1615 2097 1654 δυνατὸν
2109 1618 2278 1667 γενέσθαι,

1240 1671 1276 1709 δν
1291 1672 1374 1710 ἔνιοι
1404 1673 1591 1720 Μάσσην
1610 1674 1683 1722 (sic
1710 1676 1909 1711 Diibnerus
1926 1688 1946 1712 e
1981 1676 2094 1714 codd.
2122 1690 2193 1725 pro
2219 1691 2279 1726 vg.

1242 1730 1412 1778 Μάσδην,
1447 1746 1529 1781 quae
1553 1746 1668 1769 manu
1700 1734 1887 1770 lenissima
1916 1735 2053 1770 mutari
2080 1736 2199 1784 posSit
2240 1737 2278 1771 in

1242 1788 1412 1841 Μάσλην)
1434 1791 1595 1827 καλοῦσι.
1615 1793 1721 1827 Idem
1747 1793 1968 1828 Plutarchus
1988 1795 2043 1829 De
2065 1806 2158 1830 mus,
2184 1807 2216 1831 c.
2243 1808 2278 1840 7.

1238 1861 1276 1896 p.
1302 1848 1413 1894 1033,
1438 1851 1471 1884 D
1490 1861 1497 1884 :
1514 1847 1585 1886 Τὸν
1607 1846 1641 1884 δὲ
1657 1846 1829 1897 Μαρσύαν
1841 1848 1924 1900 φασί
1940 1863 2028 1891 τινες
2048 1849 2202 1896 Μάσσην
2213 1865 2279 1887 κα-

1239 1905 1384 1944 λεῖσθαι.
1410 1908 1509 1942 Hinc
1543 1907 1671 1941 nescio
1698 1918 1743 1941 an
1775 1906 1963 1952 conjicere
1993 1909 2104 1943 liceat
2131 1906 2278 1953 Μάσνην

1238 1963 1394 1999 fluvium
1407 1965 1568 2000 eundem
1582 1977 1659 1999 esse
1671 1977 1756 1999 cum
1768 1965 2061 2013 Mattsyassavm,
2077 1966 2153 2000 sive
2166 1966 2224 2000 ille
2234 1967 2280 2001 sit

1240 2024 1305 2069 qui
1323 2035 1445 2071 prope
1465 2023 1626 2058 Celaenas
1652 2035 1699 2058 ex
1716 2024 1927 2058 Aulucrene
1945 2024 2029 2058 lacu
2050 2024 2183 2068 oritur,
2202 2025 2278 2060 sive

1238 2082 1299 2116 ille
1314 2081 1491 2128 quijuxta
1510 2083 1720 2128 Harpasum
1736 2079 1824 2117 fluv,
1842 2093 1862 2116 c
1876 2082 1983 2116 Caria
1995 2083 2033 2116 in
2047 2082 2278 2117 Maeandrum

1238 2137 1390 2174 influite
1401 2140 1554 2187 regione
1566 2139 1676 2174 Nasli
1686 2139 1801 2183 urbis,
1821 2151 1902 2185 quae
1914 2139 2027 2174 hodie
2048 2146 2100 2174 est
2117 2139 2170 2187 (v,
2184 2141 2278 2175 For·—

1239 2195 1354 2246 biger.
1372 2198 1423 2242 ΙΙ,
1444 2197 1534 2242 341,
1555 2209 1599 2232 21
1611 2209 1625 2232 1
1642 2193 1669 2246 ).
1690 2197 1798 2231 Mitto
1818 2198 2004 2244 Marsyam
2030 2197 2142 2244 Syrioe
2159 2196 2251 2234 fluV.

1292 2302 1611 2339 HELLANICUS.
1624 2303 1818 2338 Sturziana
1828 2313 1986 2349 operum
2002 2303 2187 2337 Hellanici
2204 2302 2279 2337 dis-

1239 2356 1372 2391 tinctio
1418 2355 1790 2403 sragmentorumque
1826 2355 2039 2390 distributio
2071 2355 2278 2391 secundum

1237 2426 1279 2449 ea
1297 2427 1378 2462 quae
1390 2414 1517 2462 ipsein
1533 2413 1813 2460 Prolegomenis
1833 2412 2020 2461 disputavi
2040 2420 2151 2459 atque
2164 2414 2274 2448 Prel-

1238 2472 1335 2507 lerus
1347 2473 1387 2507 in
1401 2471 1554 2519 egregio
1579 2471 1632 2508 De
1653 2471 1838 2506 Hellanici
1852 2471 1998 2519 scriptis
2018 2471 2145 2506 libello
2161 2483 2278 2519 expo—

1237 2531 1331 2578 suit,
1351 2530 1452 2565 hunc
1472 2529 1548 2564 fere
1564 2530 1604 2564 in
1621 2529 1781 2565 modum
1798 2529 1976 2565 mutanda
2001 2536 2055 2565 est
2073 2542 2082 2564 :

1291 2588 1320 2625 Ι.
1354 2587 1587 2625 ΦΟΡΩΝΙΣ
1610 2585 1706 2637 βιὸλ.
1744 2586 1788 2637 β’.
1808 2589 1854 2623 In
1873 2588 1971 2623 libro
2002 2589 2126 2635 primo
2147 2595 2280 2624 auctor

1237 2653 1324 2694 post
1339 2646 1613 2694 antiquissimas
1630 2646 1818 2693 Argolidis
1842 2646 1984 2681 fabulas
2002 2648 2177 2682 tractavit
2190 2648 2276 2681 stir-

1237 2717 1324 2753 pem
1342 2705 1546 2753 Agenori33
1568 2704 1608 2738 in
1627 2705 1745 2739 altero
1763 2704 1842 2738 Beli
1855 2704 2082 2752 prosapiam.
2099 2705 2217 2739 me
2232 2706 2248 2739 I
2268 2715 2276 2740 ε

1239 2764 1299 2800 Fr.
1320 2763 1366 2809 37
1382 2760 1474 2812 (Ἑλ.
1494 2762 1528 2797 ἐν
1543 2760 1783 2811 Ἀργολικοῖς),
1800 2761 1987 2797 Phoronei
2000 2760 2078 2806 filii,
2094 2763 2276 2810 Pelasgus,

1239 2823 1342 2857 Iasus
1356 2849 1366 2866 ,
1382 2823 1546 2869 Agenor.
1561 2821 1732 2855 Divisum
1753 2821 1851 2854 inter
1873 2832 1936 2855 eos
1955 2821 2170 2867 imperium.
2207 2821 2277 2855 Pe-

1238 2881 1359 2928 lasgus
1380 2879 1585 2914 Arcadiam
1606 2878 1766 2914 obtinet.
1795 2878 1919 2923 Quare
1944 2876 2127 2912 Prellerus
2145 2889 2190 2912 ex
2215 2889 2279 2912 eo-

1240 2939 1324 2974 dem
1345 2938 1443 2973 libro
1463 2938 1578 2985 petita
1608 2948 1683 2971 esse
1701 2943 1827 2970 censet
1856 2947 1937 2982 quae
1963 2936 2138 2983 leguntur
2154 2935 2200 2973 fr.
2229 2947 2276 2982 79

1241 2994 1339 3046 (Ἑλ.
1369 2996 1402 3031 ἐν
1435 2996 1482 3044 τῷ
1501 2991 1587 3044 Περὶ
1611 2990 1813 3043 Ἀρκαδίας)
1848 2993 1894 3028 de
1922 2993 2072 3040 Cepheo
2108 2991 2273 3034 Arcade,

1239 3062 1275 3090 et
1292 3055 1337 3090 fr.
1355 3054 1404 3088 60
1426 3053 1471 3088 de
1490 3053 1647 3088 Maenalo
1666 3059 1811 3087 monte.
1831 3051 1977 3098 Quibus
1993 3050 2088 3086 adde
2103 3050 2147 3087 fr.
2165 3063 2209 3095 77
2232 3049 2277 3084 de

1238 3113 1386 3149 Arcade
1416 3111 1688 3146 autochthone.
1726 3110 1862 3158 (Possis
1889 3110 1967 3145 haec
1997 3110 2106 3144 etiam
2140 3109 2187 3143 ad
2214 3109 2276 3142 At-

1238 3172 1416 3206 lmztIdem
1439 3169 1612 3216 referre).
1631 3189 1682 3196 -
1702 3170 1764 3204 Fr.
1787 3181 1801 3203 1
1831 3167 1884 3216 (ἐν
1905 3165 2120 3217 Φορωνίδι),
2143 3166 2190 3201 de
2208 3167 2274 3201 Pe-

1236 3231 1425 3277 lasgorum
1443 3229 1666 3276 migratione
1679 3228 1718 3262 in
1733 3228 1878 3267 Italiam
1891 3255 1900 3271 ,
1921 3238 1967 3261 ex
1992 3226 2147 3271 Dionys.
2172 3225 2216 3258 H.
2236 3224 2272 3267 Ι,

1238 3287 1285 3323 28
1300 3287 1357 3339 (*).
1373 3307 1426 3314 -
1436 3287 1499 3322 Fr.
1516 3298 1565 3333 29
1578 3286 1654 3334 (De
1668 3286 1828 3333 Pelasgis
1841 3284 1880 3320 111
1894 3283 2117 3330 Thessalia).
2130 3282 2282 3318 Larissa

1276 3385 1319 3424 (⁴¹)
1342 3386 1387 3416 De
1404 3380 1464 3414 hoc
1478 3383 1617 3422 Dionysii
1633 3382 1702 3413 loco
1725 3382 1880 3413 Prcllerus
1901 3390 1930 3421 p.
1952 3384 1985 3411 16
2008 3393 2014 3410 :
2035 3391 2048 3405 n
2079 3377 2194 3414 Vides,
2209 3378 2267 3414 ait,

1237 3431 1435 3463 Hellanicum
1450 3438 1610 3475 opponere
1628 3429 1790 3468 Hellenos,
1808 3429 1840 3459 11.
1856 3437 1883 3459 e.
1899 3435 1995 3467 genus
2011 3423 2209 3457 Deucalionis
2221 3425 2273 3462 ,οι
