2372 3704
1060 244 1188 283 FRAG
1197 244 1384 282 MENTA.

2208 249 2283 282 469

145 332 315 385 ἱερατικὸν
336 331 395 370 καὶ
415 347 474 370 τον
494 330 593 369 ἀετὸν
614 329 731 368 ἐπάνω
753 331 900 368 ἑστῶτα
920 331 993 368 Ἰοῦ
1014 330 1050 367 δὲ
1067 330 1183 383 ἱερεως
1211 330 1217 366 Ι
1245 330 1368 368 λεύκου
1397 328 1595 385 Δημήτριος
1614 331 1632 367 ὃ
1656 328 1727 372 υἱὸς
1748 330 1939 380 Ἀντιγόνου
1959 335 2019 369 τοῦ
2047 334 2286 384 Πολιορκητοῦ

144 408 204 429 mu
219 407 286 429 των
305 390 542 452 ὄρνεοσκόπων
560 405 619 427 και
637 392 696 426 τοῦ
714 389 818 426 αὐτοῦ
839 388 1012 427 Σελεύκου
1029 388 1181 440 ἑωρακό·

143 465 211 487 των
232 449 271 488 τὸ
291 453 428 499 θαῦμα,
446 453 540 487 εἶπον
567 447 620 486 ὅτι
645 447 819 486 Ἐνταῦθα
841 447 926 484 δεῖ*
910 452 1004 497 ημᾶς
1024 447 1182 494 οἷκησαι,

143 509 177 545 ἐν
193 524 234 559 τῃ
250 507 285 546 δὲ
303 507 492 559 Ἀντιγονία
506 508 543 544 οὗ
559 508 609 544 δεῖ
625 509 717 554 ἡμᾶς
734 507 872 552 οἰκῆσαι
886 505 962 543 οὔτε
977 504 1011 542 δὲ
1027 504 1184 556 γενέσθαι

145 566 252 613 αὐτὴν
282 566 394 612 πόλιν,
422 563 473 604 ὅτι
501 566 539 602 οὗ
565 564 747 617 βούλονται
773 564 818 602 τὰ
846 567 932 602 θεῖα.
970 563 1037 602 Καὶ
1065 564 1184 602 λοιπὸν

144 623 342 662 ἔὸουλεύετο
365 624 439 673 ἅμα
465 625 580 667 αὐτοῖς
606 625 641 660 ἐν
661 623 750 675 ποίῳ
771 622 868 674 τόπῳ
887 623 1031 674 ἀσφαλῆ
1049 622 1185 668 ποιήσει

144 682 206 729 τὴν
226 683 341 723 πόλιν.
365 683 435 721 Καὶ
455 682 618 735 φοὸηθεὶς
636 681 696 724 τὰς
715 681 826 734 ῥύσεις
842 684 900 719 τοῦ
922 681 1069 720 Σιλπίου
1087 680 1185 733 ὅρους

144 741 204 779 καὶ
224 743 301 785 τοὺς
328 740 571 792 ἐξερχομένους
587 740 622 784 ἐξ
641 742 743 778 αὐτοῦ
764 739 992 792 χειμάρρους,
1010 741 1044 777 ἐν
1062 743 1105 792 τῇ
1122 755 1186 777 πε-

145 799 236 837 διάδι
267 803 324 837 τοῦ
347 800 498 842 αὐλῶνος
526 798 707 836 κατέναντι
734 801 794 836 τοῦ
826 797 924 850 ὅρους
952 796 1098 843 πλησίον
1125 801 1185 835 τοῦ

144 857 339 908 Δράκοντος
366 861 526 907 ποταμοῦ
555 860 614 894 τοῦ
644 855 797 907 μεγάλου
825 860 884 894 τοῦ
915 855 1186 906 μετακληθέντος

144 916 312 968 Ὀρόντου
325 946 335 966 ,
354 915 438 954 ὅπου
452 910 494 963 ἦν
509 919 530 962 ἡ
546 915 648 965 κώμη
665 918 687 961 ἡ
706 915 903 965 καλουμένη
922 914 1059 954 Βωττία
1078 914 1186 966 (Βοτ-

145 973 247 1024 τίαΡ)
277 974 436 1026 ἄντικρυς
454 977 516 1020 τῆς
541 973 752 1022 Ὶωπόλεως,
772 975 845 1011 ἐκεῖ
867 971 1049 1025 διεχάραξε
1068 972 1112 1010 τὰ
1133 976 1186 1010 θε-

145 1031 248 1081 μέλια
275 1035 336 1070 τοῦ
359 1033 514 1084 τείχους,
534 1031 702 1075 θυσιάσας
728 1033 769 1069 δι’
789 1031 967 1084 Ἀμφίονος
986 1034 1044 1068 τοῦ
1068 1032 1188 1082 ἀρχιε-

146 1089 228 1141 ρέως
247 1090 307 1128 καὶ
330 1092 492 1128 τελεστοῦ
518 1090 623 1140 κόρην
645 1090 812 1142 παρθένον
841 1090 984 1139 ὀνόματι
1008 1089 1184 1139 Αἰμάθην,

145 1146 235 1185 κατὰ
258 1147 364 1198 μέσου
390 1151 450 1194 τῆς
469 1148 602 1190 πόλεως
621 1147 680 1184 καὶ
699 1152 758 1186 τοῦ
786 1151 946 1198 ποταμοῦ
965 1146 1048 1197 μηνὶ
1072 1147 1186 1199 Ἀρτε-

146 1205 252 1259 μισίῳ
279 1209 328 1257 τῷ
357 1206 415 1244 καὶι
437 1205 546 1258 Μαΐῳ
565 1205 633 1252 κδ’,
666 1204 740 1258 ὥρᾳ
769 1208 917 1258 ἡμερινῇ
937 1205 982 1253 α’,
1002 1208 1060 1243 τοῦ
1090 1205 1187 1252 ἡλίου

147 1264 406 1311 ἀνατέλλοντος,
422 1264 573 1308 καλέσας
589 1264 696 1311 αὐτὴν
714 1264 922 1315 Ἀντιόχειαν
941 1266 986 1307 εἷς
1002 1263 1111 1315 ὄνομα
1127 1267 1187 1302 τοῦ

147 1322 232 1360 ἰδίου
264 1323 366 1360 αὐτοῦ
396 1324 468 1360 υἱοῦ
495 1325 553 1359 τοῦ
576 1321 762 1371 λεγομένου
792 1320 967 1372 Ἀντιόχου
1000 1323 1185 1373 Σωτῆρος,

145 1380 265 1423 κτίσας
287 1380 408 1423 εὐθέως
428 1380 487 1418 καὶ
506 1380 613 1431 ἱερὸν,
631 1380 648 1418 ὃ
678 1379 820 1418 ἐκάλεσε
842 1379 997 1418 Βωττίου
1017 1380 1026 1432 (
1043 1380 1187 1418 Βοττίου

142 1453 172 1478 s.
193 1438 374 1477 Βοττιαίου
392 1441 548 1478 Wessel.
571 1441 619 1476 ad
644 1440 786 1476 Herod.
809 1453 842 1485 7,
875 1439 968 1487 123)
987 1438 1088 1486 Διὸς,
1106 1440 1188 1475 ἀνε-

142 1495 258 1548 γείρας
287 1496 347 1534 καὶ
375 1496 418 1535 τὰ
440 1496 540 1548 τείχη
572 1495 767 1539 σπουδαίως
787 1495 918 1548 φοὸερὰ
945 1496 1013 1544 διὰ,
1036 1497 1187 1534 Ξεναίου

143 1554 402 1606 ἀρχιτέκτονος,
430 1555 561 1602 στήσας
589 1555 787 1607 ἀνδριάντος
813 1555 945 1602 στήλην
969 1556 1106 1606 χαλκῆν
1125 1558 1187 1602 τῆς

142 1613 412 1665 σφαγιασθείσης
428 1613 532 1666 κόρης
547 1612 669 1664 Τύχην
684 1615 727 1665 τῇ
747 1613 846 1651 πόλει
868 1613 1029 1665 ὑπεράνω
1046 1617 1106 1651 τοῦ
1122 1629 1182 1651 πο-

141 1674 275 1722 ταμοῦ,
306 1672 429 1715 εὐθέως
457 1671 606 1718 ποιήσας
630 1673 717 1724 αὐτῇ
748 1674 791 1722 τῇ
811 1670 914 1724 Τύχῃ
945 1671 1080 1713 θυσίαν
1114 1672 1185 1711 Και

142 1729 299 1768 ἀπελθὼν
317 1730 528 1783 κατέστρεψε
547 1728 612 1774 τὴν
629 1729 838 1781 Ἀντιγονίαν
857 1730 957 1767 πόλιν
977 1736 1095 1770 πᾶσαν
1122 1729 1185 1775 ἕως

141 1788 303 1841 ἐδάφους,
321 1788 533 1839 μετενεγκων
552 1788 612 1827 καὶ
627 1788 687 1832 τὰς
704 1787 788 1832 ύλας
809 1789 935 1826 ἐκεῖθεν
956 1778 1011 1827 διὰ
1037 1793 1095 1828 τοῦ
1122 1806 1185 1828 πο-

141 1851 276 1898 ταμοῦ,
294 1863 354 1886 και
371 1847 518 1893 ποιήσας
536 1847 597 1885 καὶ
614 1850 655 1899 τῇ
673 1846 774 1899 Τύχῃ
793 1847 983 1901 Ἀντιγονία
999 1848 1185 1900 ἀνδριάντα

141 1905 269 1953 στήλης
291 1907 428 1958 χαλκῆς
448 1906 594 1958 ἐχούσης
618 1906 829 1955 Ἀμαλθείας
858 1907 961 1958 κέρας
993 1906 1186 1959 ἔμπροσθεν

141 1967 261 2010 αὐτῆς.
286 1964 357 2003 Καὶ
376 1964 525 2011 ποιήσας
548 1965 619 2002 ἐκεῖ
638 1964 869 2016 τετρακιόνιον
889 1965 924 2001 ἐν
944 1963 1021 2017 ὕψει
1042 1964 1185 2011 ἔστησεν

142 2022 248 2069 αὐτὴν
267 2023 329 2070 τὴν
348 2023 482 2075 Τύχην,
499 2022 722 2069 καταστήσας
739 2022 930 2074 ἔμπροσθεν
948 2024 1054 2069 αὐτῆς
1069 2023 1185 2075 βωμὸν

140 2081 271 2134 ὑψηλόν
284 2098 292 2105 ·
309 2081 429 2128 ἥντινα
452 2081 582 2128 στήλην
599 2084 658 2128 τῆς
677 2083 709 2120 Τ
713 2080 799 2133 ύχης
819 2081 909 2131 μετὰ
926 2082 1090 2128 τελευτὴν
1114 2085 1181 2121 Σε-

140 2194 229 2224 Hanc
255 2193 365 2233 itaque
392 2193 542 2225 Seleucus
567 2195 599 2225 et
630 2193 686 2233 qui
708 2202 782 2224 cum
809 2193 864 2225 illo
890 2194 1005 2232 erant,
1030 2194 1184 2234 insecuti,

137 2246 294 2276 sacratam
311 2245 442 2276 offulam
459 2246 491 2277 in
507 2247 615 2277 monte
631 2247 839 2285 invenerunt,
865 2247 1070 2287 aquilamque
1085 2247 1113 2278 ei
1139 2247 1185 2278 in-

138 2296 320 2328 cubantem.
348 2297 502 2329 Sacerdos
526 2299 634 2329 autem
659 2298 692 2329 et
719 2297 862 2338 auspices
877 2300 910 2330 et
925 2298 991 2338 ipse
1013 2298 1184 2337 Seleucus,

137 2350 322 2388 portentum
336 2349 396 2380 hoc
410 2349 553 2380 videntes
563 2374 571 2388 ,
586 2349 735 2381 dixerunt
747 2358 878 2381 omnes:
896 2362 912 2377 α
924 2350 984 2381 Hic
996 2349 1085 2381 sedes
1095 2350 1186 2382 nobis

136 2400 292 2440 ponendae
317 2402 409 2439 sunt;
431 2401 631 2441 Antigoniam
650 2409 726 2432 vero
753 2409 813 2432 nec
841 2400 935 2432 incoli
952 2409 1056 2441 neque
1072 2401 1184 2433 urbem

137 2451 206 2483 fieri
229 2453 275 2483 fas
290 2454 358 2493 est;
373 2453 490 2493 quippe
509 2454 554 2484 sic
570 2453 693 2484 numini
708 2453 823 2484 visum.
843 2466 858 2481 »
874 2453 1052 2485 Consilium
1077 2454 1185 2494 itaque

137 2512 212 2535 cum
226 2504 263 2536 iis
273 2504 373 2535 inibat
388 2504 556 2544 Seleucus,
583 2514 648 2545 quo
666 2504 796 2536 tandem
823 2504 855 2536 in
872 2505 942 2536 loco
962 2505 1050 2537 urbis
1070 2505 1183 2537 sunda-

137 2557 245 2588 menta
259 2558 331 2588 tuto
346 2558 548 2597 ponerentur.
564 2558 689 2588 cavens
698 2561 806 2588 autem
819 2557 878 2588 sibi
894 2557 935 2588 ab
946 2557 1081 2590 effluviis
1095 2567 1184 2590 mon-

138 2608 179 2639 tis
195 2607 284 2648 Silpii
300 2609 332 2640 et
354 2608 394 2639 ab
411 2609 504 2648 aquis
529 2608 661 2639 hiberno
680 2611 822 2648 tempore
837 2608 910 2640 indc
925 2609 1182 2650 exundantibus,

137 2659 343 2691 fundamenta
357 2660 443 2691 urbis
456 2659 587 2691 molitur
604 2659 635 2690 in
655 2660 783 2699 planitie
793 2660 963 2700 convallis,
978 2669 1015 2692 ex
1039 2662 1184 2701 opposito

137 2712 272 2751 montis,
297 2712 390 2752 juxta
416 2714 595 2744 Draconem
628 2711 762 2743 nuvium
790 2721 940 2754 magnum
951 2736 959 2751 ,
985 2713 1040 2753 qui
1075 2715 1184 2754 postea

136 2766 273 2796 Orontes
291 2766 422 2796 vocatus
437 2766 503 2804 est;
520 2765 574 2796 ubi
593 2766 624 2796 et
637 2765 727 2796 vicus
739 2765 808 2803 suit,
826 2764 955 2796 nomine
969 2765 1087 2804 Bottia,
1103 2775 1121 2798 e
1138 2775 1183 2798 re·

136 2816 402 2857 gione'lopoleos.
429 2819 506 2849 Rem
534 2826 609 2849 vero
631 2817 773 2849 divinam
798 2818 872 2849 fecit
901 2818 1086 2850 immolante
1110 2822 1184 2850 Am-

137 2869 271 2908 phione,
299 2869 463 2901 sacerdote
474 2870 505 2901 et
522 2871 624 2910 mysta
635 2893 644 2907 ‚
665 2870 820 2909 virginem
833 2894 841 2909 ,
857 2871 1025 2902 AEmathen
1041 2871 1182 2910 nomine,

135 2921 186 2953 die
203 2922 352 2953 vicesimo
365 2923 505 2954 secundo
522 2923 679 2954 Artemisii
699 2923 766 2954 sive
783 2923 858 2962 Maji
874 2923 1002 2962 mensis,
1030 2923 1108 2954 hora
1121 2924 1182 2956 diei

135 2971 255 3011 prima,
273 2973 333 3004 sub
356 2975 463 3005 ortum
491 2974 576 3006 solis.
595 2974 714 3006 Urbem
732 2983 806 3005 vero
834 2974 875 3005 ab
891 2974 1048 3006 Antiocho
1073 2976 1182 3006 sotere

136 3023 201 3055 filio
217 3033 276 3055 suo
293 3025 493 3059 Antiochiam
507 3026 645 3056 vocavit.
667 3028 790 3057 Fanum
807 3025 922 3057 deinde
941 3026 1097 3058 exstruxit
1110 3027 1181 3058 Jovi

136 3075 243 3106 Bottio
257 3083 402 3115 sacrum;
432 3077 613 3116 moeniaque
638 3077 726 3108 urbis
745 3077 898 3108 excitavit
924 3086 1050 3108 summo
1078 3077 1182 3109 studio

135 3127 302 3168 stupenda,
312 3130 429 3159 Xenaeo
442 3138 518 3160 usus
530 3130 716 3160 architecto.
730 3131 876 3161 Statuam
885 3131 1039 3169 praetcrea
1046 3139 1180 3169 aeneam,

135 3178 225 3210 urbis
243 3181 431 3219 Fortunam,
449 3180 550 3212 erexit
562 3192 570 3219 ;
582 3181 734 3220 cuijuxta
750 3181 885 3212 tluvium
915 3181 1079 3212 collocatae
1092 3190 1181 3213 sacra

135 3232 242 3263 statim
256 3232 385 3272 peregit.
406 3233 607 3272 Antigoniam
632 3233 746 3265 deinde
763 3235 924 3274 repetens,
948 3242 1017 3265 eam
1038 3234 1181 3264 funditus

135 3284 267 3323 evertit,
281 3284 457 3325 utilemque
473 3286 637 3316 ruinarum
652 3287 818 3317 materiam
830 3286 960 3317 flumine
977 3286 1049 3317 inde
1065 3286 1179 3325 depor-

135 3335 226 3366 tavit.
257 3335 431 3376 Antigoniae
458 3338 565 3368 autem
597 3337 685 3368 urbis
716 3338 866 3368 Fortunae
891 3339 1030 3368 statuam
1062 3345 1178 3368 aercam

137 3387 255 3426 erexit,
281 3389 452 3420 Amaltheae
476 3398 574 3420 cornu
594 3398 689 3420 manu
707 3391 887 3428 tenentem3
913 3399 1046 3428 eamque
1064 3389 1094 3419 in
1123 3398 1177 3420 su-

138 3437 225 3469 blimi
243 3438 409 3470 collocavit
426 3439 456 3470 in
471 3440 586 3471 sacello
600 3441 751 3479 quattuor
767 3441 1008 3479 columnarum,
1029 3449 1179 3480 aramque

1246 387 1426 439 ἀπήγαγεν
1448 390 1481 426 ἐν
1501 386 1626 439 ‘Po'mqu
1646 389 1680 424 ἐν
1709 391 1750 440 τῇ
1769 388 1867 425 πόλει
1893 392 1953 435 τῆς
1983 390 2154 433 Κιλικίας,
2182 390 2226 430 Ἡ
2253 391 2289 428 δὲ

1246 445 1334 493 αὐτὴ
1352 446 1449 489 πόλις
1470 446 1602 488 Ῥῶσος
1620 445 1760 492 ἐκτίσθη
1778 445 1844 483 ὑπὸ
1863 447 2002 490 Κίλικος
2019 452 2077 485 τοῦ
2098 450 2171 486 υἱοῦ
2188 448 2288 500 Ἀγή-

1246 520 1355 556 νορος.
1373 505 1416 543 Ὁ
1434 504 1469 542 δὲ
1491 503 1660 547 Σέλευκος
1681 503 1769 553 μετὰ
1795 504 1834 553 τιὸ
1850 505 2089 558 καταστρέψαι
2105 505 2167 552 τὴν
2183 499 2290 545 Ἀντι-

1247 564 1362 615 γονίαν
1381 562 1521 610 ἐποίησε
1537 577 1743 613 μετοικησαι
1758 561 1837 605 τους
1851 561 2049 609 Ἀθηναίους
2061 566 2106 606 εἰς
2120 563 2194 610 ἣν”
2177 580 2290 602 εκτισε

1247 622 1345 660 πόλιν
1364 620 1573 673 Ἀντιόχειαν
1594 619 1656 666 τὴν
1675 619 1828 670 μεγάλην
1845 636 1923 663 τους
1943 622 2120 665 οἰκοῦντας
2139 622 2203 668 τὴν
2222 623 2291 661 ’-Αν

1247 680 1410 732 τιγονίαν,
1431 680 1588 723 ούστινας
1605 683 1647 726 ἠν
1671 679 1743 717 ἐκει
1767 679 1871 722 εάσας
1895 679 2084 730 Ἀντί(ονος
2109 680 2197 729 μετὰ
2220 685 2290 727 Δη-

1249 739 1394 792 μητρίου
1414 740 1486 777 υἱοῦ
1511 739 1615 776 αὐτοῦ
1628 767 1639 785 ,
1661 752 1720 775 και
1738 737 1804 774 ἄλλ
1798 753 1863 780 ους
1877 737 1911 775 δὲ
1931 737 2055 789 ἄνδρας
2072 737 2290 785 Μακεδόνας,

1251 799 1325 841 τοὺς
1343 797 1476 841 πάντας
1497 796 1622 849 ἄνδρας
1643 796 1714 848 led,
1731 796 1881 842 ποιήσας
1911 798 1928 833 ὃ
1947 795 2047 839 αὐτὸς
2068 795 2234 839 Σέλευκος
2257 799 2291 834 ἐν

1250 855 1439 908 Ἀντιοχείᾳ
1459 858 1501 908 τῇ
1523 855 1660 906 μεγάλῃ
1682 853 1868 906 ἀνδριάντα
1890 855 2045 906 χαλκοῦν
2064 854 2209 907 φοὸερὸν
2233 858 2293 901 τῆς

1249 914 1391 961 Ἀθήνης
1420 913 1476 951 διὰ
1499 912 1577 956 τοὺς
1605 912 1827 959 Ἀθηναίους,
1859 913 1904 955 ὡς
1933 911 2041 959 αὐτὴν
2071 911 2290 960 σεὸομένους.

1250 973 1440 1023 Κατήγαγε
1467 972 1501 1010 δὲ
1528 970 1686 1015 καὶτοὺς
1713 973 1854 1023 Κρῆτας
1876 969 1946 1008 ἀπὸ
1973 973 2034 1017 τῆς
2055 970 2291 1023 ἀκροπόλεως,

1249 1030 1305 1074 οὒς
1325 1031 1438 1069 εἴασεν
1463 1033 1480 1068 ὃ
1501 1030 1616 1072 Κάσος
1640 1032 1656 1066 ὁ
1674 1031 1745 1072 υἱὸς
1774 1028 1914 1080 Ἰνάχου
1938 1029 2010 1066 ἄνω
2033 1031 2156 1068 οἰκεῖν·
2175 1029 2294 1073 οἵτινες

1251 1089 1519 1138 μετοικήσαντες
1539 1090 1583 1131 εἷς
1604 1088 1664 1134 τὴν
1681 1087 1788 1134 αὐτὴν
1807 1086 2020 1139 Ἀντιόχειαν
2035 1087 2123 1137 μετὰ
2146 1087 2205 1125 καὶ
2226 1090 2292 1125 τῶν

1254 1146 1430 1198 Κυπρίων,
1450 1145 1568 1192 ἐπειδὴ
1596 1148 1613 1184 ὃ
1643 1145 1759 1189 Κάσος
1784 1143 1945 1197 βασιλεὺς
1964 1145 2116 1197 ἠγάγετο
2140 1146 2294 1197 Ἀμυκὴν

1251 1204 1311 1251 τὴν
1337 1206 1395 1243 καὶ
1424 1205 1586 1250 Κιττίαν,
1613 1204 1784 1257 θυγατέρα
1811 1204 2014 1254 Σαλαμίνου
2036 1208 2096 1243 τοῦ
2125 1204 2292 1256 Κυπρίων

1252 1263 1434 1315 βασιλέως.
1455 1264 1527 1302 Καὶ
1549 1258 1650 1310 ἦλθον
1669 1263 1743 1313 μετ’
1764 1264 1870 1309 αὐτῆς
1891 1261 2058 1314 Κύπριοι,
2075 1262 2134 1300 καὶ
2151 1262 2292 1316 ᾤκησαν

1250 1322 1311 1368 τὴν
1331 1322 1532 1374 ἀκρόπολιν.
1560 1323 1630 1360 Καὶ
1651 1324 1795 1374 τελευτᾷ
1820 1325 1842 1368 ἡ
1866 1320 2002 1370 Ἀμυκὴ,
2018 1321 2076 1359 καὶ
2097 1322 2206 1374 ἐτάφη
2225 1322 2293 1361 ἀπὸ

1250 1381 1400 1418 σταδίων
1417 1383 1480 1427 τῆς
1502 1380 1637 1424 πόλεως
1662 1380 1703 1432 ρ’,
1720 1382 1762 1418 δι’
1777 1381 1818 1426 ἣν
1841 1379 1969 1426 ἐκλήθη
1988 1379 2123 1432 ἡχώρα
2143 1380 2291 1430 Ἀμυκή.

1250 1438 1497 1491 Προετρέψατο
1521 1437 1557 1476 δὲ
1580 1441 1597 1476 ὃ
1623 1438 1724 1482 αὐτὸς
1752 1438 1921 1481 Σέλευκος
1944 1438 2003 1476 καὶ
2022 1438 2098 1482 τοὺς
2127 1438 2293 1491 Ἀργείους

1250 1495 1428 1546 Ἶωνίτας,
1447 1496 1507 1534 καὶ
1531 1495 1709 1547 κατήγαγε
1729 1495 1788 1533 καὶ
1813 1495 1934 1540 αὐτοὺς
1956 1497 1995 1533 ἐκ
2020 1499 2080 1541 τῆς
2101 1496 2294 1539 Ἷωπόλεως

1250 1556 1284 1593 ἐν
1307 1558 1349 1608 τῇ
1367 1557 1455 1608 αὐτῇ
1476 1554 1668 1606 Ἀντιοχείᾳ
1694 1556 1800 1592 οἰκεῖν
1817 1571 1825 1578 ·

1249 1613 1308 1652 καὶ
1327 1615 1470 1664 εὐγενεῖς
1487 1613 1771 1664 πολιτευομένους
1786 1613 1961 1660 ἐποίησεν.
1977 1609 2135 1660 Ἔστησε
2153 1613 2188 1651 δὲ
2205 1616 2222 1651 ὁ
2238 1615 2295 1651 αὖ·

1249 1673 1303 1717 τὸς
1325 1671 1493 1716 Σέλευκος
1521 1672 1582 1710 καὶ
1610 1671 1678 1725 πρὸ
1697 1688 1757 1719 της
1783 1672 1916 1716 πόλεως
1936 1671 2080 1723 ἄγαλμα
2099 1671 2225 1710 λίθινον
2245 1688 2294 1709 τι)

1250 1733 1354 1784 ἀετῷ.
1375 1730 1560 1770 Ἐκέλευσε
1581 1730 1616 1769 δὲ
1633 1734 1650 1769 ὁ
1671 1730 1772 1774 αὐτος
1788 1747 1847 1769 και
1864 1747 1940 1774 τους
1961 1747 2073 1780 μηνας
2089 1734 2148 1777 τῆς
2167 1731 2294 1783 Συρίας

1249 1790 1341 1828 κατὰ
1374 1789 1576 1834 Μακεδόνας
1604 1791 1806 1837 καλεῖσθαι,
1831 1789 1915 1828 διότι
1945 1793 2040 1841 εὗρεν
2063 1790 2096 1827 ἐν
2130 1805 2172 1840 τῃ
2202 1791 2291 1839 αὐτη

1248 1849 1348 1902 χώρᾳ
1375 1849 1538 1899 γίγαντας
1557 1848 1782 1895 οἰκήσαντας·
1809 1847 1878 1886 ἀπὸ
1897 1848 1964 1900 γὰρ
1991 1847 2049 1886 δύο
2082 1847 2206 1897 μιλίων
2235 1851 2295 1894 τῆς

1248 1907 1381 1950 πόλεως
1404 1906 1614 1958 Ἀντιοχείας
1635 1906 1708 1944 ἐστὶ
1736 1906 1859 1953 τόπος,
1877 1906 1967 1958 ἔχων
1989 1905 2137 1956 σώματα
2159 1905 2294 1958 ἀνθρώ-

1249 1981 1322 2003 πων
1344 1965 1623 2003 ἀπολιθωθέντων
1644 1963 1735 2002 κατὰ
1757 1963 1995 2015 ἀγανάκτησιν
2017 1966 2113 2012 θεοῦ,
2137 1962 2294 2006 οὕστινας

1249 2022 1311 2068 ἕως
1326 2027 1385 2070 τῆς
1400 2028 1458 2061 νῦν
1472 2025 1617 2061 καλοῦσι
1637 2023 1801 2074 γίγαντας
1813 2038 1820 2046 ·
1838 2022 2005 2065 ὡσαύτως
2021 2021 2056 2059 δὲ
2070 2021 2128 2059 καὶ
2146 2021 2293 2074 Παγροίν

1250 2098 1326 2120 τινα
1345 2082 1434 2121 οὕτω
1452 2081 1664 2132 καλούμενον
1682 2081 1828 2132 γίγαντα
1848 2083 1881 2118 ἐν
1896 2083 1938 2132 τῇ
1959 2082 2048 2131 αὐτῇ
2068 2081 2227 2118 οἰκοῦντα
2247 2082 2293 2132 γῇ

1856 1553 2012 1597 οὕστινας
2030 1556 2076 1598 ὡς
2104 1554 2294 1603 ἱερατικοὺς

1213 2193 1216 2201 “
1247 2194 1403 2226 excelsam
1419 2195 1493 2225 ante
1510 2193 1589 2224 illud
1599 2192 1768 2224 exstruxit.
1785 2194 1875 2224 Hanc
1890 2192 2040 2223 Fortunae
2053 2191 2139 2222 urbis
2154 2191 2293 2222 statuam

1246 2247 1317 2286 post
1335 2245 1456 2278 Seleuci
1470 2246 1605 2276 mortem
1619 2244 1817 2282 Demetrius,
1831 2243 1976 2283 Antigoni
1998 2242 2183 2274 Poliorcetis
2198 2242 2293 2281 tilius,

1246 2297 1375 2329 devexit
1390 2297 1423 2328 in
1439 2297 1595 2336 Rhosum,
1614 2295 1733 2327 Ciliciae
1748 2295 1871 2332 urbem,
1886 2303 1905 2326 a
1919 2294 2029 2334 cilice,
2049 2293 2199 2334 Agenoris
2215 2293 2293 2332 filio,

1246 2350 1417 2382 conditam.
1442 2350 1591 2382 Seleucus
1613 2357 1689 2380 vero
1705 2349 1778 2389 post
1804 2347 2005 2388 Antigoniam
2034 2355 2177 2378 eversam
2195 2346 2294 2377 Athe-
2343 2370 2345 2372 .

1246 2402 1385 2439 nienses,
1403 2401 1461 2441 qui⁴
1472 2410 1542 2432 eam
1556 2400 1759 2432 incoluerunt
1768 2423 1782 2439 ,,
1792 2399 1918 2430 relictos
1933 2397 1976 2432 ibi
1995 2398 2036 2429 ab
2053 2397 2207 2438 Antigono
2221 2406 2294 2428 cum

1246 2453 1408 2487 Demetrio
1436 2452 1518 2491 filio,
1542 2452 1697 2492 praeterea
1715 2451 1811 2482 etiam
1835 2449 2025 2481 Macedones
2041 2448 2054 2489 ζ
2069 2457 2206 2489 quorum
2225 2457 2295 2479 om-

1246 2507 1334 2537 nium
1353 2515 1508 2537 numerus
1526 2505 1584 2536 fuit
1602 2505 1745 2535 virorum
1763 2504 1906 2543 quinque
1935 2502 2072 2533 millium
2087 2505 2123 2533 et—
2133 2502 2293 2532 trecento-

1246 2567 1316 2589 rum
1334 2560 1344 2598 )
1366 2559 1397 2590 in
1412 2558 1612 2590 Antiochiam
1627 2565 1775 2596 magnam
1790 2565 1808 2587 a
1819 2565 1851 2588 se
1864 2555 2026 2587 conditam
2043 2554 2217 2586 transtulit.
2234 2554 2294 2585 Ubi

1245 2612 1383 2642 statuam
1397 2610 1493 2642 etiam
1519 2618 1636 2641 aeream
1662 2608 1756 2648 plane
1781 2607 1971 2647 stupendam
1994 2607 2146 2639 Minervae
2172 2606 2293 2646 posuit,

1245 2664 1374 2702 propter
1395 2661 1601 2693 Athenienses
1622 2660 1678 2700 qui
1701 2668 1770 2691 eam
1797 2659 1917 2690 colunt.
1945 2659 2111 2690 Cretenses
2127 2658 2224 2688 etiam
2241 2657 2294 2689 d'e·

1245 2714 1339 2745 duxit
1353 2714 1523 2751 Seleucus,
1540 2721 1620 2753 quos
1644 2720 1751 2743 arcem
1776 2719 1983 2753 summasque
2004 2710 2091 2741 urbis
2108 2710 2213 2751 partes
2237 2710 2292 2740 ha-

1245 2766 1346 2797 bitare
1360 2765 1433 2797 fecit
1448 2765 1525 2796 olim
1552 2766 1653 2796 Casus
1673 2763 1781 2794 lnachi
1804 2762 1899 2794 filius.
1923 2763 1962 2794 Et
1990 2771 2062 2793 cum
2092 2762 2140 2793 his
2162 2761 2294 2801 Cyprios

1244 2819 1340 2850 ctiam
1359 2819 1389 2849 in
1400 2818 1534 2852 eandem
1549 2816 1750 2849 Antiochiam
1762 2815 1916 2847 traduxit.
1933 2817 2032 2847 casus
2045 2815 2130 2846 enim
2145 2823 2201 2846 rex
2215 2823 2292 2845 uxo-

1245 2880 1311 2902 rem
1332 2870 1443 2902 habuit
1459 2872 1619 2909 Amycen‚
1637 2877 1710 2908 quae
1733 2869 1765 2899 et
1785 2867 1881 2898 Cittia
1895 2869 2007 2898 vocata
2021 2867 2090 2906 est,
2108 2866 2291 2903 Salaminis,

1246 2923 1434 2963 Cypriorum
1455 2922 1553 2961 regis,
1577 2922 1674 2952 tiliam
1694 2930 1700 2951 :
1720 2929 1794 2951 cum
1819 2921 1878 2951 hac
1898 2920 2006 2960 Cyprii
2025 2919 2188 2952 venientes
2206 2928 2292 2950 sum-

1245 2975 1369 3006 mitates
1379 2974 1466 3005 urbis
1479 2973 1690 3004 incoluerunt.
1704 2974 1821 3012 Amyce
1828 2971 1941 3003 deinde
1952 2973 2078 3002 mortua
2089 2995 2097 3010 ‚
2113 2972 2241 3002 centum
2252 2970 2292 3001 ah

1244 3026 1321 3057 urbe
1342 3025 1451 3057 stadiis
1466 3025 1591 3065 sepulta
1607 3025 1672 3063 est;
1688 3032 1706 3054 a
1724 3032 1789 3063 qua
1808 3023 1893 3063 regio
1921 3023 1973 3054 illa
1999 3026 2117 3062 Amyce
2133 3022 2218 3052 dicta
2231 3022 2289 3053 est.

1244 3077 1374 3117 Argivos
1391 3076 1488 3107 etiam
1503 3075 1621 3107 lonitas
1639 3075 1784 3106 hortatus
1801 3078 1863 3110 est,
1879 3077 1914 3105 ut
1932 3074 2030 3114 lopoli
2049 3074 2158 3104 relicta
2177 3073 2207 3103 in
2226 3073 2296 3103 Ari-¹

1244 3128 1395 3159 tiochiam
1423 3127 1614 3167 migrarent;
1638 3135 1720 3166 quos
1743 3127 1898 3166 tanquam
1923 3125 2136 3156 sacerdotales
2155 3125 2186 3155 et
2207 3124 2285 3162 opti-

1243 3182 1342 3211 mates
1359 3178 1471 3209 urbem
1490 3178 1712 3209 administrare
1732 3177 1836 3217 jussit.
1856 3177 1943 3208 ldem
1961 3176 2113 3208 Seleucus
2132 3174 2287 3214 lapideum

1241 3233 1447 3264 simulacrum
1461 3232 1578 3271 aquilae
1599 3232 1674 3262 ante
1687 3230 1799 3262 urbem
1826 3230 1942 3270 posuit.
1962 3231 2084 3260 Menses
2098 3229 2172 3259 item
2196 3229 2288 3266 Syro-

1243 3293 1312 3315 rum
1334 3283 1546 3315 Macedonum
1560 3284 1716 3314 mensium
1743 3281 1926 3312 nominibus
1941 3280 2045 3311 vocari
2070 3279 2162 3318 jussit
2175 3301 2183 3316 ,
2201 3276 2285 3316 quod

1242 3337 1361 3367 invenit
1376 3336 1407 3367 in
1426 3336 1484 3366 hac
1503 3335 1598 3367 etiam
1618 3335 1743 3374 regione
1762 3334 1837 3365 olim
1857 3333 1997 3373 gigantes
2013 3331 2178 3362 habitasse.
2207 3330 2284 3360 Nam

1242 3388 1368 3418 duobus
1383 3387 1423 3418 ab
1455 3387 1621 3419 Antiochia
1644 3386 1784 3417 millibus
1802 3393 1950 3425 passuum
1983 3384 2070 3414 locus
2089 3383 2134 3411 cst
2154 3380 2207 3410 ubi
2229 3379 2284 3409 hu·

1243 3448 1334 3471 mana
1349 3447 1481 3479 corpora
1499 3438 1710 3478 reperiuntur,
1730 3437 1775 3467 ira
1791 3435 1840 3467 dci
1856 3436 1886 3466 in
1898 3434 2016 3475 lapides
2026 3440 2190 3470 conversa,
2204 3439 2285 3470 quos
