2372 3704
1027 215 1207 254 FRAGM
1216 214 1359 253 ENTA.

618 321 676 360 13.

176 397 310 436 1d.ib.
335 409 370 432 c.
398 407 440 431 11
463 406 472 432 2
496 393 646 444 Βροῦτος
661 388 728 428 ὑπὸ
748 389 889 428 πάντων
909 388 1040 431 ὕπατος
1055 403 1169 440 χειρο-

119 453 295 501 τονηθεὶς,
327 451 539 505 ἐφυγάδευσε
571 448 628 487 τὸν
660 446 879 500 ὓπερήφανον
899 447 1093 502 Ταρκύνιον
1106 462 1167 485 τυ-

121 515 287 564 ραννικῶς
303 509 616 563 ἀναστρεφόμενον.
640 506 686 547 ‘O
711 507 739 545 δ’
760 506 868 545 ἐλθὼν
900 507 946 550 εἷς
973 505 1168 554 Τούσκους,

119 571 286 622 ἐπολέμει
313 568 517 620 Ῥωμαίοις.
540 569 588 607 Οἱ
609 566 644 605 δὲ
661 566 728 604 υἱοὶ
748 565 806 603 τὸν
829 565 964 617 πατέρα
983 566 1169 617 προδοῦναι

118 628 386 677 ἠὸουλήθησαν.
414 623 666 678 Ἐμπεσόντων
687 623 744 672 δὲ,
771 625 1104 676 τραχηλοκοπῆσαι·
1124 625 1170 666 ὡς

120 687 334 742 Ἀριστείδης
350 684 525 732 Μιλήσιος
541 685 576 722 ἐν
595 688 666 727 τοῖς
681 682 882 725 Ἰταλικοῖς,
911 693 915 695 ’

615 766 676 804 14.
718 761 724 767 ’

171 843 230 880 Id.
246 842 303 880 ib.
333 854 366 879 c.
391 853 436 876 12
456 851 466 878 ε
488 837 663 887 Ῥωμαῖοι
689 836 775 888 πρὸς
805 836 984 887 Σαμνίτας
1015 835 1168 885 πόλεμον

116 900 265 952 ἔχοντες,
276 896 541 951 ἐχειροτόνησαν
562 895 700 935 Μάλιον
718 896 776 934 τὸν
791 894 1009 942 Ἐπιτάκτην
1025 895 1170 941 ἐπικλη-

119 957 238 997 θέντα.
265 950 377 1000 Οῧτος
406 956 464 994 διὰ
494 954 712 1008 χειροτονίαν
743 952 916 1000 ὑπατικὴν
947 955 994 996 εἷς
1022 952 1167 1002 Ῥώμην

117 1015 370 1069 πορευόμενος,
388 1017 439 1068 τῷ
463 1016 528 1066 υἱῷ
544 1012 736 1066 προσέταξε
763 1011 811 1063 μὴ
844 1012 1055 1062 συμὸαλεῖν·
1085 1013 1115 1049 οἱ
1133 1011 1168 1049 δὲ

118 1076 297 1125 Σαμνῖται
318 1073 507 1124 μαθόντες,
527 1071 766 1125 βλασφημίαις
784 1070 988 1116 ἐξουδένιζον
1007 1070 1064 1108 τὸν
1081 1085 1168 1108 νεα-

117 1132 209 1172 νίαν.
243 1131 290 1172 ‘O
323 1131 360 1170 δὲ
390 1130 578 1184 ταραχθεὶς
611 1129 768 1176 ἐνίκησεν
783 1145 791 1153 ·
822 1129 961 1172 Μάλιος
996 1130 1025 1167 δ’
1063 1127 1168 1166 αὐτὸν

116 1190 467 1244 ἐτραχηλοκόπησεν,
495 1189 656 1242 καθάπερ
683 1191 814 1242 ἱστορεῖ
854 1187 1066 1240 Ἀριστείδης
1096 1190 1168 1227 Μι-

117 1250 249 1297 λήσιος.

615 1307 675 1357 15.

169 1397 229 1435 Id.
250 1397 306 1435 ib.
323 1409 358 1433 c.
386 1395 430 1433 15
447 1407 456 1434 :
475 1393 645 1446 Ταρπηΐα
667 1395 736 1432 τῶν
751 1392 978 1445 εὐσχημόνων
989 1392 1168 1444 παρθένων

117 1457 177 1492 τοῦ
195 1451 425 1498 Καπιτωλίου
444 1451 575 1506 φύλαξ,
596 1450 784 1502 Ῥωμαίων
807 1450 893 1503 πρὸς
915 1450 1088 1493 Σαὸίνους
1103 1465 1169 1488 πο-

117 1511 316 1562 λεμούντων
330 1543 339 1559 ,
356 1510 530 1563 ὑπέσχετο
545 1513 594 1563 τῷ
619 1510 743 1562 Τατίῳ
762 1509 884 1548 δώσειν
906 1509 1039 1548 εἴσοδον
1059 1510 1106 1553 εἷς
1129 1509 1168 1547 τὸ

117 1569 300 1619 Ταρπήῖον
315 1570 392 1623 ὄρος
405 1600 416 1620 ,
434 1569 493 1607 ἐὰν
515 1567 637 1619 μισθὸν
658 1567 750 1620 λάὸῃ
763 1567 839 1612 τοὺς
850 1567 999 1620 ὅρμους,
1016 1567 1072 1611 οὓς
1090 1567 1168 1620 ἐφό·

119 1644 198 1681 ρουν
215 1628 348 1680 κόσμου
369 1627 490 1680 χάριν·
520 1627 667 1667 Σαὸῖνοι
687 1625 723 1665 δὲ
749 1626 951 1675 νοήσαντες,
972 1629 1086 1671 ζῶσαν
1103 1642 1170 1664 κα·-

117 1688 294 1741 τέχωσαν·
315 1690 362 1732 ὥς
378 1686 589 1741 Ἀριστείδης
603 1685 778 1733 Μιλήσιος
795 1688 830 1724 ἐν
852 1685 1044 1729 Ἰταλικοῖς.
1133 1689 1136 1692 ’

613 1766 674 1802 16.

169 1842 295 1880 1d.ib.
319 1855 353 1880 c.
379 1841 424 1877 16
446 1839 651 1889 ;,Ῥωμαῖοι
671 1838 731 1877 καὶ
754 1838 914 1877 Ἀλὸανοὶ
938 1839 1169 1888 πολεμοῦντες

119 1898 304 1950 τριδύμους
318 1898 526 1951 προμάχους
552 1896 705 1947 εἵλοντο,
726 1896 787 1934 καὶ
811 1896 972 1935 Ἀλὸανοὶ
991 1896 1053 1948 μὲν
1079 1899 1169 1936 Κου-

120 1956 289 2008 ριατίους,
318 1956 490 2006 Ῥωμαῖοι
520 1955 556 1993 δὲ
582 1954 785 2008 εΩρατίους.
830 1955 1100 2006 Συμὸληθείσης
1135 1955 1171 1994 δὲ

118 2018 180 2061 τῆς
200 2014 337 2066 μάχης,
362 2016 393 2053 οἱ
421 2014 624 2066 Κουριάτιοι
643 2013 705 2051 δύο
733 2016 801 2051 τῶν
825 2014 989 2052 ἐναντίων
1012 2015 1165 2052 ἀνεῖλον·

118 2076 137 2111 6
150 2072 186 2111 δὲ
202 2070 404 2126 περίλοιπος
422 2076 515 2125 φυγῇ
530 2075 753 2125 προσποιητῇ
771 2071 952 2125 συμμάχῳ
971 2072 1166 2124 χρώμενος,

160 2254 278 2286 Brutus
293 2253 333 2285 ab
347 2253 504 2285 universis
525 2252 650 2285 civibus
666 2253 779 2285 consul
792 2254 937 2293 creatus,
955 2253 1170 2293 Tarquinium

118 2306 311 2346 Superbum,
324 2305 379 2346 qui
395 2305 563 2345 tyrannice
579 2313 648 2337 sese
660 2306 817 2345 gesserat,
845 2304 878 2336 in
901 2305 1033 2336 exilium
1047 2304 1122 2345 egit.
1141 2306 1171 2336 Is

117 2357 157 2389 ad
166 2360 317 2390 Etruscos
330 2357 485 2396 confugit,
494 2365 671 2397 eorumque
681 2365 777 2396 opera
791 2357 943 2388 Romanis
953 2356 1074 2388 bellum
1083 2356 1167 2388 fecit.

121 2409 193 2441 Filii
208 2410 331 2450 patrem
351 2409 486 2450 prodere
502 2409 693 2447 voluerunt,
708 2407 945 2448 requedetecta
955 2432 963 2448 ,
977 2409 1082 2440 securi
1095 2409 1171 2441 sunt

119 2462 269 2502 percussi.
287 2461 440 2494 Aristides
454 2460 596 2494 Milesius
614 2460 745 2492 Italicis.

160 2573 295 2605 Romani
324 2572 408 2604 bello
430 2572 583 2604 adversus
602 2572 760 2604 Samnitas
785 2573 999 2612 praefecerunt
1015 2573 1172 2604 Manlium

119 2624 331 2664 Imperiosum
344 2624 567 2664 cognomento.
581 2625 612 2655 Is
625 2632 727 2663 quum
742 2623 784 2655 ad
797 2623 928 2655 comitia
940 2623 1085 2656 creandis
1097 2632 1173 2655 con-

120 2677 245 2709 sulibus
268 2676 390 2708 indicta
417 2677 552 2708 Romam
578 2676 848 2716 proficisceretur,
868 2676 933 2708 filio
951 2676 1115 2708 mandavit
1133 2685 1174 2708 ne

120 2738 261 2771 pugnam
294 2729 521 2761 committeret.
551 2728 722 2768 Samnitae‚
751 2737 786 2760 re
813 2730 981 2769 percepta,
1023 2729 1174 2760 conviciis

118 2783 269 2823 J'uvenem
297 2781 523 2821 irritaverunt,
547 2783 580 2813 et
610 2780 650 2812 ad
680 2780 827 2820 praelium
852 2780 1043 2812 elicuerunt.
1068 2782 1114 2811 Ex
1136 2788 1174 2811 eo

120 2833 224 2865 victor
235 2833 394 2877 discessit;
406 2833 496 2873 pater
506 2833 615 2864 autem
625 2840 701 2863 eum
714 2831 817 2863 securi
833 2831 998 2871 percussit,
1013 2831 1050 2863 ut
1066 2832 1175 2863 narrat

124 2885 276 2918 Aristides
291 2879 447 2917 Milesius.

620 2938 677 2970 15.

164 2993 318 3034 Tarpeia,
343 3000 408 3024 una
431 2991 471 3024 de
486 2991 647 3024 nobilibus
671 2991 865 3032 virginibus,
888 2991 1035 3032 Capitolii
1048 2992 1175 3031 custos,

123 3046 208 3079 bello
217 3046 405 3079 Sabinorum
416 3045 527 3076 contra
543 3046 718 3083 Romanos,
735 3044 827 3076 Tatio
846 3044 992 3084 promisit
1006 3052 1040 3075 se
1052 3044 1176 3075 aditum

78 3111 87 3116 ·
124 3099 154 3132 ei
171 3099 203 3131 in
217 3099 360 3131 montem
375 3097 549 3138 Tarpeium
569 3097 819 3138 patefacturam,
835 3097 862 3129 si
877 3097 1009 3128 monilia
1024 3097 1178 3128 mercedis

125 3151 196 3184 loco
207 3151 382 3192 acciperet,
396 3158 470 3190 quae
483 3149 590 3181 Sabini
603 3149 779 3190 gestabant.
801 3149 908 3181 Sabini
923 3149 984 3180 hoc
994 3148 1176 3187 sentientes,

125 3203 232 3235 vivam
247 3211 321 3235 cum
337 3202 509 3234 monilibus
526 3202 716 3234 obruerunt.
738 3201 891 3234 Aristides
910 3201 1049 3234 Milesius
1062 3201 1094 3232 in
1112 3202 1177 3232 lta-

120 3255 204 3288 ilicis.

624 3309 682 3341 16.

167 3362 303 3395 Romani
318 3363 352 3395 et
366 3362 498 3403 Albani,
511 3362 597 3395 bello
610 3362 750 3398 conflato
759 3385 768 3401 ‚
785 3362 968 3402 tergeminis
984 3369 1053 3392 rem
1066 3360 1177 3392 decer-

129 3414 264 3446 nendam
284 3414 514 3454 permiserunt,
540 3413 652 3445 Albani
678 3412 831 3445 Curiatiis
841 3437 849 3453 ‚
876 3413 1010 3444 Romani
1028 3411 1176 3444 Horatiis.

2201 223 2276 257 323

1229 298 1389 351 ἐφόνευσε
1421 298 1498 336 καθ’
1525 298 1584 335 ἕνα
1620 299 1687 335 τῶν
1714 298 1989 336 ἐπιδιωκόντων·
2025 298 2204 351 χαρέντων
2237 297 2273 336 δὲ

1229 357 1387 407 πάντων,
1420 356 1508 407 μόνη
1538 359 1560 402 ἡ
1592 354 1725 408 ἀδελφὴ
1757 357 1795 394 οὗ
1830 357 2005 408 συνεχάρη
2033 357 2186 410 “Ωρατία
2214 356 2272 395 τὸν

1226 414 1519 467 κατηγγυημένον
1541 414 1648 467 ἄνδρα
1664 413 1871 466 Κουριάτιον
1890 415 2095 467 ἀνῃρηκότι·
2110 419 2128 455 6
2149 417 2180 454 δ’
2195 415 2273 469 ἐφό·

1228 490 1327 513 νευσε
1343 473 1406 521 τὴν
1435 471 1601 525 ἀδελφὴν,
1627 471 1672 516 ὥς
1693 487 1796 525 φησιν
1816 472 2026 525 Ἀριστείδης
2052 476 2070 512 6
2097 474 2273 522 Μιλήσιος

1229 533 1263 571 ἐν
1284 532 1481 574 Ἰταλικοῖς.

1725 603 1784 636 17.

1282 668 1339 705 Id.
1367 668 1420 704 ib.
1445 679 1477 703 c.
1499 679 1541 712 17
1577 677 1585 702 τ
1612 662 1770 706 Ἀντύλος
1794 662 1883 715 ἀνὴρ
1906 665 1974 701 τῶν
1995 662 2191 713 ἐπισήμων,
2211 679 2274 703 πο-

1233 724 1412 778 ρευόμενος
1433 725 1479 766 εἷς
1498 722 1537 760 τὸ
1567 721 1788 774 προάστειον,
1817 722 1884 760 ὑπὸ
1917 722 2077 774 κοράκων
2105 723 2275 775 ἐπεσχέθη

1232 784 1406 822 παιόντων
1425 784 1502 825 ταῖς
1531 780 1686 833 πτέρυξι.
1719 780 1895 827 Φοὸηθεὶς
1924 780 1959 818 δὲ
1979 780 2036 818 τὸν
2064 781 2197 832 οἰωνὸν,
2230 784 2276 825 εἷς

1231 842 1375 893 Ῥώμην
1398 841 1623 893 ὑπέστρεψεν.
1653 838 1751 877 Ἰδὼν
1773 839 1809 877 δὲ
1830 840 1869 878 τὸ
1886 838 2027 890 τέμενος
2047 842 2109 886 τῆς
2132 839 2277 883 εΕστίας

1228 901 1428 951 καιόμενον,
1462 899 1522 938 καὶ
1551 899 1591 936 τὸ
1627 898 1829 938 Παλλάδιον
1865 897 2047 950 ἁρπάσας,
2077 897 2275 951 ἐτυφλώθη·

1230 960 1371 1012 ὕστερον
1412 959 1440 997 δ’
1478 957 1664 1010 ἆνέὸλεψεν
1698 956 1962 1008 ἐξιλασάμενος·
1994 959 2040 1001 ὡς
2067 957 2278 1010 Ἀριστείδης

1233 1017 1409 1065 Μιλήσιος
1429 1019 1464 1055 ἐν
1485 1017 1679 1060 Ἰταλικοῖς.
1715 1049 1717 1051 ,

1724 1087 1783 1124 18.

1282 1165 1342 1204 Id.
1370 1165 1424 1201 ih.
1449 1178 1482 1202 c.
1510 1164 1555 1200 18
1584 1175 1592 1200 ζ
1617 1161 1794 1205 Πούπλιος
1824 1161 1946 1205 Δέκιος
1973 1161 2173 1213 Ῥωμαῖος,
2196 1164 2281 1216 πρὸς

1230 1221 1421 1269 Ἀλὸανοὺς
1444 1223 1621 1271 πολεμῶν,
1648 1221 1732 1273 ὄναρ
1752 1214 1854 1267 εἶδεν,
1879 1219 1937 1258 ἐὰν
1959 1221 2134 1274 ἀποθάνῃ,
2159 1222 2279 1276 ῥώμην

1230 1280 1479 1333 προσποιήσειν
1497 1279 1700 1327 Ῥωμαίοις.
1720 1277 1852 1318 Ἐλθὼν
1868 1278 1896 1317 δ’
1909 1279 1955 1322 εἷς
1970 1278 2096 1329 μέσους
2115 1280 2175 1319 καὶ
2190 1282 2279 1320 πολ-

1228 1339 1307 1383 λοὺς
1322 1338 1489 1391 φονεύσας
1503 1369 1513 1386 ,
1547 1337 1711 1390 ἀνῃρέθη.
1731 1337 1885 1387 Ὁμοίως
1900 1337 1935 1375 δὲ
1953 1337 2013 1375 καὶ
2038 1341 2056 1376 6
2077 1339 2145 1383 υἱὸς
2174 1341 2280 1378 αὐτοῦ

1233 1397 1354 1441 Δέκιος
1372 1398 1407 1434 ἐν
1437 1399 1485 1448 τῷ
1505 1396 1590 1449 πρὸς
1621 1396 1780 1440 Γάλλους
1806 1395 1952 1448 πολέμῳ
1979 1397 2058 1441 τοὺς
2081 1397 2282 1450 Ῥωμαίους

1229 1454 1392 1494 διέσωσεν
1404 1471 1412 1479 ·
1428 1457 1473 1499 ὡς
1491 1454 1700 1507 Ἀριστείδης
1717 1455 1902 1512 Μιλήσιος.

1725 1546 1785 1582 19.

1283 1610 1345 1648 id.
1360 1611 1414 1646 ib.
1430 1622 1464 1647 e.
1486 1609 1534 1645 36
1554 1621 1562 1647 z
1585 1607 1765 1657 Ἀμούλιος
1785 1607 1871 1660 πρὸς
1888 1610 2071 1660 Νομίτορα
2091 1607 2150 1647 τὸν
2172 1609 2278 1646 ἀδελ-

1230 1666 1292 1720 φὸν
1315 1669 1525 1719 τυραννικῶς
1544 1667 1776 1716 διακείμενος,
1797 1669 1855 1705 τὸν
1878 1667 1940 1718 μὲν
1968 1667 2041 1705 υἱὸν
2064 1667 2203 1706 Αἴνιτον
2222 1667 2280 1705 ἐπὶ

1234 1725 1384 1778 κυνηγίᾳ
1414 1726 1540 1773 ἀνεῖλε,
1557 1724 1619 1772 τὴν
1649 1724 1684 1763 δὲ
1709 1725 1884 1778 θυγατέρα
1902 1725 2068 1765 Σιλουίαν
2100 1727 2134 1764 ἐν
2150 1725 2283 1778 Ἰουλίᾳ

1234 1786 1294 1830 τῆς
1312 1782 1430 1836 ‘'Hpac
1445 1783 1573 1835 ἱέρειαν
1588 1783 1789 1830 ἐποιήσατο.
1814 1784 1960 1832 Ταύτην
1980 1784 2087 1837 Ἄρης
2105 1783 2282 1836 ἐγκύμονα

1233 1848 1343 1880 ποιεῖ·
1366 1846 1388 1890 ἡ
1406 1843 1436 1880 δ’
1458 1841 1551 1880 ἔτεκε
1569 1841 1729 1893 διδύμους
1742 1873 1752 1892 ,
1771 1843 1979 1895 ὡμολόγησέ
1998 1859 2034 1882 τε
2059 1846 2109 1896 τῷ
2126 1846 2283 1898 τυράννῳ

1236 1900 1299 1947 τὴν
1328 1901 1509 1947 ἀλήθειαν.
1536 1900 1580 1940 Ὁ
1599 1902 1634 1939 δὲ
1661 1901 1847 1954 φοὸηθεὶς,
1871 1902 2087 1955 ἀμφοτέρους
2111 1903 2284 1941 κατεπόν-

1231 1975 1326 2006 τισε,
1349 1959 1466 2011 βαλὼν
1502 1959 1600 2012 παρὰ
1620 1960 1682 2003 τὰς
1709 1960 1815 2012 ὄχθας
1843 1965 1902 1999 τοῦ
1921 1960 2131 2011 Θύμὸρεως.
2174 1964 2220 2001 Οἳ
2247 1961 2283 2000 δὲ

1233 2015 1521 2070 προσηνέχθησαν
1543 2019 1577 2055 ἐν
1595 2017 1710 2070 τόπῳ,
1746 2018 1826 2056 ἔνθα
1847 2017 1995 2056 λύκαινα
2016 2013 2058 2066 ἦν
2081 2018 2284 2071 φωλεύουσα

1232 2075 1408 2120 νεοτόκος·
1425 2075 1578 2120 καὶτοὺς
1606 2074 1668 2127 μὲν
1690 2076 1862 2126 σκύμνους
1883 2075 2024 2130 ἔρριψε,
2046 2076 2089 2114 τὰ
2110 2076 2146 2115 δὲ
2170 2078 2281 2131 βρέφη

1233 2200 1274 2230 Ut
1297 2200 1431 2237 ventum
1456 2200 1504 2231 est
1531 2199 1572 2230 ad
1590 2199 1798 2238 conflictum,
1824 2200 1947 2232 curatii
1968 2200 2048 2231 duos
2075 2199 2115 2232 de
2142 2199 2284 2232 Horatiis

1229 2250 1471 2282 obtruncarunt.
1491 2252 1616 2283 Tertius
1630 2252 1789 2292 superstes
1809 2251 1969 2283 simulatae
1988 2251 2070 2292 fugae
2080 2251 2202 2283 auxilio
2217 2253 2284 2283 Cu·

1230 2303 1341 2335 riatios
1356 2303 1497 2344 singulos
1514 2304 1718 2344 insequentes
1735 2304 1919 2336 trucidavit.
1942 2304 2163 2336 Gaudentibus
2178 2305 2284 2337 omni-

1233 2354 1311 2394 bus,
1334 2355 1402 2387 sola
1422 2356 1537 2387 victori
1559 2365 1623 2387 non
1646 2357 1694 2388 est
1714 2357 1872 2397 gratulata
1897 2365 1988 2388 soror
2016 2357 2164 2395 Horatio,
2194 2356 2285 2396 cujus

1229 2415 1381 2447 sponsum
1393 2407 1571 2439 Curiatium
1585 2407 1684 2440 frater
1699 2409 1842 2440 necasset
1857 2421 1864 2440 ε
1883 2408 1923 2440 ab
1937 2417 2040 2448 eoque
2052 2408 2119 2449 ipsa
2129 2409 2177 2440 est
2191 2408 2285 2440 inter-

1230 2461 1348 2501 empta.
1368 2460 1519 2493 Aristides
1535 2461 1677 2493 Milesius
1693 2461 1725 2493 in
1740 2461 1869 2493 ltalicis.

1734 2518 1790 2549 17.

1272 2571 1420 2611 Antyilus
1436 2571 1484 2602 vir
1503 2571 1672 2612 primarius
1698 2571 1731 2603 in
1753 2571 1943 2604 suburbium
1961 2581 2111 2613 pergens,
2137 2581 2155 2604 a
2183 2573 2287 2604 corvis

1232 2623 1375 2654 retentus
1390 2624 1438 2655 est
1450 2623 1508 2655 alis
1525 2632 1601 2656 eum
1626 2623 1858 2663 plangentibus.
1884 2626 1932 2655 Eo
1956 2625 2082 2656 ostento
2107 2624 2237 2655 territus
2254 2624 2286 2654 in

1236 2674 1353 2706 Urbem
1369 2674 1483 2714 rediit,
1498 2683 1666 2715 quumque
1678 2674 1802 2706 videret
1815 2676 1921 2706 Vestae
1934 2675 2038 2706 aedem
2052 2675 2200 2715 flagrare,
2215 2675 2285 2707 Pal-

1232 2727 1317 2759 ladio
1331 2727 1404 2759 inde
1417 2728 1509 2767 rapto
1522 2730 1701 2759 excaecatus
1713 2728 1762 2759 est
1777 2739 1784 2758 :
1801 2728 1974 2767 posteaque
1989 2728 2142 2768 temporis
2155 2728 2286 2767 expiata

1233 2780 1280 2811 ira
1297 2780 1437 2812 numinis
1449 2789 1544 2812 usum
1557 2780 1726 2812 oculorum
1743 2780 1953 2820 recuperavit.
1978 2780 2129 2812 Aristides
2147 2780 2288 2812 Milesius

1234 2831 1361 2863 Italicis.

1265 2890 1278 2895 “’
1738 2887 1792 2919 18.

1277 2941 1411 2973 Publius
1439 2941 1555 2973 Decius
1583 2943 1748 2973 Romanus
1772 2943 1884 2974 contra
1909 2941 2050 2973 Albanos
2078 2941 2265 2981 belligerans
2277 2965 2286 2980 ,

1235 3001 1292 3033 per
1308 2992 1449 3032 quietem
1475 2992 1669 3032 imaginatus
1694 2994 1742 3024 est
1765 3001 1799 3024 se
1827 3001 1885 3025 sua
1908 2994 2012 3025 morte
2036 2993 2188 3024 Romanis
2206 2993 2287 3024 vires

1235 3044 1432 3076 additurum.
1451 3044 1564 3084 ltaque
1574 3043 1606 3074 in
1618 3043 1739 3075 medios
1752 3045 1859 3076 hostes
1873 3045 1977 3084 irruit,
1991 3045 2162 3085 multisque
2176 3043 2288 3075 occisis

1236 3095 1421 3126 interfectus
1434 3097 1491 3126 est.
1509 3095 1629 3126 Eodem
1645 3095 1742 3126 modo
1760 3095 1843 3127 lilius
1856 3096 1923 3135 ejus
1944 3097 2057 3127 Decius
2071 3096 2154 3127 bello
2165 3095 2287 3127 Gallico

1236 3156 1304 3178 rem
1316 3148 1491 3178 Romanam
1513 3146 1724 3178 conservavit.
1740 3148 1863 3179 Auctor
1879 3147 2032 3179 Aristides
2049 3146 2198 3178 Milesius.

1279 3253 1426 3286 Amulius
1447 3253 1579 3285 fratrem
1597 3253 1798 3286 Numitorem
1816 3253 1979 3294 tyrannice
1997 3254 2158 3291 tractans,
2185 3251 2285 3282 tilium

1237 3306 1305 3346 ejus
1319 3306 1460 3339 AEnitum
1472 3305 1505 3337 in
1518 3306 1688 3338 venatione
1701 3306 1861 3338 interfecit
1876 3307 1926 3338 :et
1939 3306 2036 3337 liliam
2048 3304 2179 3336 Silviam
2193 3305 2212 3334 J
2215 3303 2286 3334 uliae

1236 3357 1434 3391 sacerdotem
1447 3357 1583 3389 sunonis
1596 3358 1680 3389 fecit.
1697 3359 1788 3389 Hanc
1801 3360 1884 3390 Mars
1896 3358 2111 3398 praegnantem
2126 3354 2261 3386 reddidit
2276 3364 2283 3383 :

1238 3419 1405 3452 quumque
1418 3410 1568 3451 gemellos
1585 3412 1677 3451 partu
1695 3410 1862 3450 edidisset,
1879 3412 2015 3450 tyranno
2032 3408 2198 3440 veritatem
2218 3406 2285 3446 ipsa

2099 3491 2147 3517 21.
