2372 3704
172 254 249 287 636

226 335 390 371 OPERA
421 336 614 375 SPURIA.
636 362 688 371 —-
713 337 1014 387 Αἷγυπτιακά.
1050 341 1113 378 Fr.
1142 341 1214 383 148

174 393 250 428 sive
279 391 452 443 Prolegg.
480 408 522 443 p.
544 407 637 432 xxx.
669 390 936 446 (Stoicorum)
961 399 1146 446 placitum
1175 399 1220 435 de

171 451 304 496 bonis,
324 454 431 488 malis
447 461 483 489 et
499 452 709 505 ἀδιαφόροις.
729 458 816 492 Haec
829 469 873 492 ex
891 469 932 492 ea
952 459 1078 506 operis
1095 465 1218 506 parte,

170 508 238 546 ubi
269 511 318 546 de
337 512 606 560 AEgyptiorum
624 514 797 550 doctrina
813 515 1076 563 philosophica
1102 529 1220 564 expo-

171 569 245 604 suit
265 578 400 606 auctor
418 570 479 619 (*).
497 592 548 597 —
563 571 631 609 Fr.
655 571 742 618 154,
770 573 886 608 Osiris
903 584 965 621 ap.
984 574 1221 609 Hellanicum

176 627 320 675 ubique
351 629 564 677 appellatur
602 627 728 679 ὕσιρις,
763 631 868 678 quod
900 628 1008 667 ἔοικεν
1032 629 1219 675 ἀκηκοέναι

171 683 238 721 ὑπὸ
264 687 332 723 τῶν
359 685 479 735 ἱερέων
504 686 702 738 λεγόμενον.
733 710 783 716 -
802 690 862 725 Fr.
892 687 978 733 152,
1006 689 1221 725 Thebarum

170 745 277 780 urbis
305 746 496 794 spelunca.
519 768 571 774 -—-
592 748 653 784 Fr.
681 751 768 796 149,
792 748 838 783 (10
865 748 1132 796 AEgyptiorum
1153 761 1216 783 su-

169 804 372 851 pellectile.
395 825 447 831 —
467 805 531 842 Fr.
569 804 654 849 150,
683 805 729 841 de
754 805 848 841 festo
867 813 905 841 et
921 807 1062 854 templo
1083 807 1220 854 Tyndii

169 863 290 900 urbis.
318 883 371 889 —-
395 863 462 900 Fr.
496 861 584 910 155,
617 865 702 899 vitis
733 865 770 900 in
812 864 1002 899 Plinthine
1030 865 1125 900 urbe
1157 866 1218 900 in-

171 929 296 958 venta.
333 942 382 948 —
409 923 471 959 Fr.
510 921 596 966 153,
625 922 778 958 Erembi
809 923 858 958 ad
886 924 962 958 Nili
998 923 1133 960 fontes.
1166 944 1220 951 —

167 980 231 1016 Fr.
258 978 324 1015 151
336 1007 347 1027 ,
362 979 407 1015 de
423 979 551 1016 Amasi
570 992 673 1027 rege.

222 1035 266 1074 ‘H
288 1038 349 1079 εἷς
366 1033 405 1074 Ἄ
420 1051 595 1085 μμωνος
616 1035 831 1079 ἀνάδασις
854 1037 908 1085 (εἷ
925 1035 1065 1087 γνήσιον
1081 1036 1120 1075 τὸ
1134 1037 1217 1088 σύγ·

174 1108 323 1146 γραμμα
340 1095 366 1143 ).
397 1116 447 1122 --
467 1097 527 1132 Fr.
555 1094 642 1143 157,
662 1095 709 1131 de
729 1096 906 1144 phoenice
922 1096 1072 1134 arbore.

232 1153 340 1205 Περὶ
374 1154 510 1190 ἐθνῶν
541 1153 613 1205 (fr.
650 1151 744 1204 92).
779 1152 938 1191 Ἐθνῶν
973 1153 1216 1204 ὀνομασίαι

167 1210 242 1262 (fr.
265 1213 354 1260 93).
379 1210 552 1255 Κτίσεις
571 1211 580 1259 (
598 1212 643 1250 fr.
667 1226 751 1261 109.
776 1211 885 1262 110).
909 1212 1089 1262 Νόμιμα
1109 1215 1216 1264 Βαρ-

166 1267 217 1306 ὅα
231 1268 329 1320 ρικά
349 1270 359 1320 (
377 1271 415 1306 ἐκ
431 1271 498 1307 τῶν
515 1268 703 1320 Ἡροδότου
718 1269 777 1307 καὶ
794 1270 985 1319 Δαμοίστου
997 1270 1215 1322 συνηγμένα,

165 1327 212 1366 sr.
242 1342 255 1363 1
267 1328 312 1374 73
329 1328 356 1377 ).
370 1350 423 1356 ——-
438 1330 502 1367 Fr.
518 1328 604 1375 173,
619 1329 863 1378 deZamolxi,
879 1331 978 1367 Getis
994 1331 1102 1367 initia
1115 1344 1217 1366 mon-

165 1393 304 1422 strante
324 1385 394 1437 (ex
422 1387 606 1423 Herodot.
623 1389 687 1432 IV,
704 1387 752 1436 95
769 1387 794 1436 ).
809 1409 860 1415 --
877 1390 938 1426 Fr.
963 1402 977 1425 1
990 1402 1035 1424 10
1047 1419 1057 1435 ,
1085 1389 1214 1437 (Paeo-

164 1457 230 1479 nes
245 1445 254 1491 )
270 1445 424 1492 brytum
442 1445 481 1481 ἐκ
497 1446 613 1494 ῥιζῶν,
633 1447 741 1481 sicuti
757 1447 919 1482 Thraces
931 1455 1068 1495 potum
1085 1447 1125 1484 ἐκ
1141 1462 1216 1499 κρι-

164 1502 232 1537 θῶν
248 1502 398 1538 bibunt.
419 1524 470 1530 —
483 1505 546 1539 Fr.
566 1516 631 1551 92,
647 1504 755 1540 Sindi
773 1511 810 1540 et
826 1505 968 1540 Maeotae
984 1506 1142 1553 Scythae.
1163 1528 1216 1532 —

163 1563 226 1597 Fr.
250 1574 337 1608 172,
353 1563 497 1610 Scythae
515 1563 694 1598 Alazones
710 1570 747 1598 et
763 1562 968 1611 Callipidae.
982 1566 1110 1602 —Fr.
1131 1578 1214 1612 170,

165 1620 351 1656 Amadoci
367 1621 513 1668 Scythae
532 1620 542 1670 (
558 1618 660 1659 Ἑλλ.
679 1621 714 1656 ἓν
735 1621 957 1671 Σκυθικοῖς).
978 1643 1024 1650 —-
1039 1625 1104 1660 Fr.
1125 1635 1228 1673 ¹71‚'

163 1680 401 1728 Amorgium,
418 1680 520 1728 apud
533 1681 646 1716 Sacos
657 1692 811 1728 campus
824 1679 833 1731 (
846 1678 948 1718 ἹΞλλ.
966 1682 1000 1718 ἐν
1010 1681 1116 1720 Σκυθ.
1126 1682 1152 1731 ).
1163 1705 1213 1711 -

163 1739 226 1775 Fr.
255 1751 342 1786 109,
365 1739 561 1784 Cercetaei‚
583 1740 747 1785 Moschi,
768 1740 972 1784 Heniochi,
995 1741 1146 1779 Coraxi.
1162 1763 1213 1770 —-

162 1797 213 1832 Fr
252 1809 275 1844 9
339 1797 554 1833 Nomadum
587 1798 627 1832 in
659 1798 780 1844 Libya
803 1799 971 1846 supellex
997 1799 1007 1846 (
1023 1811 1067 1834 ex
1085 1800 1212 1835 Hero-

163 1855 245 1893 dot.
262 1857 321 1898 lv,
349 1857 459 1903 190).
477 1878 528 1883 --
540 1855 550 1906 (
563 1858 626 1894 Fr.
644 1856 707 1904 96,
724 1857 1060 1905 Hyperboreorum
1075 1859 1211 1907 victus,

163 1921 199 1949 et
214 1913 361 1960 justitia
380 1912 507 1964 (Ἑλλ.
523 1915 557 1950 ἐν
571 1913 739 1964 ἱστορίαις
754 1914 779 1956 l.
795 1936 843 1941 -
861 1917 1046 1952 Praeterea
1060 1916 1104 1953 fr.
1122 1930 1134 1952 1
1145 1922 1209 1964 47,

163 1973 357 2020 Carpasia‚
377 1973 492 2022 Cypri
507 1973 614 2018 urbs,
635 1985 657 2008 a
670 1974 914 2021 Pygmalione
935 1974 1089 2011 condita
1102 2004 1112 2023 ‚
1132 1988 1210 2011 me-

162 2039 337 2067 moratur
357 2044 402 2067 ex
436 2032 635 2067 Hellanico
665 2030 700 2066 ἐν
735 2031 950 2082 Κυπριακοῖς
965 2059 975 2076 ,
1005 2045 1088 2080 quae
1122 2035 1210 2070 item

161 2102 248 2138 pars
262 2091 388 2139 operis
405 2090 546 2126 fuerint
569 2092 607 2125 in
625 2104 701 2138 quo
716 2092 970 2127 barbarorum
988 2100 1103 2129 terras
1115 2122 1124 2137 ,
1147 2107 1210 2130 ur-

160 2149 227 2184 bes
239 2175 248 2193 ,
269 2161 395 2184 mores
415 2149 774 2185 Pseudohellanicus
791 2151 1047 2199 perlustravit.

215 2206 316 2249 Διὸς
353 2206 664 2258 πολυπτυχία,
701 2209 748 2246 fr.
791 2214 887 2255 174,
925 2211 1132 2258 scriptum,
1168 2218 1210 2246 ut

161 2266 330 2311 videtur,
351 2268 562 2315 argumenti
584 2268 858 2317 cosmogonici.

215 2377 454 2412 ADDENDA
470 2378 531 2412 ET
551 2378 869 2414 CORRIGENDA
889 2380 939 2414 IN
958 2380 1208 2416 FRAGMEN-

160 2435 236 2470 TIS
259 2436 545 2472 HELLANICI.
571 2458 618 2464 —-
638 2437 681 2472 P.
700 2434 762 2482 45,
786 2436 831 2473 fr.
855 2436 890 2471 3.
915 2436 955 2472 ἐν
977 2437 1070 2479 ταῖς
1089 2438 1206 2475 ἱστο-

161 2490 229 2542 ρία
239 2507 249 2528 ι
260 2492 302 2542 ς]
323 2493 357 2528 ἐν
370 2497 446 2534 ταῖς
459 2493 599 2544 ἱερείαις
609 2495 723 2531 scrib.
743 2495 898 2541 conjicit
910 2496 1063 2532 Preller.
1082 2510 1121 2546 p.
1148 2511 1162 2533 1
1174 2512 1207 2544 7,

159 2559 240 2589 not.
262 2551 318 2587 Cf.
339 2552 512 2600 Prolegg.
532 2565 573 2600 p.
595 2565 737 2590 xxvm.

213 2612 253 2646 P.
275 2609 341 2656 45,
358 2611 403 2648 fr.
419 2615 456 2653 4.
473 2632 524 2638 -
543 2611 583 2647 ἐν
602 2609 774 2662 δεκάτῳ
795 2610 1073 2662 Φορωνίδος]
1093 2614 1200 2662 lege:

160 2669 194 2706 ἐν
213 2666 374 2717 δευτέρῳ.
407 2670 453 2706 V.
486 2670 664 2718 Prolegg.
682 2683 722 2718 p.
739 2682 848 2706 xxvx.
881 2672 926 2705 In
945 2678 1036 2706 nota
1053 2672 1102 2706 ad
1131 2673 1205 2708 1100

159 2728 294 2776 fragm.
315 2727 399 2763 dele
413 2727 528 2763 verba
538 2736 732 2776 postrema
746 2741 754 2763 :
774 2729 885 2775 Quod
893 2742 1023 2764 verum
1039 2731 1200 2767 videtur.

213 2787 301 2834 Pag.
334 2789 394 2834 49,
416 2786 462 2824 fr.
497 2786 561 2825 30.
589 2808 642 2814 —·
671 2788 759 2823 Haec
785 2788 939 2823 uberius
965 2789 1205 2825 exscribenda

159 2851 281 2882 erant.
303 2844 437 2880 Medea
451 2872 461 2890 ,
483 2846 683 2881 Pausanias
700 2847 765 2891 ait,
783 2847 916 2882 relicto
935 2848 1076 2895 AEgco,
1091 2849 1206 2884 Athe-

158 2903 216 2938 nis
233 2902 328 2951 fugit
350 2903 390 2937 in
407 2905 533 2939 Ariam
554 2916 563 2936 .·
589 2902 858 2953 παραγενομένη
874 2904 908 2941 δὲ
930 2905 963 2946 ἐς
981 2904 1043 2950 τὴν
1057 2906 1204 2955 λεγομέ-

158 2975 219 3007 νην
239 2958 315 2997 τότε
331 2959 464 3011 Ἀρίαν,
484 2963 553 3003 τοῖς
567 2961 758 3013 ἀνθρώποις
771 2961 878 3000 ἔδωκε
897 2962 936 3000 τὸ
953 2962 1063 3012 ὄνομα
1085 2964 1202 3000 καλεῖ-

163 3021 242 3057 σθαι
264 3018 405 3063 Μήδους
428 3018 487 3055 ἀπ’
519 3021 636 3065 αὐτῆς.
660 3019 730 3058 Τὸν
761 3019 796 3058 δὲ
822 3022 953 3071 παῖδα,
989 3022 1025 3059 ὃν
1055 3021 1204 3072 ἐπήγετο

158 3077 332 3131 φεύγουσα
354 3079 386 3119 ἐς
402 3077 479 3120 τοὺς
494 3076 642 3137 Ἇρίυους,
663 3078 821 3128 γενέσθαι
833 3079 990 3130 λέγουσιν
1005 3079 1039 3124 ἐξ
1053 3079 1202 3131 Αἰγέως,

158 3134 268 3182 ὄνομα
286 3134 322 3172 δέ
342 3136 373 3172 οἱ
391 3136 515 3180 Μῆδον
545 3139 645 3173 εἰναι·
669 3136 871 3180 Ἑλλάνικος
896 3138 932 3176 δὲ
952 3138 1055 3177 αὐτὸν
1078 3139 1202 3177 Πολύ-

159 3193 250 3239 ξενον
265 3194 366 3232 καλεῒ
382 3194 442 3231 καὶ
455 3193 584 3246 πατρὸς
595 3194 747 3238 Ἰάσονός
764 3211 867 3248 φησιν
885 3191 987 3236 εἶναι.

200 3305 246 3346 (”)
276 3305 430 3337 Similiter
449 3305 619 3337 Hecataeus
636 3305 787 3338 Abderita
804 3308 998 3348 AEgyptiacis
1013 3307 1079 3340 suis
1107 3309 1204 3349 caput

158 3352 210 3384 vel
230 3351 347 3383 librum
367 3351 433 3392 περὶ
447 3355 500 3389 τῆς
514 3352 692 3392 Αἰγυπτίων
718 3354 895 3394 φιλοσοφίας
918 3354 1091 3394 praemisit,
1108 3355 1203 3386 item-

158 3408 221 3439 que
237 3398 418 3430 stoicorum
438 3398 589 3438 placitum
613 3399 742 3439 aliquod
757 3401 832 3439 (τὸν
858 3401 943 3437 ἥλιον
964 3400 1042 3432 εἶναι
1060 3402 1113 3433 τὸν
1132 3405 1203 3433 νοῦν

157 3447 210 3478 τὸν
223 3445 331 3483 νοητόν
345 3445 356 3485 )
375 3445 529 3486 AEgypiiis
541 3445 697 3478 attribuit.

896 252 1136 292 ADDENDA
1166 253 1230 290 ET
1259 229 1594 293 00111110οΝοΑ

1337 342 1376 378 P.
1395 341 1458 387 5ο,
1472 341 1516 377 fr.
1532 341 1594 379 38.
1613 343 1850 390 —Apollom
1866 344 1950 385 III,
1974 340 2069 391 178]
2082 342 2159 390 lege
2179 355 2187 377 z
2207 343 2327 391 Apol-

1281 399 1360 437 lon.
1378 402 1434 445 ΙΙ,
1456 399 1541 446 187.
2289 414 2292 417 ’

1335 459 1378 496 Ρ.
1403 458 1469 503 51,
1502 459 1547 495 fr.
1571 463 1635 506 49.
1657 479 1710 486 ---
1727 461 1787 494 Ita
1811 458 2067 495 exhibendum
2091 465 2201 495 erat:
2227 458 2324 496 Χαι-

1284 512 1428 564 ρώνεια,
1453 514 1552 558 πόλις
1576 514 1661 567 πρὸς
1685 520 1754 558 τοῖς
1773 514 1863 566 ὅροις
1888 514 2061 558 Φωκίδος.
2088 514 2320 559 “Εκαταῖος...

1283 570 1530 623 Ἀριστοφάνης
1552 574 1585 610 ἐν
1607 575 1803 611 Βοιωτικῶν
1822 572 1982 625 δευτέρῳ·
2004 591 2018 606 α
2047 572 2196 624 Λέγεται
2215 574 2244 610 δ’
2269 575 2324 612 οἶ-

1281 629 1405 675 κιστὴν
1430 630 1590 680 γενέσθαι
1606 634 1665 669 τοῦ
1689 631 1901 681 πολίσματος
1917 631 2099 683 Χαίρωνα.
2129 633 2260 670 Τοῦτον
2288 630 2324 670 δὲ

1281 687 1404 726 κτλ....
1419 685 1549 740 ἽΙρας.
1570 688 1604 704 **
1624 687 1796 735 Ἀθηναῖοι
1810 689 1889 727 κτλ.
1906 691 2145 726 Hellanicum
2160 691 2327 727 laudavit

1280 746 1549 794 Aristophanes
1580 749 1745 783 Boeotus.
1788 748 1912 784 Verba
1943 746 2115 792 Ἀθηναῖοι
2143 748 2224 787 κτλ.
2259 757 2325 785 aut

1280 803 1444 850 ejusdem
1465 806 1728 854 Aristophanis
1761 814 1867 851 sunt,
1897 813 1962 842 aut
1996 807 2090 842 alius
2114 807 2324 856 scriptoris,

1279 861 1384 908 cujus
1403 865 1547 899 mentio
1564 864 1717 900 excidit.
1740 865 1979 914 Theopompi
1990 878 2068 902 esse
2085 865 2323 912 conjeceram

1278 920 1317 954 in
1337 921 1509 970 Prolegg.
1528 935 1565 970 p.
1583 935 1725 959 xxv111.

1331 977 1376 1016 P.
1399 978 1464 1028 52,
1486 981 1531 1018 fr.
1555 980 1619 1025 54.
1640 1003 1686 1008 -
1712 982 1858 1018 Titulus
1873 995 1950 1018 esse
1967 982 2082 1018 debet
2102 996 2111 1018 :
2147 981 2324 1020 Ἀτλαν-

1277 1034 1346 1071 τιά
1359 1051 1373 1078 ς
1384 1065 1394 1084 ,
1413 1051 1493 1073 11011
1516 1036 1709 1084 Ἀτλαντίς,
1723 1046 1899 1076 monente
1915 1041 2096 1078 Prellero.

1331 1096 1370 1130 P.
1393 1094 1457 1141 53,
1493 1097 1539 1134 fr.
1566 1098 1630 1140 64.
1648 1120 1700 1125 ——
1724 1099 1780 1135 ef.
1803 1099 1892 1136 cod.
1915 1093 2066 1146 ἨΜ-10].
2089 1100 2128 1135 111
2156 1100 2323 1136 Crameri

1278 1154 1421 1190 Anecd.
1451 1157 1608 1194 Parisin.
1634 1165 1726 1195 tom.
1749 1158 1829 1206 ΙΙΙ,
1848 1170 1890 1205 Ρ.
1920 1158 1991 1200 431
2018 1171 2026 1193 :
2050 1155 2188 1202 Νηλεὺς
2207 1171 2323 1209 μαχε-

1279 1209 1426 1259 σάμενος
1450 1214 1562 1252 κτλ...
1586 1214 1855 1266 παρασχόντων.
1879 1213 2022 1266 Ἱστορεῖ
2043 1213 2262 1257 Ἑλλάνικος.

1329 1271 1371 1306 Ρ.
1390 1269 1452 1316 54,
1473 1271 1519 1308 fr.
1537 1272 1602 1309 66.
1621 1295 1673 1299 —
1693 1275 1784 1320 Quae
1799 1274 2028 1309 antecedunt
2044 1274 2147 1322 apud
2166 1275 2321 1323 Harpo-

1277 1335 1388 1377 crat„
1408 1342 1453 1365 ea
1467 1330 1556 1366 vide
1583 1332 1623 1366 in
1638 1332 1829 1367 Andronis
1843 1331 2179 1369 Halicarnassensis
2195 1333 2323 1383 Συγγε-

1275 1386 1373 1422 νειῶν
1394 1388 1492 1423 libro
1511 1397 1667 1435 octavo,
1697 1397 1785 1426 tom.
1811 1392 1866 1435 II,
1885 1403 1925 1438 p.
1947 1391 2018 1428 351
2051 1390 2099 1428 fr.
2125 1403 2187 1427 10.

1327 1445 1386 1483 lb.
1404 1446 1453 1484 fr.
1475 1460 1534 1492 71.
1555 1449 1648 1484 Cum
1668 1449 1823 1497 Ulpiani
1838 1449 1925 1484 loco
1947 1449 1995 1486 cf.
2014 1450 2173 1485 similem
2189 1461 2322 1486 narra·

1276 1504 1417 1539 tionem
1437 1506 1476 1540 in
1491 1507 1636 1542 Nicolai
1651 1507 1696 1544 fr.
1722 1507 1769 1544 53
1789 1506 1904 1556 (Exc.
1925 1509 1980 1543 De
1999 1508 2064 1544 ins.
2081 1506 2108 1557 ),
2126 1514 2220 1544 tom.
2240 1509 2323 1558 ΙΙΙ,

1274 1574 1314 1610 Ρ.
1338 1562 1434 1608 3873
1455 1565 1545 1602 coll.
1567 1566 1728 1600 Miillero
1749 1567 1787 1600 in
1805 1567 1905 1604 lillin.
1926 1579 1967 1614 p.
1989 1567 2077 1614 391.

1327 1622 1366 1657 Ρ.
1390 1620 1459 1668 55,
1479 1622 1521 1657 fr.
1542 1622 1603 1668 75.
1627 1645 1676 1650 —
1695 1624 1770 1661 Pro
1796 1622 1950 1660 λάὸωσιν
1985 1637 2005 1660 0
2033 1624 2122 1678 qod.
2155 1625 2318 1674 Guelph.

1272 1679 1395 1715 scribe
1417 1678 1548 1716 λαὸεῒν.
1567 1681 1672 1717 Idem
1695 1682 1783 1718 cod.
1799 1689 1934 1731 postv.
1953 1681 2090 1732 δώροις,
2112 1682 2240 1720 addit:
2261 1682 2322 1720 καὶ

1274 1734 1321 1783 μὴ
1351 1736 1452 1774 ἐᾶσαι
1471 1738 1601 1784 ταύτην
1633 1737 1700 1775 ὑπὸ
1720 1737 1850 1776 τούτων
1875 1741 2159 1791 κατασκαφῆναι.
2192 1740 2321 1778 Codex

1273 1797 1433 1832 Venetus
1458 1797 1543 1845 (ed.
1569 1797 1727 1847 Cobet.)
1749 1806 1836 1846 post
1860 1811 1897 1834 ν.
1930 1795 2051 1848 δώροις
2075 1798 2183 1834 addit
2204 1810 2213 1836 ε
2231 1791 2321 1845 ἦσαν

1276 1851 1311 1888 δὲ
1332 1852 1391 1890 καὶ
1413 1853 1501 1902 μετὰ
1523 1854 1772 1897 Χαλκώδοντος
1792 1856 1827 1892 ἐν
1850 1854 1996 1907 Εὖὸοίᾳ.

1325 1913 1365 1948 P.
1387 1911 1448 1959 56,
1466 1914 1512 1949 fr.
1532 1915 1594 1950 80.
1617 1935 1670 1942 -
1684 1915 1772 1950 Post
1788 1928 1826 1950 v.
1847 1911 2189 1963 συμπολιτεύσασθαι
2206 1915 2321 1957 αὐτοῖς

1271 1970 1368 2006 adde
1385 1984 1394 2009 :
1417 1970 1549 2015 διεξιὼν
1569 1971 1612 2008 τὰ
1634 1971 1691 2009 ἐπὶ
1711 1971 1920 2023 Ἀντιγένους
1939 1974 2070 2022 (arch.
2093 1974 2155 2012 Ol.
2174 1973 2223 2021 93
2236 2002 2246 2018 ,
2269 1974 2316 2023 2)

1271 2031 1329 2064 τοῦ
1351 2028 1417 2080 πρὸ
1442 2029 1620 2077 Καλλίου,
1642 2045 1725 2080 quae
1747 2033 1860 2068 habet
1881 2032 1970 2069 cod.
1995 2034 2159 2078 Raven.‚
2185 2034 2320 2070 omissa

1271 2095 1396 2124 tamen
1415 2091 1552 2126 vocula
1569 2088 1651 2140 πρό.

1324 2145 1368 2183 Ρ.
1407 2147 1467 2193 56,
1490 2149 1535 2184 fr.
1574 2149 1637 2185 82.
1668 2170 1717 2176 --
1743 2150 1858 2185 Initio
1891 2149 2091 2198 fragmenti
2133 2150 2320 2186 Prellerus

1268 2217 1309 2253 p.
1330 2210 1376 2248 24
1408 2207 1650 2243 scribendum
1681 2208 1923 2255 conjecit
1943 2209 1974 2244 oi
1994 2206 2167 2252 Ἀθηναῖοι
2184 2205 2318 2257 ἔφασαν

1268 2261 1363 2306 τέλος
1385 2263 1394 2315 (
1413 2266 1517 2301 1110111
1548 2266 1832 2313 dijudicabant?
1847 2266 1858 2315 )
1872 2294 1882 2310 ‚
1911 2264 2115 2317 ἀμφοτέρων
2135 2264 2317 2303 ἐπαινούν-

1270 2335 1350 2358 των.
1371 2323 1417 2360 Oi
1440 2321 1476 2359 δὲ
1497 2322 1668 2369 Ἀθηναῖοι
1688 2322 1750 2369 τὴν
1777 2324 1874 2370 δίκην
1893 2323 2043 2360 ἔστασαν
2063 2321 2159 2360 ἐννέα
2184 2325 2317 2373 γενεαῖς

1271 2378 1412 2432 ὕστερον
1434 2382 1471 2400 *²⁴²
1489 2379 1593 2433 Ἄρης
1613 2383 1690 2420 κτλ.
1715 2386 1858 2421 Vereor
1873 2396 1920 2418 ne
1935 2382 2056 2430 majus
2070 2383 2176 2418 ulcus
2190 2383 2316 2422 lateat.

1267 2440 1357 2486 Quae
1385 2455 1476 2478 vero
1500 2442 1678 2491 deinceps
1709 2450 1920 2490 sequuntur
1947 2441 2052 2477 haud
2076 2442 2200 2477 minus
2229 2455 2316 2479 cor-

1266 2507 1377 2548 rupta
1408 2501 1622 2537 emendasse
1652 2502 1744 2537 mihi
1765 2501 1900 2537 videor
1929 2502 1968 2535 in
1987 2507 2067 2536 not.
2091 2500 2140 2536 ad
2168 2501 2315 2537 Nicolai

1267 2558 1400 2606 fragm.
1431 2560 1494 2607 34,
1516 2567 1609 2598 tom.
1625 2562 1699 2606 ΙΙΙ,
1716 2573 1755 2608 p.
1776 2559 1864 2606 375.

1318 2618 1376 2667 lb.
1401 2618 1447 2656 st.
1472 2619 1535 2655 83.
1560 2641 1608 2646 —
1631 2616 1662 2668 γ’
1685 2617 1812 2664 ‘mm
1842 2620 1924 2667 lege
1940 2615 1974 2662 η’
1995 2614 2098 2655 Ἑλλ.
2118 2619 2163 2656 V.
2183 2617 2314 2653 Theo-

1264 2688 1397 2724 pomp.
1419 2677 1465 2712 fr.
1494 2680 1539 2715 15
1557 2691 1594 2722 α,
1618 2690 1658 2726 p.
1685 2677 1776 2713 280.

1319 2735 1359 2771 Ρ.
1395 2733 1456 2780 57,
1486 2735 1533 2774 fr.
1570 2735 1635 2772 85.
1661 2757 1713 2762 —
1738 2738 1781 2773 V.
1816 2736 1991 2783 Prolegg.
2025 2746 2065 2782 p.
2096 2742 2205 2770 xx1x.
2239 2733 2312 2769 Pro

1269 2793 1478 2842 Κραναϊκοῖς
1507 2794 1627 2830 codex
1646 2797 1810 2831 Venetus
1843 2794 2074 2843 Καρναῐκοῖς,
2102 2791 2152 2827 ad
2181 2803 2312 2826 verum

1265 2852 1425 2898 propius
1441 2853 1633 2889 accedens.

1318 2911 1360 2945 P.
1393 2908 1454 2954 58,
1474 2910 1522 2947 fr.
1541 2915 1606 2958 94.
1628 2932 1671 2938 —
1696 2910 1752 2948 Cf.
1787 2909 1960 2945 Andron.
1992 2908 2038 2945 fr,
2058 2920 2100 2956 2,
2131 2914 2224 2943 tom.
2249 2908 2307 2954 11,

1263 2980 1303 3015 Ρ.
1329 2967 1419 3015 349.
1441 2989 1494 2995 -
1513 2969 1571 3005 Ib.
1592 2969 1640 3006 fr.
1662 2968 1712 3016 96
1735 2981 1807 3016 pro
1824 2968 2087 3018 κρηφαγοῦντας
2103 2965 2129 3002 l.
2151 2978 2309 3016 κρεοφα-

1263 3028 1420 3074 γοῦντας.

1316 3085 1358 3120 Ρ.
1388 3083 1450 3132 59,
1471 3084 1517 3120 fr.
1542 3090 1628 3129 104.
1650 3106 1701 3111 -
1718 3085 1789 3120 τοῦ
1809 3081 1976 3128 Αἴτνης
1996 3080 2069 3119 καὶ
2086 3080 2307 3134 Ὗμᾶρου]

1265 3145 1420 3182 Ρ101101·.
1443 3157 1482 3192 p.
1501 3149 1550 3192 49
1568 3144 1674 3180 dedit
1690 3144 1750 3178 τοῦ
1764 3140 1888 3179 Αἴτνου
1901 3143 1959 3179 τοῦ
1971 3138 2147 3192 “Υμάρου.
2163 3139 2311 3177 Etenim

1263 3205 1300 3239 in
1322 3203 1410 3240 cod.
1432 3205 1534 3239 Voss.
1556 3211 1591 3238 et
1606 3204 1644 3237 in
1665 3202 1828 3249 Rhedig.
1854 3208 1908 3237 est
1930 3198 2079 3244 Α’ίτνου,
2100 3200 2310 3247 suprascri-

1262 3258 1330 3311 pto
1347 3277 1408 3307 ης,
1431 3269 1468 3298 01
1484 3262 1685 3298 Salmasius
1701 3262 1741 3296 in
1758 3260 1870 3296 codd.
1893 3260 2028 3295 Palatt.
2046 3270 2122 3294 esse
2141 3258 2235 3293 dicit
2248 3258 2308 3293 τοῦ

1262 3318 1390 3358 Αἴτνου
1404 3321 1462 3356 τοῦ
1477 3317 1650 3370 Ὑμάρου.
1668 3320 1841 3355 Ceterum
1857 3319 2009 3366 vulgata
2021 3316 2183 3352 habetur
2197 3316 2308 3351 etiam

1263 3381 1302 3414 in
1315 3379 1434 3416 schol.
1456 3378 1504 3414 ad
1523 3378 1692 3426 Thucyd.
1714 3378 1724 3425 (
1741 3378 1835 3414 Vide
1854 3388 1970 3424 supra
1986 3377 2024 3410 in
2040 3374 2308 3411 Sacerdotibus

1263 3440 1402 3475 Junon.
1419 3437 1446 3486 ).
1461 3434 1620 3487 Ὑμᾶρου
1637 3437 1763 3472 nescio
1778 3449 1824 3472 an
1840 3436 1950 3472 fuerit
1964 3431 2119 3484 Ἱμέρου,
2130 3441 2173 3469 ut
2187 3433 2307 3470 Gelon
