2372 3704
617 199 951 261 PnAnocm‘rl,
983 208 1269 248 -Pnfflomct
1297 208 1628 249 FRAGMENTA.

2156 221 2233 254 473

91 317 170 343 san.
200 305 264 349 IV,
303 301 367 348 18,
399 314 438 339 2.
464 299 618 338 Boeckh.
653 303 708 337 De
736 301 883 337 OEcon.
919 300 1055 336 Athen.
1074 300 1131 344 II,
1194 306 1232 334 et
1244 311 1352 347 quum
1364 302 1665 347 imminerentqui
1674 312 1755 335 eum
1770 302 2020 348 sequebantur,
2040 305 2240 341 intendisse

90 376 130 412 p.
149 361 236 400 258.
259 377 275 394 »
296 363 458 398 Boecxn.

326 570 329 573 ·
348 548 873 623 PHANocfflTUS.

143 661 344 698 Athenaeus
355 662 439 707 VII,
456 673 496 710 p.
519 660 645 707 276,F
666 651 768 700 εΟἷος
791 658 862 708 (sc.
884 649 1134 709 φιλόσυκος)ἦ’ν

93 718 243 758 Πλάτων
254 720 272 756 ὁ
283 717 475 771 φιλόσοφος,
493 719 539 761 ὡς
558 719 687 770 ἱστορεῖ
704 715 922 767 Φανόκριτος
938 717 974 753 ἐν
984 717 1033 767 τῷ
1047 714 1135 767 Περὶ

93 777 247 822 Εὐδόξου
259 792 267 801 ·
299 779 429 829 ἱστορεῖ
446 776 475 815 δ’
488 775 540 814 ὅτι
562 775 622 815 καὶ
643 774 847 828 Ἀρκεσίλας
855 772 1060 827 φιλόὸοτρυς
1075 767 1131 820 ἦν.

510 877 726 892 —aemo—

371 962 851 1022 PHANODICUS.

141 1075 402 1111 Phanodicum
441 1074 597 1110 fortasse
638 1086 718 1110 non
743 1075 905 1110 multum
942 1072 1134 1120 juniorem

91 1134 293 1171 Aristotele
308 1133 419 1169 fuisse
436 1132 598 1179 conjecit
614 1133 813 1169 Boeckhius
833 1134 872 1168 in
897 1133 937 1169 C.
956 1134 1074 1170 Inscr.
1093 1134 1110 1168 I
1121 1159 1132 1178 ‚

94 1205 140 1242 19
159 1191 225 1244 (cf.
247 1199 329 1228 not.
349 1191 399 1227 ad
417 1191 462 1230 fr.
487 1189 547 1240 5).

488 1277 730 1316 ΔΗΛΙΑΚΑ.

596 1385 632 1409 1.

139 1461 266 1499 Schol.
287 1460 336 1497 ad
354 1459 535 1509 Apollon.
557 1458 687 1496 Rhod.
709 1460 745 1505 Ι,
768 1471 840 1495 211
866 1472 873 1493 ;
897 1456 1035 1504 Ζήτης
1058 1456 1132 1494 καὶ

89 1517 257 1562 Καλαΐς
273 1517 340 1568 τε]
363 1516 514 1560 Τούτους
531 1517 570 1554 ἐκ
585 1515 758 1569 διαφόρων
771 1515 885 1554 τόπων
908 1517 1132 1566 συμπλεῦσαι

86 1583 157 1622 τοῖς
176 1576 428 1629 Ἀργοναύταις
455 1574 571 1628 φασίν.
591 1575 637 1614 Οἳ
672 1574 735 1625 μὲν
751 1573 818 1626 γὰρ
836 1575 876 1612 ἐκ
902 1573 1070 1626 Θράκης,
1088 1576 1134 1618 ὡς

87 1636 335 1683 Ἀπολλώνιος,
364 1633 559 1687 Ἡρόδωρος
581 1632 616 1671 δὲ
634 1635 674 1671 ἐκ
700 1633 887 1676 Δαυλίδος·
907 1635 1031 1686 Δοῦρις
1045 1632 1079 1671 δὲ
1097 1632 1131 1678 ἐξ

86 1693 344 1747 Ὺπερὸορέων.
376 1692 575 1743 Καταλέγει
607 1691 643 1730 δὲ
665 1690 805 1735 τούτους
830 1690 890 1729 καὶ
911 1691 1131 1743 Ἀντίμαχος.

87 1754 283 1796 Φανόδικος
306 1751 342 1791 δὲ
369 1753 403 1791 ἐν
422 1752 454 1790 α’
472 1752 659 1798 Δηλιακῶν
691 1749 724 1795 ἐξ
754 1749 1000 1802 Ὑπερὸορέων
1029 1751 1132 1804 φησὶν

32 1824 35 1825 ’
87 1812 210 1856 αὐτοὺς
229 1813 338 1851 ἐλθεῖν
349 1811 408 1850 ἐπὶ
424 1809 482 1850 τὸν
500 1812 622 1850 πλοῦν.
641 1813 744 1849 Fort.
758 1812 952 1847 turbatum
971 1812 1130 1859 aliquid.

587 1889 624 1912 2.

140 1954 250 1990 Idem
268 1954 301 1999 I,
325 1956 400 2000 419
422 1965 430 1987 :
459 1950 548 2002 Περὶ
567 1951 628 1996 τῆς
660 1948 846 2000 Ὀρτυγίας
874 1947 1072 1992 Φανόδικος
1095 1950 1128 1987 ἐν

88 2012 158 2054 τοῖς
177 2011 365 2057 Δηλιακοῖς
380 2007 577 2061 ἱστόρηκεν.
598 2007 669 2046 Καὶ
685 2007 878 2058 Νίκανδρος
898 2008 932 2044 ἐν
950 2006 1049 2059 τρίτῃ
1067 2009 1132 2046 Αἷ-

86 2071 257 2117 τωλικῶν,
273 2070 313 2106 ἐκ
326 2071 387 2115 τῆς
399 2070 432 2106 ἐν
453 2068 611 2118 Αἰτωλίᾳ
627 2066 815 2117 Ὀρτυγίας
835 2065 920 2118 φησὶ
940 2065 1002 2112 τὴν
1017 2067 1131 2112 Δῆλον

86 2130 333 2180 ὀνομασθῆναι,
345 2126 486 2181 γράφων
500 2125 606 2169 οὕτως
624 2126 689 2177 (cf.
706 2127 854 2163 Miiller.
866 2128 953 2164 Dor.
965 2128 998 2172 Ι,
1018 2125 1090 2172 377
1102 2125 1129 2174 )·

169 2227 210 2259 Οἱ
224 2225 250 2257 δ’
267 2225 298 2262 ἐξ
313 2223 472 2266 Ὀρτυγίης
484 2223 640 2261 Τιτηνίδος
654 2223 843 2264 ὁρμηθέντες.

590 2283 626 2320 3.

140 2361 291 2398 Servius
326 2360 377 2396 ad
405 2360 536 2408 Virgil.
565 2359 650 2396 AEn.
678 2359 743 2403 VI,
779 2361 825 2400 14
859 2370 867 2393 ε
899 2356 1135 2392 Phanodicus

89 2420 336 2472 (Phanoticos
364 2418 476 2467 cod.)
509 2417 691 2453 Deliacdn
719 2415 736 2431 *
758 2417 960 2451 Daedalum
981 2424 1136 2464 propter

84 2492 200 2527 supra
216 2481 337 2514 dictas
351 2490 485 2513 causas
492 2476 707 2523 fuglentem
721 2487 850 2510 navem
866 2476 1124 2518 conscendisse,

451 2596 519 2634 DE
536 2594 761 2633 EUDOXO.

129 2665 222 2698 Ficus
233 2663 362 2696 amabat
381 2663 471 2695 Plato
493 2662 716 2703 philosophus,
731 2662 768 2693 ut
781 2660 989 2693 Phanocritus
1008 2660 1040 2691 in
1054 2660 1134 2692 libro

88 2719 135 2751 De
147 2716 282 2750 Eudoxo
297 2715 351 2748 ait.
369 2715 457 2747 Idem
470 2715 578 2746 narrat
592 2713 787 2746 Arcesilaum
801 2721 882 2744 uvas
894 2721 1028 2744 amasse.

492 2777 558 2815 DE
564 2776 710 2815 LIACA
717 2804 728 2814 .

128 2900 332 2934 Phanodicus
353 2900 560 2933 Deliacornm
575 2900 655 2932 libro
675 2899 777 2940 primo
795 2899 918 2932 calaim
937 2900 970 2931 et
983 2901 1081 2931 Zeten
1100 2908 1140 2931 ex

89 2953 370 2994 llyperboreorum
393 2952 522 2994 regione
547 2952 589 2984 ad
619 2953 877 2992 Argonautarum
902 2951 1141 2992 expeditionem

89 3005 211 3037 venisse
227 3005 283 3037 ait.
299 3044 301 3047 ι

596 3054 631 3083 2.

129 3108 176 3138 De
193 3104 326 3145 Ortygia
351 3103 551 3136 Phanodicus
581 3104 614 3135 in
640 3103 776 3136 Deliacis
799 3103 958 3144 exposuit.
979 3101 1133 3135 Nicander

88 3166 217 3198 quoque
243 3156 339 3188 tertio
358 3156 565 3190 AEtolicorum
582 3156 626 3187 ait
642 3156 682 3188 de
710 3156 841 3197 Ortygia
864 3155 1001 3188 AEtolica
1017 3154 1132 3186 Delum

88 3210 162 3241 olim
175 3209 221 3241 sic
236 3208 432 3240 nominatam
445 3216 512 3240 esse
523 3232 532 3245 ,
546 3208 687 3240 scribens
699 3207 764 3240 ita:

157 3270 201 3299 Illi
214 3277 286 3299 vero
302 3277 337 3298 ex
351 3270 475 3305 Ortygia
486 3269 620 3298 Titanide
633 3268 772 3306 protecti.

589 3332 622 3363 3.

130 3384 330 3417 Phanodicm
341 3385 497 3425 tripodem
509 3385 592 3417 cirea
607 3393 693 3417 mare
704 3384 846 3417 Atticum
862 3384 1021 3424 repertum
1034 3385 1132 3423 atque

1190 358 1352 404 pallium
1367 358 1421 392 ad
1433 359 1686 403 adjuvandum
1703 367 1831 394 ventos
1845 367 1882 395 et
1898 365 1950 395 sic
1963 366 2130 401 evasisse,
2149 365 2242 399 Illos

1196 427 1287 451 ‘vero
1314 419 1376 463 qui
1405 416 1691 463 insequebantur
1715 429 1872 453 reversos
1905 423 2092 455 nuntiasse
2111 424 2242 469 pinnis

1196 475 1300 509 illum
1336 477 1503 511 evasisse.
1534 475 1766 510 Menecrates
1801 475 1856 524 (v,
1884 476 2016 525 fragm.
2047 480 2240 515 Menecra-

1196 533 1241 568 tis
1262 539 1354 570 tom.
1372 533 1433 577 11,
1455 545 1495 580 p.
1518 531 1620 582 344)
1643 540 1718 570 etc.

1247 590 1393 626 Nomen
1432 591 1642 628 Phanodici
1668 591 1928 640 reponendum
1963 594 2113 630 videtur
2138 596 2242 643 apud

1198 650 1425 697 Harpocrat.
1445 662 1484 687 v.
1514 646 1667 695 Ἑκάτης
1688 651 1790 694 νῆσος
1804 678 1814 698 ,
1837 651 1904 685 ubi
1925 651 2011 686 libri
2032 653 2207 688 exhibent
2231 666 2239 688 :

1197 705 1408 755 Φανόδημος
1418 707 1453 743 ἐν
1470 705 1502 743 α’
1515 707 1716 753 Δηλιακῶν.
1729 708 1823 745 Vide
1831 708 1966 758 fragm.
1984 722 2004 745 2
2018 710 2116 745 Semi
2129 711 2240 746 Delii.

1603 813 1819 829 ——QOQ—

1701 892 1739 930 [ι.

1247 968 1359 1017 Diog.
1392 970 1436 1006 L.
1470 970 1502 1013 Ι,
1538 968 1582 1004 3ι
1601 998 1611 1017 ,
1633 969 1680 1005 de
1712 969 1863 1018 tripode
1891 971 1963 1012 VII,
1985 972 2208 1019 sapientium
2232 984 2240 1009 ε

1196 1023 1395 1068 Φανόδικος
1411 1022 1447 1062 δὲ
1466 1026 1545 1077 περὶ
1566 1024 1628 1072 τὴν
1644 1025 1832 1073 Ἀθηναίων
1853 1026 2033 1070 θάλασσαν
2051 1030 2243 1079 εὑρεθῆναι,

1196 1081 1256 1120 καὶ
1270 1082 1495 1135 ἀνενεχθέντα
1511 1085 1557 1126 εἰς
1575 1083 1677 1133 ἄστυ,
1693 1084 1878 1135 γενομένης
1895 1085 2101 1132 ἐκκλησίας,
2122 1086 2243 1124 Βίαντι

1195 1144 1409 1194 πεμφθῆναι·
1430 1141 1486 1179 διὰ
1503 1142 1535 1180 τί
1556 1141 1603 1190 δὲ,
1624 1144 1659 1180 ἐν
1676 1146 1726 1195 τῷ
1745 1142 1825 1195 περ).
1842 1142 1987 1188 Βίαντος
2002 1143 2160 1195 λέξομεν.

1701 1225 1737 1264 5.

1249 1306 1356 1342 Idem
1369 1308 1402 1352 Ι,
1419 1306 1485 1356 82,
1501 1306 1548 1342 de
1561 1307 1692 1343 Biante
1709 1320 1717 1342 ε
1735 1305 1929 1350 Φανόδικος
1945 1305 1978 1345 δὲ
1994 1306 2097 1358 κόρας
2112 1308 2243 1359 αἰχμα-

1195 1362 1325 1406 λώτους
1344 1363 1609 1415 λυτρωσάμενον
1631 1364 1832 1410 Μεσσηνίας
1848 1365 1972 1418 θρέψαι
1986 1381 2022 1403 τε
2038 1368 2083 1408 ὡς
2098 1365 2241 1417 θυγατέ-

1197 1435 1258 1471 ρας
1274 1419 1334 1458 καὶ
1353 1423 1500 1472 προῖκας
1515 1421 1689 1459 ἐπιδοῦναι
1705 1420 1764 1458 καὶ
1786 1423 1831 1465 εἰς
1852 1421 1913 1469 τὴν
1943 1422 2132 1469 Μεσσήνην
2153 1424 2241 1461 ἀπο-

1196 1479 1331 1516 στεῖλαι
1345 1480 1414 1521 τοῖς
1427 1477 1601 1530 πατράσιν
1614 1479 1741 1518 αὐτῶν.
1753 1479 1876 1532 Χρόνῳ
1887 1479 1921 1517 δὲ
1937 1482 1971 1517 ἐν
1984 1486 2059 1523 ταῖς
2073 1481 2241 1531 Ἀθήναις,

1195 1536 1241 1578 ὡς
1255 1534 1474 1588 προείρηται,
1489 1539 1548 1573 τοῦ
1559 1535 1716 1587 τρίποδος
1730 1537 1920 1589 εὑρεθέντος
1934 1537 2000 1574 ὑπὸ
2017 1540 2083 1575 τῶν
2102 1537 2244 1586 ἁλιέων,

1195 1596 1253 1631 τοῦ
1276 1596 1431 1645 χαλκοῦ,
1452 1594 1648 1647 ἐπιγραφὴν
1669 1594 1805 1647 ἔχοντος
1824 1613 1836 1629 1«
1854 1598 1904 1648 τῷ
1923 1598 2030 1648 σοφῷ,
2051 1615 2064 1630 »³
2085 1596 2244 1648 Σάτυρος

1196 1650 1258 1701 μέν
1275 1668 1360 1705 φησι
1374 1653 1558 1704 παρελθεῖν
1578 1652 1638 1697 τὰς
1662 1653 1766 1706 κόρας
1781 1676 1834 1683 -—
1847 1652 1878 1692 οἱ
1898 1653 1934 1692 δὲ
1953 1655 2010 1692 τὸν
2028 1655 2164 1706 πατέρα
2182 1657 2241 1692 αὐ-

1195 1712 1278 1760 τῶν,
1300 1713 1346 1754 ὡς
1366 1711 1424 1750 καὶ
1440 1711 1696 1755 Φανόδικος-
1707 1714 1754 1755 εἷς
1766 1711 1828 1759 τὴν
1844 1714 2043 1760 ἐκκλησίαν,
2059 1713 2119 1751 καὶ
2133 1715 2242 1751 εἰπεῖν

1195 1770 1252 1808 τὸν
1272 1769 1405 1808 Βίαντα
1426 1770 1544 1823 σοφὸν,
1572 1770 1832 1822 διηγησαμένας
1851 1770 1895 1809 τὰ
1912 1771 1988 1810 καθ’
2005 1771 2143 1815 ἑαυτάς.
2174 1772 2243 1811 Καὶ

1198 1828 1380 1876 ἀπεστάλη
1407 1830 1424 1865 ὁ
1441 1829 1599 1880 τρίπους·
1617 1828 1677 1866 καὶ
1697 1833 1715 1867 ὁ
1734 1829 1820 1874 Βίας
1846 1828 1927 1868 ἰδὼν
1954 1829 2019 1881 ἔφη
2039 1830 2096 1867 τὸν
2116 1830 2242 1868 Ἀπόλ-

1197 1889 1292 1926 λωνα
1313 1887 1418 1940 σοφὸν
1438 1882 1545 1934 εἶναι,
1570 1889 1647 1925 οὐδὲ
1676 1888 1891 1940 προσήκατο.
1912 1891 1956 1927 Οἱ
1975 1889 2009 1926 δὲ
2033 1888 2190 1940 λέγουσιν
2208 1890 2243 1926 ἐν

1198 1946 1336 1993 Θήὸαις
1355 1948 1404 1997 τῷ
1436 1946 1610 1999 Ἡρακλεῖ
1627 1946 1729 1984 αὐτὸν
1758 1949 1955 1997 ἀναθεῖναι,
1985 1947 2059 1985 ἐπεὶ
2077 1947 2244 1997 ἀπόγονος

1196 2001 1237 2052 ἦν
1261 2004 1431 2052 Θηὸαίων
1451 2004 1613 2042 ἀποικίαν
1634 2006 1681 2048 εἷς
1706 2005 1864 2056 Πριήνην
1884 2005 2106 2053 στειλάντων,
2122 2005 2241 2058 ὥσπερ

1195 2063 1254 2102 καὶ
1276 2063 1470 2106 Φανόδικός
1492 2078 1589 2115 φησι.

1250 2125 1338 2159 Haee
1350 2123 1397 2159 de
1408 2123 1558 2172 tripode
1569 2124 1800 2172 Sapientiam
1812 2125 1982 2171 quamvis
1990 2125 2101 2159 etiam
2111 2125 2150 2159 in
2159 2125 2244 2161 Deli

1195 2183 1378 2230 periegesi
1394 2183 1520 2217 locum
1539 2182 1678 2218 habere
1694 2189 1891 2231 poterant,
1911 2183 2038 2218 neseio
2057 2190 2181 2218 tamen
2194 2195 2243 2219 an

1195 2247 1297 2275 recte
1309 2239 1508 2275 Boeckhius
1521 2241 1559 2274 in
1576 2241 1689 2288 Corp.
1704 2242 1822 2277 Inscr.
1842 2241 1874 2284 I,
1889 2253 1929 2288 p.
1955 2253 2000 2288 19
2012 2242 2243 2290 peculiarem

1195 2300 1252 2334 De
1264 2298 1414 2347 tripode
1429 2299 1486 2334 vel
1496 2300 1552 2334 De
1569 2306 1711 2347 septem
1723 2299 1955 2346 sapientibus
1969 2299 2108 2334 librum
2118 2311 2140 2334 a
2152 2299 2244 2336 Pha-

1196 2357 1336 2392 nodico
1348 2357 1599 2405 compositum
1608 2369 1684 2392 esse
1693 2364 1844 2392 statuat.
1856 2357 1962 2392 Idem
1971 2358 2169 2394 Boeckhius
2179 2360 2203 2396 l.
2214 2360 2240 2395 l.

1195 2416 1288 2451 nihil
1306 2415 1402 2451 adeo
1421 2414 1571 2451 obstare
1584 2423 1730 2460 censet,
1749 2417 1841 2463 quin
1865 2416 1914 2451 ad
1930 2418 2108 2452 Nostrum
2121 2419 2243 2466 perti-

1195 2481 1282 2510 neat
1295 2475 1490 2523 inscriptio
1508 2475 1707 2510 marmoris
1721 2475 1917 2522 Sigeensis,
1929 2487 2011 2522 quae
2031 2475 2084 2510 ita
2098 2475 2212 2510 habet
2231 2488 2239 2510 :

1195 2585 1227 2615 in
1244 2584 1357 2617 urbem
1373 2584 1515 2616 delatum
1530 2584 1655 2623 scribit,
1671 2584 1891 2624 advocataque
1898 2575 2049 2616 concione
2062 2593 2101 2616 ex
2115 2585 2242 2616 decreto

1193 2636 1321 2676 publico
1336 2636 1438 2667 Bianti
1453 2636 1598 2666 missum.
1617 2637 1756 2667 Causam
1782 2645 1839 2667 suo
1856 2636 1927 2667 loco
1955 2636 2115 2676 dicemus,
2140 2645 2241 2676 quum

1193 2687 1233 2720 de
1244 2689 1353 2720 Biante
1366 2687 1536 2719 dicendum
1549 2687 1620 2718 erit.

1698 2751 1729 2783 5.

1235 2812 1438 2845 Phanodicus
1460 2812 1607 2845 Biantem
1625 2812 1769 2852 captivas
1784 2812 1907 2852 puellas
1923 2812 2094 2845 redemisse
2120 2815 2239 2844 Messe-

1191 2867 1278 2907 nias,
1295 2867 1327 2898 et
1344 2867 1380 2897 ut
1399 2866 1480 2897 filias
1496 2865 1647 2896 educasse
1659 2888 1668 2903 ,
1685 2873 1722 2896 ac
1737 2866 1846 2905 postea
1868 2865 1999 2904 adJectis
2018 2865 2145 2897 dotibus
2158 2868 2239 2898 Mes·

1191 2926 1287 2949 senen
1302 2917 1485 2957 parentibus
1494 2916 1564 2947 illas
1576 2916 1743 2947 remisisse.
1758 2917 1852 2948 Brevi
1867 2918 1937 2956 post
1950 2916 2080 2948 invento
2095 2917 2237 2956 Athenis,

1191 2971 1228 3001 ut
1237 2970 1376 3001 diximus
1385 2993 1394 3008 ,
1409 2977 1426 3000 a
1435 2968 1644 3008 piscatoribus
1650 2968 1773 3008 tripode
1781 2977 1882 3007 aeneo,
1892 2969 1943 2999 cui
1954 2970 2022 3000 erat
2031 2969 2235 3009 inscriptum:

1192 3023 1365 3062 Sapienti,
1383 3018 1516 3061 Satyrus
1537 3020 1666 3060 quidem
1691 3021 1829 3060 puellas,
1858 3021 1910 3052 alii
1935 3030 2030 3060 vero,
2060 3030 2099 3053 ex
2124 3021 2239 3061 quibus

1192 3073 1394 3104 Phanodicus
1409 3073 1475 3111 est,
1492 3072 1619 3103 illarum
1633 3073 1757 3111 patrem
1774 3072 1806 3103 in
1829 3073 2014 3103 concionem
2033 3072 2156 3103 venisse
2172 3075 2237 3103 tra-

1191 3126 1290 3165 dunt,
1304 3125 1513 3164 Biantemque
1525 3149 1534 3162 ,
1554 3124 1707 3164 expositis
1720 3133 1794 3165 quae
1812 3125 1843 3155 in
1860 3133 1892 3156 se
1918 3125 2048 3165 egisset,
2066 3124 2238 3164 appellasse

1191 3178 1383 3217 sapientem,
1401 3176 1510 3216 sicque
1528 3176 1685 3216 tripodem
1699 3176 1737 3207 ad
1757 3185 1831 3208 eum
1845 3177 1975 3209 missum
1993 3189 1999 3207 :
2019 3185 2055 3207 eo
2069 3177 2237 3214 conspecto

1191 3228 1307 3260 dixisse
1330 3228 1491 3265 Biantem‚
1518 3228 1698 3268 Apollinem
1714 3236 1781 3260 esse
1794 3228 1969 3268 sapientem
1997 3240 2004 3258 :
2026 3235 2128 3267 neque
2146 3227 2235 3257 illum

1191 3279 1363 3311 admisisse.
1383 3279 1443 3310 Alii
1459 3279 1575 3311 Thebis
1602 3279 1733 3311 Herculi
1748 3287 1887 3310 sacrasse
1905 3287 1978 3310 eum
2007 3278 2129 3316 ferunt,
2149 3277 2235 3316 quod
2267 3274 2272 3278 '

1193 3331 1277 3362 illinc
1290 3331 1372 3362 esset
1381 3330 1553 3369 oriundus,
1571 3330 1743 3370 Prieneque
1758 3330 1982 3362 Thebanorum
1993 3328 2133 3367 colonia,
2151 3327 2233 3359 Pha-

1192 3381 1306 3414 nodico
1326 3381 1357 3413 id
1378 3382 1479 3422 ipsum
1496 3383 1665 3414 asserente.
