2372 3704
89 249 163 281 562

86 327 239 380 ἡγεμόνα
271 329 371 366 τοῦδε
403 331 463 366 τοῦ
503 326 658 378 πολέμου
697 326 978 380 προεχειρίσατο.
1020 326 1125 366 Ἐπεὶ

86 387 120 425 δὲ
142 381 235 430 οὗτος
262 386 354 424 κατὰ
377 387 440 433 τὴν
455 377 674 437 Καμπανίαν
698 384 758 423 σὺν
783 391 930 438 στρατιᾷ
954 384 1123 437 διέτριὸε,

84 444 142 483 τὸν
171 445 353 492 κινηθέντα
373 446 440 482 τῶν
461 443 659 496 συμμάχων
685 443 837 494 πόλεμον
852 443 1124 494 καθιστάμενος,

85 504 235 555 ἀναιρῶν
265 518 302 541 τε
336 502 420 556 ὅπερ
453 497 495 550 ἦν
526 503 631 549 τῆσδε
666 503 728 548 τῆς
756 504 914 554 ταραχῆς
945 501 1126 555 λείψανον,

87 563 105 599 ὁ
136 562 271 614 Μάριος
299 559 515 611 ἐπιθυμήσας
546 564 608 608 τῆς
642 560 698 598 ἐπὶ
729 559 792 606 τὴν
824 559 940 599 Ἀσίαν
976 575 1127 612 στρατη-

87 619 212 664 λασίας
244 618 304 657 καὶ
327 617 554 671 Δπροσλαὸὼν
585 617 794 658 Σουλπίκιον
832 616 892 656 τὸν
928 617 1124 670 δήμαρχον,

87 676 195 729 ἄνδρα
212 675 387 729 μοχθηρὸν
411 675 472 714 καὶ
486 675 574 727 μετὰ
594 676 709 723 πάσης
723 675 854 726 τόλμης
874 675 934 714 καὶ
950 675 1129 726 ὠμότητος

87 735 148 782 τὴν
169 734 316 785 Ῥώμην
339 733 580 787 ταράσσοντα,
603 733 759 787 βιάζεται
781 733 905 780 πλήθει
924 733 984 772 καὶ
1011 734 1129 777 ὅπλοις

85 794 148 839 τὴν
171 793 296 845 βουλὴν
328 792 430 831 αὑτὸν
449 791 627 837 ἀντιτάξαι
642 794 692 845 τῷ
725 792 939 844 Μιθριδάτῃ.
967 791 1040 831 Καὶ
1069 791 1127 830 τὸν

87 852 228 891 Σύλλαν
255 851 324 890 ἀπὸ
350 851 582 903 στρατοπέδου
607 850 764 902 πάροντα
785 853 908 902 μικροῦ
938 848 1000 898 μὲν
1030 850 1125 896 ἐδέη-

89 925 144 948 σεν
164 911 297 949 ἀνελεῖν
311 926 319 934 ·
340 910 415 948 ἐπεὶ
434 908 470 947 δὲ
491 912 681 962 συγχωρεῖν
707 907 808 951 αὐτὸς
824 907 889 960 ἔφη
910 909 980 951 τοῖς
991 907 1128 959 γινομέ-

69 984 173 1016 ,νοις,
191 971 348 1021 παρῆκεν
373 970 507 1016 ἀπαθῆ.
537 967 610 1006 Καὶ
637 966 672 1011 ὃς
702 967 907 1020 ἀφικόμενος
926 961 1021 1010 αῧθις
1046 966 1129 1018 πρὸς

86 1025 166 1070 τοὺς
186 1026 420 1079 στρατιώτας,
448 1026 508 1064 καὶ
524 1025 568 1063 τὰ
585 1024 815 1078 πεπραγμένα
842 1024 1018 1070 διεξελθὼν
1042 1025 1127 1063 ἐπά-

84 1100 136 1134 γει
161 1087 204 1136 τῇ
224 1084 322 1123 πόλει
349 1083 624 1133 συντεταγμένην
653 1081 715 1130 τὴν
747 1081 924 1134 στρατιὰν,
953 1082 1013 1120 καὶ
1039 1098 1128 1135 κρα-

86 1144 138 1180 τεῖ
164 1146 232 1181 τῶν
251 1143 331 1196 περὶ
350 1142 407 1180 τὸν
435 1142 573 1194 Μάριον
593 1139 890 1191 ἀντιταξαμένων,
924 1140 1061 1193 πρῶτός
1091 1157 1128 1179 τε

86 1201 273 1251 Ῥωμαίων
313 1200 374 1239 σὺν
407 1200 525 1243 ὅπλοις
553 1199 645 1243 ἐντὸς
672 1198 853 1251 παρελθὼν
885 1201 946 1245 τῆς
977 1198 1128 1249 πόλεως,

86 1259 293 1298 Σουλπίκιον
334 1261 398 1310 μὲν
430 1258 488 1297 τὸν
517 1258 697 1310 δήμαρχον
729 1258 1017 1307 καταμηνυθέντα
1045 1257 1129 1310 πρὸς

86 1321 144 1356 τοῦ
173 1318 377 1372 θεράποντος
403 1316 637 1369 ἀποσφάττει,
668 1316 804 1369 Μάριον
835 1315 871 1354 δὲ
904 1316 1039 1369 φυγάδα
1069 1319 1130 1364 τῆς

85 1375 218 1420 πόλεως
234 1377 287 1415 u·

137 1505 237 1542 Ibid.
256 1518 297 1554 p.
323 1504 397 1553 793
421 1518 428 1540 z
452 1502 537 1542 “On
567 1501 744 1549 ληξάντων
768 1504 836 1540 τῶν
866 1502 1044 1555 ἐμφυλίων
1064 1518 1131 1541 πο-

88 1561 203 1611 λέμων
220 1561 316 1614 φόνοι
334 1560 395 1599 καὶ
417 1560 617 1614 προγραφαὶ
647 1562 716 1598 τῶν
746 1562 921 1613 ἐπιφανῶν
939 1560 1041 1598 οἴκων
1062 1561 1130 1598 διε-

85 1619 222 1664 δέξαντο
242 1618 304 1666 τὴν
329 1619 490 1670 Ῥώμην,
521 1621 554 1663 ἐς
586 1625 658 1657 πᾶν
685 1618 875 1663 ἐπεξιόντος
901 1622 963 1656 τοῦ
991 1619 1130 1658 Σύλλου

85 1684 155 1723 τοῖς
187 1677 491 1726 ἀντιστασιώταις,
524 1680 569 1721 ὡς
604 1676 667 1724 τὴν
702 1677 842 1728 Μαρίου
874 1675 1035 1723 τελευτὴν
1070 1678 1132 1715 οὐκ

88 1736 312 1788 ἀπαλλαγὴν,
343 1735 434 1776 ἀλλὰ
466 1733 664 1788 μεταὸολὴν
697 1735 895 1788 τυραννίδος
925 1738 1130 1786 νομισθῆναι

86 1794 288 1846 Ῥωμαίοις.
313 1795 370 1835 Τὰ
395 1795 458 1846 μὲν
483 1795 549 1847 γὰρ
569 1797 692 1847 πρῶτα
715 1793 793 1838 τοὺς
815 1794 992 1847 ἐχθίστους
1012 1796 1042 1833 οἱ
1064 1796 1131 1833 τῶν

87 1855 237 1892 πολιτῶν
269 1852 423 1892 ἐκποδὼν
450 1853 662 1900 ποιήσασθαι
689 1853 902 1904 διεγνωκὼς,
933 1854 990 1891 διὰ
1015 1854 1131 1901 πάσης

90 1911 268 1962 ὠμότητος
282 1911 417 1964 ἐπεξῄει
433 1911 494 1957 τήν
509 1927 546 1950 τε
567 1910 666 1950 πόλιν
682 1911 741 1949 καὶ
758 1910 820 1958 τὴν
839 1911 948 1959 ἄλλην
960 1911 1127 1951 Ἰταλίαν.

88 1970 269 2008 Τελευτῶν
286 1969 320 2007 δὲ
341 1969 435 2008 ἔστιν
451 1969 507 2014 οὒς
526 1969 549 2016 ἢ
565 1969 759 2023 χρημάτων
775 1967 797 2016 ἢ
823 1969 1011 2020 κτημάτων
1033 1969 1132 2008 ἕνεκα

89 2029 143 2065 ἐπ’
175 2027 325 2080 ὠφελείᾳ
357 2030 424 2066 τῶν
459 2030 582 2066 ἑαυτοῦ
612 2028 720 2080 φίλων
745 2027 921 2081 διέφθειρε.
982 2028 1132 2080 Λέγεται

85 2084 165 2131 γοῦν
186 2079 330 2120 Κόϊντον
346 2080 454 2134 ἄνδρα
474 2082 641 2133 ἐπιφανῆ,
667 2082 803 2127 ἐπιεικῆ
824 2096 859 2119 τε
878 2080 938 2118 καὶ
955 2080 1133 2134 σώφρονα,

86 2138 263 2191 οὐδετέρας
282 2137 344 2189 μὲν
363 2139 530 2191 γεγονότα
559 2139 718 2192 μερίδος,
740 2139 917 2184 ἀδοκήτως
943 2139 979 2177 δὲ
1005 2142 1039 2179 ἐν
1064 2145 1134 2184 τοῖς

87 2196 409 2250 προγεγραμμένοις
433 2198 647 2248 θεασάμενον
678 2197 812 2246 ἑαυτὸν,
836 2215 851 2233 «
877 2197 985 2248 Οἴμοι
1004 2199 1130 2247 τάλας,

87 2258 206 2303 εἰπεῖν,
231 2256 348 2294 διώκει
366 2272 408 2307 με
435 2256 474 2294 τὸ
498 2258 533 2294 ἐν
553 2256 731 2301 Ἀλὸανοῖς
743 2256 885 2309 χωρίον.
900 2275 916 2291 υ
937 2257 1008 2297 Καὶ
1028 2259 1135 2310 ὀρθῶς

86 2328 124 2363 γε
157 2313 372 2357 Σαλούστιος
402 2316 420 2352 ὁ
454 2314 631 2366 Ῥωμαῖος
664 2314 880 2367 συγγραφεὺς
919 2315 984 2368 ἔφη
1015 2317 1133 2359 καλοῖς

89 2371 192 2409 αὐτὸν
226 2372 457 2425 ἐγχειρήμασι
485 2373 650 2412 κάκιστον
682 2373 928 2426 ἐπενηνοχέναι
956 2373 994 2412 τὸ
1025 2373 1131 2418 τέλος.

93 2430 133 2467 Εἰ
152 2428 213 2479 μὲν
230 2430 296 2482 γὰρ
312 2430 373 2476 τὴν
391 2431 529 2483 Μαρίου
545 2431 756 2470 καταὸαλὼν
778 2432 994 2480 δυναστείαν,
1013 2432 1133 2484 ἀνδρὸς

90 2487 238 2539 ἀρχῆθέν
254 2503 291 2525 τε
310 2489 465 2540 χαλεποῦ
486 2490 545 2528 καὶ
563 2490 793 2535 ἐπιτείναντος
805 2492 839 2528 ἐν
855 2494 898 2543 τῇ
919 2490 1053 2543 ἐξουσίᾳ
1069 2490 1131 2538 τὴν

90 2547 204 2597 φύσιν,
225 2547 404 2599 παρέδωκε
427 2551 469 2601 τῇ
504 2550 613 2602 βουλῇ
643 2550 702 2587 καὶ
733 2551 784 2602 τῷ
819 2548 921 2602 δήμῳ
941 2549 1003 2595 τὴν
1033 2551 1131 2588 πολι-

89 2604 200 2655 τείαν,
221 2605 418 2656 θαυμαστὸς
449 2606 490 2644 ἂν
510 2602 572 2654 ἦν·
591 2611 649 2645 ν’ῦν
670 2607 705 2645 δὲ
723 2607 859 2659 μέτριος
872 2607 915 2645 τὰ
931 2611 1054 2660 πρῶτα
1072 2607 1132 2645 καὶ

90 2661 265 2706 πολιτικὸς
301 2664 435 2714 φανεὶς,
469 2665 527 2703 καὶ
565 2664 664 2710 δόξαν
705 2666 930 2718 δημωφελοῦς
964 2665 1131 2716 ἡγεμόνος

92 2720 284 2772 παρασχὼν
294 2751 303 2768 ,
317 2722 454 2760 ἐπειδὰν
464 2725 531 2761 τῶν
545 2723 707 2763 ἐναντίων
721 2724 925 2777 ἐκράτησεν,
942 2724 1042 2767 αὐτὸς
1058 2725 1130 2761 ἀντ’

93 2778 222 2817 ἐκείνου
247 2774 305 2826 ἦν.
341 2780 413 2819 Καὶ
443 2782 627 2833 τυραννίδα
655 2782 797 2835 φάσκων
830 2781 983 2820 ἐλαύνειν
1013 2784 1053 2821 ἐκ
1071 2785 1132 2829 τῆς

882 240 1044 279 JOANN
1053 240 1094 279 lS
1122 241 1435 281 ANTIOCHENI

1189 327 1320 372 πόλεως
1346 328 1464 381 ἑτέραν
1498 330 1616 381 εἰσῆγε
1645 328 1908 381 χαλεπωτέραν.
1932 328 2138 381 Δικτάτωρα
2167 328 2229 379 μὲν

1188 385 1255 440 γὰρ
1276 389 1413 427 ἀνεῖπεν
1439 387 1580 426 ἑαυτόν·
1606 387 1793 439 ἔμπληκτα
1822 389 1858 427 δὲ
1878 389 1937 426 καὶ
1955 388 2174 440 ἀπάνθρωπα
2195 387 2230 432 ἔς

1189 461 1226 484 τε
1254 445 1333 490 τοὺς
1360 445 1504 490 πολίτας
1529 446 1588 484 καὶ
1622 445 1699 490 τοὺς
1718 446 1843 491 ἄλλους
1875 447 2046 494 ὑπηκόους
2080 445 2229 485 ἐπιπολὺ

1190 504 1429 557 διεπράττετο,
1457 506 1495 542 οὖ
1525 504 1593 554 μὴν
1619 505 1710 542 ἀλλὰ
1740 505 1829 543 οὕτω
1845 521 1884 556 γε
1902 509 1945 558 τῇ
1963 505 2053 557 τύχῃ
2082 505 2228 544 κατεπί-

1190 577 1312 600 στευσε
1330 562 1414 614 πρὸς
1429 561 1570 600 ἅπασαν
1591 564 1684 615 αὐτῷ
1702 563 1900 612 μεταὸολὴν
1921 563 2035 608 δεξιῶς
2051 564 2204 617 ἑπομένῃ
2218 595 2230 615 ,

1189 621 1279 659 ὥστε
1293 621 1441 664 πολλοὺς
1462 620 1524 671 μὲν
1545 622 1767 672 ἀνῃρηκότα,
1788 622 1980 669 καινότητα
2007 621 2043 660 δὲ
2058 622 2230 671 τοσαύτην

1191 679 1239 723 εἷς
1256 678 1318 726 τὴν
1334 679 1511 717 πολιτείαν
1535 679 1833 731 εἰσενεγκάμενον,
1855 680 2044 719 ἀποθέσθαι
2066 679 2128 727 τὴν
2148 683 2231 719 ἀνυ-

1190 737 1355 776 πεύθυνον
1384 738 1509 789 ἀρχὴν,
1535 736 1596 775 καὶ
1614 736 1672 775 τὸν
1702 738 1810 788 δῆμον
1841 733 1936 782 αὖθις
1962 741 2029 776 τῶν
2053 741 2231 779 ὑπατικῶν

1191 797 1423 848 ἀρχαιρεσιῶν
1447 797 1623 847 ἀποφῆναι
1642 794 1774 846 κύριον·
1796 795 1909 834 καίτοι
1924 796 2078 836 Λεπίδου
2098 798 2232 849 παρελ-

1190 855 1259 892 θεῖν
1289 856 1335 898 εἷς
1370 853 1432 900 τὴν
1462 853 1630 892 ὑπατείαν
1665 854 1721 891 διὰ
1755 857 1813 892 τοῦ
1844 855 2032 905 Πομπηίου
2063 855 2143 905 περὶ
2173 854 2232 894 τὸν

1191 912 1300 965 ἄνδρα
1318 911 1470 958 σπουδὴν
1490 911 1778 965 προσδοκωμένου
1790 944 1799 960 ,
1823 913 1942 964 ἀνδρὸς
1958 913 2174 965 θρασυτάτου
2194 929 2231 951 τε

1190 971 1250 1009 καί
1279 972 1310 1009 οἱ
1341 970 1386 1009 τὰ
1413 970 1566 1020 μάλιστα
1597 969 1783 1020 πολεμίου·
1813 971 1895 1009 ἀλλ’
1913 970 2006 1020 ὅμως
2035 972 2068 1008 ἐν
2095 971 2232 1015 ἰδιώτου

1191 1029 1283 1074 τάξει
1303 1029 1362 1067 καὶ
1392 1027 1551 1079 ἰσηγορίᾳ
1571 1030 1641 1072 τοῖς
1663 1029 1803 1073 πολλοῖς
1830 1031 1983 1067 ἐντεῦθεν
2002 1024 2056 1076 ἦν.
2078 1029 2232 1068 Ἀποδει-

1190 1086 1328 1138 χθέντος
1342 1086 1378 1124 δὲ
1394 1086 1527 1124 ὑπάτου
1541 1087 1694 1125 Λεπίδου
1706 1117 1716 1136 ,
1728 1086 1896 1139 χαίροντα
1906 1090 1956 1140 τῷ
1968 1087 2120 1139 γεγονότι
2135 1090 2233 1139 Πομ·

1191 1145 1295 1192 πήιον
1316 1144 1410 1192 ἰδὼν,
1428 1163 1444 1178 «
1463 1138 1574 1195 Εὖγε,
1596 1144 1660 1197 ἔφη
1674 1176 1685 1196 ,
1702 1148 1762 1192 τῆς
1785 1147 1935 1193 σπουδῆς
1947 1175 1957 1194 ,
1978 1139 2007 1184 ῶ
2026 1145 2164 1194 νεανία,
2180 1146 2232 1186 ὅτι

1191 1202 1251 1241 καὶ
1285 1203 1468 1242 Κατούλου
1505 1202 1671 1255 πρότερον
1704 1203 1938 1256 ἀνηγόρευσας
1974 1203 2141 1255 Λέπιδον,
2171 1209 2232 1244 τοῦ

1191 1259 1331 1299 πάντων
1355 1259 1496 1310 ἀρίστου
1513 1263 1580 1298 τῶν
1598 1262 1749 1299 πολιτῶν
1765 1261 1822 1299 τὸν
1840 1261 2144 1311 ἐμπληκτότατον·
2158 1263 2233 1315 ὥρα

1193 1318 1310 1369 μέντοι
1329 1334 1384 1357 σοι
1403 1324 1543 1356 σκοπεῖν
1564 1317 1657 1363 ὅπως
1672 1320 1814 1373 ἰσχυρὸν
1829 1319 1993 1371 γεγονότα
2010 1319 2233 1373 καταγωνίσῃ

1191 1377 1248 1415 τὸν
1270 1377 1473 1416 ἀντίπαλον.
1497 1395 1512 1411 »
1531 1379 1646 1416 Τοῦτο
1663 1377 1726 1428 μὲν
1743 1373 1801 1417 οὖν
1822 1381 1840 1416 ὃ
1861 1377 2000 1423 Σύλλας
2014 1378 2133 1431 ὥσπερ
2153 1381 2235 1417 ἀπε-

1192 1435 1346 1476 θέσπισε.
1379 1438 1469 1475 Μετ’
1489 1436 1602 1487 ὀλίγον
1642 1436 1710 1490 γὰρ
1744 1436 1925 1490 ἐξυὸρίσας
1956 1439 1988 1481 ἐς
2021 1437 2084 1485 τὴν
2121 1437 2234 1490 ἀρχὴν

1193 1497 1211 1532 ὃ
1242 1494 1412 1543 Λέπιδος,
1443 1493 1606 1546 πολέμιος
1647 1494 1800 1542 κατέστη
1828 1501 1897 1539 τοῖς
1927 1494 2007 1548 περὶ
2038 1494 2096 1534 τὸν
2131 1497 2233 1547 Πομ·

1193 1552 1307 1600 πήιον.

1247 1611 1428 1657 Κινήσεώς
1443 1627 1480 1650 τε
1507 1606 1602 1656 αὖθις
1621 1611 1789 1664 ἐμφυλίου
1809 1612 1993 1664 γενομένης
2014 1613 2152 1652 Σύλλαν
2177 1614 2233 1652 ἐπὶ

1193 1670 1254 1718 τὴν
1284 1670 1512 1709 ἀνυπεύθυνον
1540 1670 1694 1723 ἀρχὴνὴ
1725 1670 1913 1721 “Ρωμαίων
1941 1671 2046 1723 βουλὴ
2076 1672 2232 1724 προεὸά-

1193 1732 1286 1769 λετο.
1306 1732 1388 1769 Τῶν
1413 1729 1480 1783 γὰρ
1503 1729 1638 1767 ἱππέων
1669 1729 1744 1778 ἅμα
1773 1729 1912 1768 πάντων
1934 1729 2234 1784 συμφραξαμένων

1194 1790 1256 1828 οὒκ
1273 1790 1412 1828 ἀνεκτὸν
1430 1784 1470 1836 ἦν
1494 1792 1565 1833 τοῖς
1593 1791 1628 1827 ἐν
1647 1789 1753 1830 τέλει.
1777 1788 1823 1829 ‘O
1850 1788 1912 1840 μὲν
1930 1782 1986 1827 οἷν
2017 1789 2155 1834 Σύλλας
2178 1790 2236 1828 ἐπὶ

1193 1848 1257 1895 τὴν
1276 1847 1460 1901 εἰρημένην
1488 1848 1594 1885 ἐλθὼν
1624 1846 1749 1900 ἀρχὴν,
1784 1847 1944 1897 σύνθημα
1978 1848 2047 1891 τοῖς
2065 1847 2156 1885 κατὰ
2172 1847 2235 1894 τὴν

1195 1906 1347 1945 Ἰταλίαν
1383 1905 1527 1956 ἀνδράσι
1555 1905 1670 1944 λαθὼν
1703 1905 1860 1950 ἅπαντας
1888 1905 1965 1950 τοὺς
1998 1909 2060 1952 τῆς
2090 1905 2234 1956 Ῥώμης

1195 1965 1337 2015 ἔδωκεν,
1355 1963 1545 2017 ἐγχειρίδιά
1559 1980 1596 2002 τε
1616 1963 1740 2008 αὐτοὺς
1765 1963 1843 2017 ξίφη
1868 1963 2112 2014 κομιζομένους
2126 1964 2237 2002 εἰσελ-

1195 2027 1264 2062 θεῖν
1299 2026 1346 2067 εἷς
1379 2023 1442 2069 τὴν
1471 2022 1571 2061 πόλιν
1604 2022 1829 2075 προσέταξεν,
1860 2021 2010 2070 ὁπηνίκα
2043 2024 2104 2068 τῆς
2131 2021 2237 2064 Ῥέας

1195 2082 1329 2135 ἡμέραν
1344 2081 1616 2134 πανηγυρίζουσι
1636 2081 1825 2131 Ῥωμαῖοι,
1842 2082 1887 2124 ὡς
1907 2080 1948 2119 ἂν
1966 2081 2012 2118 δι’
2028 2082 2141 2119 αὐτῶν
2159 2079 2239 2124 τοὺς

1195 2144 1257 2188 τῆς
1276 2140 1408 2185 πόλεως
1427 2143 1546 2185 ἱππεῖς
1569 2140 1816 2192 διαχρήσηται.
1855 2139 1901 2179 ‘O
1925 2138 1987 2190 μὲν
2001 2133 2059 2178 οῧν
2076 2139 2155 2190 περὶ
2174 2138 2237 2186 τὴν

1195 2198 1348 2238 Ἰταλίαν
1368 2199 1471 2251 ὄχλος
1494 2197 1632 2237 ἐναντία
1661 2199 1730 2242 τοῖς
1750 2197 1977 2249 στρατιώταις
1993 2200 2125 2250 φρονῶν
2143 2196 2236 2235 κατὰ

1195 2256 1256 2305 τὴν
1277 2257 1471 2310 ὡρισμένην
1487 2256 1701 2303 ἀπήντησεν.
1718 2255 1923 2308 Ἀρξάμενός
1940 2271 1978 2293 τε
1995 2258 2056 2302 τῆς
2070 2254 2238 2307 ἐμφυλίου

1195 2316 1362 2363 κινήσεως
1375 2345 1385 2363 ,
1406 2315 1482 2366 ἅμα
1502 2331 1539 2354 τε
1556 2315 1616 2353 καὶ
1639 2315 1696 2352 τὸν
1717 2316 1825 2364 δῆμον
1853 2313 2133 2367 προσλαὸόμενος
2152 2314 2237 2351 πολ-

1194 2373 1275 2417 λοὺς
1290 2377 1358 2412 τῶν
1378 2373 1512 2411 ἱππέων
1532 2373 1713 2426 διέφθειρε.
1735 2372 1880 2411 Τούτων
1898 2372 1934 2410 δὲ
1951 2371 2041 2411 κατὰ
2061 2375 2124 2418 τὴν
2137 2370 2238 2409 πόλιν

1195 2431 1454 2485 πραττομένων,
1467 2435 1484 2470 ὁ
1504 2431 1644 2474 Σύλλας
1665 2431 1845 2483 βουληθεὶς
1860 2431 1917 2469 τὸν
1935 2430 2038 2483 ὄχλον
2052 2433 2114 2477 τῆς
2127 2431 2237 2482 ἐμφυ-

1195 2490 1269 2529 λίου
1291 2494 1449 2543 ταραχῆς
1475 2492 1691 2537 ἀποστῆσαι,
1720 2489 1938 2542 διεσοφίσατο
1958 2488 2119 2539 μηνύσεις
2145 2488 2240 2531 τινὰς

1196 2551 1235 2588 ἐκ
1265 2551 1332 2587 τῶν
1365 2549 1581 2601 πανταχόθεν
1614 2548 1792 2598 ὑπηκόων,
1834 2547 2020 2600 βαρὸάρων
2051 2545 2239 2599 ἐπιδρομὰς

1198 2607 1459 2661 ἐπιφαινούσας.
1481 2607 1554 2646 Καὶ
1570 2606 1693 2651 εὐθέως
1708 2606 1894 2645 ἀναλαὸὼν
1918 2605 2057 2644 ἅπαντα
2073 2604 2118 2644 τὰ
2132 2620 2238 2656 στρα-

1196 2667 1353 2717 τεύματα
1366 2697 1376 2716 ,
1402 2666 1594 2711 ἐπιστήσας
1618 2682 1655 2705 τε
1679 2667 1795 2710 αὐτοῖς
1814 2664 2025 2718 στρατηγοὺς
2038 2693 2049 2712 ,
2066 2667 2127 2703 τοῦ
2146 2677 2239 2702 παν-

1193 2725 1249 2769 τὸς
1261 2725 1411 2772 πλήθους
1427 2724 1490 2772 τὴν
1510 2726 1608 2763 πόλιν
1628 2723 1840 2772 ἀπήλλαξεν.

92 2889 199 2930 lisper
218 2891 367 2926 teneret,
385 2894 425 2923 ut
437 2892 518 2924 betti
532 2894 669 2926 socialis
684 2894 695 2934 (
709 2894 751 2926 de
772 2903 839 2936 quo
853 2894 1049 2932 diximus),
1066 2893 1159 2935 quod
1174 2895 1272 2925 intra
1286 2894 1434 2925 ltaliam
1445 2893 1728 2933 qestumsuerat‚
1747 2892 1907 2932 reliquiae
1926 2891 2146 2926 tollerentur,
2162 2890 2238 2921 Ma-

93 2938 169 2969 rius
193 2935 400 2976 adfectavit,
425 2941 465 2970 ut
489 2941 560 2980 ipse
583 2940 631 2972 ad
647 2941 774 2974 bellum
794 2940 1077 2974 Mithridaticum
1092 2942 1301 2973 mitteretur.
1323 2944 1437 2979 Quare
1459 2941 1556 2980 Sylla
1573 2941 1759 2972 commotus
1781 2947 1858 2970 cum
1872 2938 2027 2969 exercitu
2046 2936 2096 2968 ad
2116 2936 2238 2968 urbem

93 2984 197 3015 venit.
214 2983 290 3015 Illic
306 2987 427 3018 contra
449 2986 603 3019 Marium
616 2989 649 3019 et
665 2988 858 3029 Sulpicium
871 2989 1064 3022 dimicavit.
1083 2990 1224 3020 Primus
1236 2988 1357 3020 urbem.
1373 2989 1534 3019 armatus
1554 2988 1729 3027 inqressus
1746 2987 1795 3017 est
1804 2995 1817 3023 ‚·
1831 2984 2023 3024 Sulpicium
2039 2982 2235 3022 interfecit,

92 3028 411 3070 Mariumsuqavit.
427 3033 476 3064 Gt.
495 3034 628 3065 orosius
644 3037 685 3075 V,
706 3038 759 3075 193
780 3035 870 3068 Flor.
886 3038 949 3076 111,
964 3040 996 3068 21
1012 3046 1021 3075 ;
1036 3035 1199 3067 Plutarch.
1215 3036 1295 3066 Mar.
1311 3043 1339 3066 c.
1356 3037 1396 3067 34
1409 3042 1494 3074 sqq„
1512 3033 1590 3074 Syll.
1605 3041 1634 3067 c.
1651 3035 1667 3064 7
1682 3040 1752 3072 sqq.
1765 3041 1774 3071 ;
1789 3030 1922 3071 Appian.
1942 3031 1978 3061 B.
1994 3030 2030 3060 C.
2051 3031 2084 3068 Ι,
2101 3032 2138 3060 55
2152 3037 2237 3069 sqq.;

97 3075 166 3107 Liv.
179 3077 239 3116 Ep.
253 3079 304 3109 77.

134 3125 187 3156 Fr.
205 3129 256 3157 68.
275 3126 351 3157 Haec
363 3133 401 3158 ex
416 3126 516 3158 Dione
534 3128 642 3159 Cassio
654 3130 845 3169 transcripta
858 3139 927 3162 esse
941 3131 1040 3171 liquet
1055 3138 1096 3161 ex
1108 3128 1234 3160 duobus
1250 3128 1360 3161 Dionis
1377 3128 1558 3169 fragmentis
1570 3127 1716 3159 Vatican.
1731 3134 1763 3166 p.
1780 3130 1840 3157 550
1852 3133 1899 3164 sq.
1915 3123 1965 3155 ed.
1982 3123 2055 3154 Mai.
2073 3122 2128 3162 (v.
2144 3123 2235 3154 Dion.

93 3173 145 3202 ed.
161 3172 254 3203 Gros.
275 3172 356 3203 tom.
379 3173 427 3211 11,
443 3181 473 3213 p.
491 3176 550 3205 204
569 3182 638 3214 sqq.
650 3175 671 3213 ).
688 3175 784 3206 Plura
798 3176 911 3207 horum
926 3178 1020 3208 etiam
1041 3176 1235 3208 Plutarchus
1247 3177 1279 3208 in
1292 3176 1379 3216 Sylla
1391 3185 1419 3208 c.
1434 3181 1484 3208 3ο.
1507 3180 1545 3207 33
1559 3184 1628 3216 sqq.
1653 3174 1747 3206 simili
1759 3173 1852 3213 plane
1865 3172 1961 3204 modo
1973 3171 2113 3211 exponit.
2128 3172 2239 3210 Neque

93 3219 202 3250 tamen
211 3218 284 3250 hinc
298 3219 425 3259 colligas
434 3222 590 3252 Joannem
601 3230 729 3261 quoque
743 3223 948 3255 Plutarchum
962 3223 1155 3256 adhibuisse.
1169 3225 1249 3256 Nam
1263 3224 1386 3255 constat
1398 3222 1531 3254 Dionem
1543 3222 1575 3253 et
1594 3220 1798 3253 Plutarchum
1815 3218 2050 3259 quamplurima
2064 3225 2105 3248 ex
2123 3216 2233 3248 iisdem

95 3263 236 3296 hausisse
251 3264 408 3303 tontibus,
425 3265 504 3297 adeo
519 3268 557 3298 ut
577 3267 770 3299 verbotenus
791 3269 951 3301 interdum
969 3270 1178 3301 consentiant.
1193 3289 1235 3296 —
1252 3271 1296 3302 τὰ
1313 3269 1382 3310 μὲν
1402 3269 1511 3308 γὰρ...
1534 3268 1600 3305 τήν
1619 3267 1734 3304 ἄλλην
1749 3263 1938 3304 Ἰταλίαν]
1966 3265 2042 3295 Hinc
2069 3272 2133 3294 om.
2159 3265 2236 3294 Exc.

94 3311 240 3344 vatican.
258 3328 299 3334 —-
311 3312 419 3352 διέφθ
431 3323 488 3353 ειρ
498 3313 537 3354 ε]
554 3314 732 3354 ἐτιμωρεῖτο
756 3316 847 3347 Dion.
871 3319 948 3348 Exc.
964 3318 1036 3348 vat.
1049 3334 1090 3339 —
1113 3316 1252 3358 μερίδος]
1268 3316 1406 3352 στάσεως
1422 3318 1500 3347 Exc.
1518 3315 1591 3346 vat.
1607 3333 1647 3339 —
1660 3325 1677 3345 τ
1689 3314 1705 3345 ὸ
1727 3314 1763 3345 ἐν
1776 3313 1865 3345 Ἀλῧ.
1879 3310 2049 3352 χωρίον]
2067 3312 2239 3350 nucusque

95 3357 233 3397 pertinet
245 3358 385 3398 primum
407 3359 518 3399 fragm.
537 3361 739 3392 Vaticanum.
759 3362 905 3393 Alterum
921 3364 1029 3403 incipit
1041 3371 1060 3393 a
1077 3363 1182 3395 verbis
1195 3363 1436 3404 Ἀποδειχθέντος
1455 3362 1486 3394 δὲ
1500 3361 1619 3393 ὑπάτου
1636 3361 1772 3392 Λεπίδου
1785 3384 1794 3399 ,
1811 3358 2012 3399 pertinetque
2026 3365 2127 3396 usque
2147 3356 2186 3387 ad
2205 3365 2236 3387 v.

95 3407 158 3440 τοῖς
170 3405 237 3445 περὶ
254 3405 306 3436 τὸν
319 3406 495 3447 Πομπήιον,
509 3406 707 3438 -ὒπάτου
725 3408 922 3449 Λεπίδου]
935 3411 988 3440 ὑπ.
1005 3413 1060 3441 τοῦ
1073 3411 1152 3442 Λεπ.
1168 3411 1227 3443 Dio
1241 3412 1326 3443 Cass.
1342 3428 1382 3436 -
1394 3409 1594 3447 Κινήσεώς
1617 3418 1633 3439 τ
1644 3418 1658 3438 ε
1682 3407 1790 3443 αὖθις
1805 3404 1897 3446 κτλ.]
1916 3404 2005 3436 Unde
2018 3404 2087 3436 haec
2100 3405 2239 3435 Joanucs

97 3451 282 3494 arripuerit,
298 3461 420 3495 quoero.
706 3457 717 3474 '
