2326 3724
159 225 232 260 170

154 305 240 359 κρέα
255 302 348 361 [ἀλλ’
364 305 478 360 ἡπερὶ
491 305 622 346 τούτων
613 307 812 380 ωυπόνοια].
827 303 900 349 ῗΗν
911 309 946 348 δὲ
960 310 1201 364 φιλυπόδοχος,

154 364 214 403 καὶ
249 363 306 403 διὰ
335 363 375 404 τὸ
408 355 556 410 νοσῶδες
591 382 653 413 της
686 366 866 421 Ἐρετρίας
899 368 1010 407 πλείω
1042 371 1200 421 συνάγων

155 422 348 474 συμπόσια.
389 425 566 476 Προσεῖχε
608 424 643 462 δὲ
692 425 856 487 ὉμήρῳΜ
885 427 946 465 καὶ
982 433 1051 471 τοῖς
1099 430 1200 478 μελι-

152 487 247 530 κοῖς,
276 497 351 519 ειτα
373 483 545 535 Σοφοκλεῖ
570 483 630 521 καὶ
659 483 810 536 Ἀχαιῶ,
829 488 859 538 ῳ
877 485 994 524 καὶτὸ
1010 487 1200 539 δευτερεῖον

155 541 189 578 ἔν
225 545 295 584 τοῖς
327 540 515 593 Σατύροις,
554 543 721 596 Αἰσχύλῳ
749 543 785 581 δὲ
812 543 851 581 τὸ
876 551 1045 597 πρωτεῖον
1076 545 1199 583 ἀπεδί-

156 599 230 639 δου.
248 598 343 652 Πρὸς
358 603 439 651 γοῦν
456 599 533 644 τοὺς
545 602 906 653 ἀντιπολιτευομένους
923 607 1035 642 ταῦτα
1048 604 1199 657 προεφέ-

154 673 252 710 ρετο·

233 769 390 801 Ἣλίσκετ’
407 769 466 811 ἆρα
479 770 532 802 καὶ
546 771 620 812 πρὸς
634 771 770 804 ἀσθενῶν
788 773 904 814 ταχὺς,

234 817 287 856 καὶ
302 817 376 858 πρὸς
387 817 522 858 χελώνης
536 817 622 854 ἀετὸς
637 818 748 859 βραχεῖ
759 819 872 861 χρόνῳ.

149 923 273 959 Ὶάῦτα
297 921 334 959 δέ
359 923 450 959 ἐστιν
471 922 611 974 Ἀχαιοῦ
643 924 682 960 ἐκ
705 925 766 970 τῆς
786 926 974 974 σατυρικῆς
994 923 1198 977 Ὀμφάλης·

150 978 239 1017 ὥστε
255 980 530 1032 προσπταίουσιν
548 983 578 1019 οἱ
595 981 752 1031 λέγοντες
766 1012 776 1029 ,
797 982 900 1020 αὐτὸν
921 983 1028 1032 μηδὲν
1049 987 1198 1035 ἀνεγνω-

151 1037 250 1075 κέναι
266 1038 357 1085 πλὴν
370 1055 432 1086 της
447 1039 636 1100 Ειέριπίδου
650 1041 824 1086 Μηδείας.
842 1041 1062 1080 Στίλπωνα’
1047 1045 1196 1080 επαινῶν

151 1096 238 1134 ἄλλο
262 1096 324 1147 μὲν
351 1096 447 1135 οὐδὲν
473 1101 548 1135 εἰπε
559 1097 678 1145 ,πλὴν
699 1097 751 1137 ὅτι
771 1100 971 1152 ἐλευθέριος.
989 1101 1050 1140 Ἐν
1068 1101 1103 1140 δὲ
1122 1102 1198 1146 ταῖς

151 1155 316 1202 ζητήσεσι
319 1171 336 1193 ν
354 1149 422 1193 ῶδε
446 1155 603 1207 μάχιμος
630 1160 685 1205 ἠν,
713 1160 760 1202 ὡς
779 1158 922 1196 ὑπώπια
942 1158 1054 1212 φέρων
1075 1160 1196 1212 ἀπῄει.

149 1213 256 1252 Οὕτω
285 1213 322 1252 δὲ
353 1209 442 1259 ησαν
465 1208 561 1259 ουτος
589 1215 648 1254 καὶ
673 1215 934 1263 Ασκληπιάδης
962 1217 1074 1271 φίλοι,
1107 1217 1197 1257 ωστε

152 1272 392 1324 Ἀρχεπόλιδος
420 1273 616 1326 τρισχιλίας
644 1275 758 1318 αὐτοῖς
783 1275 1058 1328 διαγράψαντος,
1077 1293 1199 1330 στηρι-

151 1331 312 1380 ζομένους
331 1330 412 1384 περὶ
431 1335 490 1370 τοῦ
511 1331 560 1376 τίς
581 1331 736 1385 δεύτερος
756 1333 842 1386 ἄρῃ,
858 1334 1045 1387 μηδέτερον
1059 1335 1195 1375 λαὸεῖν.

151 1387 319 1440 ”Εγημαν
335 1389 370 1428 δὲ
383 1395 565 1462 γυναῖκας,
581 1390 840 1439 Ἀσκληπιάδης
854 1391 918 1443 μὲν
931 1392 993 1440 τὴν
1009 1393 1194 1446 θυγατέρα,

149 1448 212 1495 τὴν
243 1448 279 1486 δὲ
307 1464 441 1501 μητερα
474 1449 704 1500 Μηνέδημος·
740 1450 891 1498 κάπειδὴ
925 1453 1129 1498 ἐτελεύτησε
1149 1456 1197 1506 τῷ

150 1506 391 1558 Ἀσκληπιάδῃ
428 1507 467 1545 τὸ
497 1506 651 1558 γύναιον,
681 1507 788 1546 ἔλαὸε
813 1507 852 1546 τὸ
877 1512 937 1547 τοῦ
969 1510 1196 1561 Μενεδήμου·

149 1564 276 1608 ἐκεῖνός
289 1581 326 1603 τε
344 1560 406 1613 αὖ,
427 1565 546 1613 ἐπιδ-λι
563 1565 719 1618 προῦστη
738 1583 799 1613 της
815 1567 1010 1619 πολιτείας,
1028 1569 1198 1608 πλουσίαν

147 1623 288 1674 ἔγημεν·
307 1624 475 1677 ἐπέτρεψε
505 1623 624 1675 μέντοι
651 1624 714 1672 τὴν
744 1629 805 1673 τῆς
833 1626 942 1670 οἰκίας
962 1627 1130 1674 διοίκησιν
1150 1643 1193 1679 τῃ

146 1683 298 1736 προτέρᾳ
332 1683 484 1732 γυναικί.
515 1684 573 1723 Τὰ
607 1683 642 1722 δὲ
675 1685 855 1735 συμπόσια
888 1685 998 1730 οὕτως
1031 1688 1196 1725 ἐποιεῖτο·

147 1741 343 1794 προηρίστα
374 1741 464 1792 μετὰ
484 1743 577 1780 δυοῖν
608 1742 630 1789 ἢ
663 1745 767 1796 τριῶν
789 1745 821 1787 ἐς
855 1743 872 1782 ὃ
899 1743 1051 1797 βραδέως
1069 1739 1111 1792 ἦν
1138 1749 1199 1793 τ’ῆς

146 1799 300 1852 ἡμέρας,
325 1800 446 1839 ἔπειτά
471 1817 522 1844 τις
551 1801 668 1839 ἐκάλει
697 1801 775 1845 τοὺς
791 1803 1106 1855 παραγενομένους,
1138 1805 1198 1842 καὶ

146 1858 270 1902 αὐτοὺς
292 1858 360 1906 ἤδη
383 1859 647 1907 δεδειπνηκότας
659 1875 668 1884 ·
687 1859 798 1908 ὥστε,
817 1861 850 1899 εἴ
865 1877 915 1906 τις
945 1861 1036 1900 ἔλθοι
1053 1866 1174 1901 θᾶττον
1186 1893 1197 1913 ,

146 1916 388 1968 ἀνακάμπτων
409 1918 617 1956 ἐπυνθάνετο
639 1934 708 1956 των
738 1919 912 1967 ἐξιόντων,
943 1919 977 1958 τί
1008 1920 1060 1967 εἴη
1082 1937 1199 1973 παρα-

147 1976 318 2024 κείμενον,
338 1975 399 2014 καὶ
432 1979 507 2020 πῶς
526 1975 601 2028 ἔχοι
618 1980 678 2015 τοῦ
694 1977 832 2029 χρόνου.
861 1980 904 2017 Εἰ
925 1977 988 2029 μὲν
1016 1995 1073 2017 ουν
1087 1979 1199 2032 λάγα-

146 2049 202 2071 νον
223 2038 264 2082 ἠν
297 2034 319 2080 ἢ
353 2034 496 2087 τάριχον
510 2065 520 2082 ,
558 2034 779 2088 ἀνεχώρουν,
803 2038 832 2074 εἷ
863 2036 900 2074 δὲ
919 2036 1096 2089 κρεάδιον,
1121 2041 1195 2077 εἰσ-

146 2092 268 2144 ῄεσαν.
299 2086 370 2131 ῗΗν
391 2092 427 2130 δὲ
442 2097 502 2132 τοῦ
521 2092 584 2142 μὲν
604 2094 720 2146 θέρους
739 2095 895 2148 ψίαθος’
879 2095 937 2133 επὶ
964 2098 1032 2134 τῶν
1053 2098 1193 2145 κλινῶν,

145 2167 206 2190 του
227 2150 263 2189 δὲ
281 2154 453 2204 χειμῶνος
473 2152 612 2203 κώδιον,
629 2155 918 2227 προςκεφάλαιον
920 2156 950 2193 δ’
966 2157 1060 2193 αὑτῶ
1084 2155 1197 2210 φέρειν

87 2226 90 2229 ·
146 2208 228 2249 ἔδει
249 2210 301 2249 Τό
329 2225 367 2248 τε
399 2210 650 2261 περιαγόμενον
680 2212 844 2264 ποτήριον
884 2213 922 2250 06
951 2215 1066 2263 μεῖζον
1094 2229 1197 2252 κοτυ·

149 2267 282 2306 λιαίου·
300 2269 467 2321 τράγημα
484 2269 640 2322 θέρμος
621 2287 643 2316 η
661 2270 811 2322 κύαμος,
833 2271 906 2310 ἔστι
927 2272 957 2310 δ’
977 2270 1034 2310 ὅτε
1050 2274 1110 2310 καὶ
1129 2275 1196 2310 τῶν

145 2327 259 2379 ὡρίων
277 2327 376 2372 ἄπιος
396 2327 418 2375 ἢ
441 2328 517 2381 ῥοιὰ
536 2328 558 2376 ἢ
579 2329 681 2381 ὄχναι
706 2332 748 2380 (l.
771 2332 898 2382 ὠχροι)
917 2329 939 2377 ἢ
960 2331 1001 2378 νὴ
1020 2331 1074 2369 Δί’
1094 2332 1197 2384 ἰσχά-

146 2386 211 2428 δες.
232 2386 423 2439 Λυκόφρων
445 2387 480 2425 δὲ
497 2387 634 2440 γράψας
650 2389 756 2427 αὐτοῦ
774 2389 959 2440 ἐγκώμιον,
977 2389 1058 2442 περὶ
1071 2390 1194 2429 τούτου

147 2443 264 2497 φησίν·

231 2556 288 2593 Ὡς
301 2556 336 2588 ἐκ
350 2555 495 2598 βραχείας
509 2556 611 2593 δαιτὸς
624 2558 644 2595 ἡ
659 2557 734 2599 βαιὰ
749 2558 835 2595 κύλιξ

232 2604 336 2640 αὐτοῖς
349 2605 507 2636 κυκλεῖται
525 2605 598 2646 πρὸς
613 2606 735 2646 μέτρον,
750 2605 895 2647 τράγημα
910 2605 942 2637 δὲ

228 2652 246 2682 ὁ
258 2651 473 2692 σωφρονιστὴς
489 2654 551 2688 τοῖς
565 2652 721 2693 φιληκόοις
733 2652 834 2693 λόγος.

144 2748 279 2789 Τοῦτόν
299 2765 384 2803 φασι
403 2750 579 2802 τυράννων
599 2750 766 2796 πολλάκις
783 2752 1012 2804 ἐλευθερῶσαι
1037 2751 1099 2799 τὴν
1125 2769 1194 2791 πα-

145 2807 262 2860 τρίδα·
280 2815 400 2861 φοιτᾶν
420 2814 501 2860 γοῦν
524 2809 583 2848 καὶ
602 2810 686 2864 πρὸς
704 2810 908 2860 Ἀντίγονον,
929 2811 988 2849 καὶ
1009 2811 1194 2863 βούλεσθαι

146 2868 376 2920 ἐλευθερῶσαι
406 2868 512 2906 πάλιν
545 2869 666 2916 αὐτήν·
696 2873 758 2908 τοῦ
790 2869 825 2907 δὲ
859 2868 909 2920 μὴ
942 2869 1110 2920 εἴκοντος,
1139 2871 1194 2909 ἐπ’

146 2925 297 2976 ἀθυμίας
329 2926 547 2974 ἀσιτήσαντα
582 2926 671 2966 ἑπτὰ
703 2930 844 2981 ἡμερῶν
871 2928 930 2966 τὸν
959 2928 1032 2980 βίον
1063 2930 1195 2980 μεταλ·

143 2984 261 3029 λάξαι.

201 3055 250 3080 43.
282 3042 506 3088 Μελισσος
535 3043 632 3096 ἔλεγε
660 3045 700 3083 τὸ
728 3050 797 3083 πᾶν
825 3045 965 3098 ἄπειρον
997 3049 1105 3093 εἶναι,
1133 3061 1193 3084 και

149 3100 382 3139 ἀναλλοίωτον
406 3117 466 3139 και
495 3102 655 3149 ἀκίνητον
683 3102 743 3141 καὶ
775 3102 810 3141 ἓν
841 3103 959 3154 όμοιον
992 3106 1106 3143 ἓαυτῶ
1134 3121 1194 3143 και

146 3160 300 3212 πλῆρες,
322 3160 457 3207 κίνησίν
477 3176 513 3198 τε
532 3161 580 3211 μὴ
597 3166 702 3210 εἶναι,
719 3163 830 3201 δοκεῖν
851 3140 887 3201 δὲ
907 3167 1007 3204 εἶναι.
1025 3163 1097 3203 Και
1114 3163 1193 3217 περι

147 3219 231 3255 θεῶν
249 3216 346 3269 ἔλεγε
364 3218 412 3268 μὴ
429 3219 497 3258 δεῖν
512 3220 781 3272 ἀποφαίνεσθαι,
808 3220 856 3272 μὴ
882 3220 949 3275 γὰρ
967 3216 1054 3261 εἶναι
1067 3225 1193 3275 γνῶσιν

147 3276 275 3317 αὐτῶν.

994 223 1238 265 HESYCHII
1268 226 1463 267 MILESII

1261 321 1348 352 ceret
1359 321 1464 361 ejusce
1487 321 1676 355 mutationis
1688 330 1822 356 causam
1840 331 1925 365 esse,
1939 325 1994 357 sed
2016 327 2243 369 praesumptam
2265 328 2305 362 de

1260 379 1322 411 illis
1345 379 1466 412 fatuam
1493 381 1676 422 opinionem
1696 382 1766 423 (11,
1796 386 1848 415 131
1879 392 1929 425 sq.
1946 384 1971 425 ).
1994 385 2130 418 Amabat
2153 388 2306 427 praeterea

1261 435 1399 478 hospites
1411 439 1496 479 apud
1511 448 1544 472 se
1557 440 1700 481 accipere
1715 450 1723 472 ε
1738 442 1770 473 et
1782 442 1859 482 quia
1873 451 1984 483 parum
1998 443 2134 476 salubris
2146 446 2214 477 erat
2227 447 2306 478 Ere-

1258 496 1339 536 tria,
1364 497 1512 530 convivia
1527 507 1611 540 saepe
1626 500 1770 540 cogebat.
1792 500 1970 533 Plurimum
1988 503 2128 534 Homero
2143 503 2257 536 tribuit
2274 505 2308 537 et

1259 552 1394 593 melicis,
1415 553 1529 587 deinde
1543 556 1692 596 Sophocli
1711 559 1744 590 et
1772 559 1911 600 Achaeo,
1926 560 1978 591 cui
1999 560 2033 592 in
2049 562 2167 601 Satyris
2189 570 2307 594 secun·

1258 611 1356 651 dum,
1378 613 1415 644 ut
1431 613 1578 655 AEschylo
1595 615 1772 657 principem
1796 618 1904 650 locum
1917 618 2023 659 dedit3
2037 619 2124 653 unde
2141 620 2174 652 in
2190 620 2305 654 adver-

1258 674 1363 702 santes
1375 670 1434 703 sibi
1451 673 1586 713 regenda
1602 675 1764 715 republica
1790 676 1858 708 haec
1867 677 2010 718 jactabat
2024 691 2031 710 ε

1328 783 1516 819 Quandoque
1526 784 1679 820 pernicem
1694 786 1774 822 capit
1784 787 1887 816 tardus
1897 789 1988 825 pede,

1329 828 1519 866 aquilamque
1532 830 1651 859 testudo
1660 831 1745 860 brevi
1761 834 1959 869 praeverterit.

1259 934 1341 964 Sunt
1364 935 1474 966 autem
1490 943 1532 967 ex
1559 936 1716 976 Omphale
1734 938 1871 978 satyrica
1893 939 2012 973 Achaei.
2031 943 2233 984 Quapropter
2253 944 2307 979 l'al·

1258 994 1382 1034 luntur,
1400 995 1455 1035 qui
1471 995 1549 1028 nihil
1576 997 1668 1029 illum
1685 998 1796 1039 legisse
1811 1001 1928 1040 praeter
1946 1010 2044 1034 unam
2061 1003 2221 1044 Euripidis
2242 1007 2307 1038 Me-

1257 1055 1351 1088 deam
1377 1056 1524 1089 dictitant
1541 1058 1610 1100 (ΙΙ,
1628 1062 1684 1092 133
1708 1069 1761 1102 sq,
1775 1061 1799 1101 ).
1815 1063 1925 1099 Quum
1949 1063 2126 1103 Stilponem
2147 1065 2304 1108 laudaret,

1257 1119 1344 1152 aliud
1354 1129 1418 1153 non
1434 1121 1528 1163 dixit,
1545 1132 1644 1164 quam
1660 1124 1748 1165 quod
1761 1125 1901 1158 liberalis
1915 1129 2009 1160 esset.
2027 1129 2064 1160 ln
2077 1130 2308 1169 quaestionibus

1257 1182 1338 1215 adeo
1351 1183 1524 1217 vehemens
1541 1185 1602 1218 fuit
1616 1186 1649 1219 et
1673 1195 1803 1228 pugnax
1814 1212 1824 1228 ‚
1850 1189 1888 1221 ut
1902 1197 1977 1221 cum
2001 1189 2256 1230 sugillationibus
2273 1192 2306 1224 in

1257 1247 1338 1280 facie
1371 1247 1548 1281 discederet
1579 1248 1648 1291 (ll,
1681 1251 1774 1290 136).
1794 1253 1875 1283 Tam
1897 1252 1987 1284 arcta
2004 1261 2082 1285 vero
2099 1253 2240 1286 amicitia
2253 1254 2306 1288 de·

1259 1311 1357 1344 vincti
1370 1314 1461 1345 erant
1479 1313 1545 1354 ipse
1563 1314 1596 1346 et
1617 1314 1832 1356 Asclepiades„
1851 1316 1900 1355 ut,
1923 1324 2025 1356 quum
2039 1317 2224 1359 Archepolis
2237 1327 2307 1359 per·

1258 1373 1433 1413 scripsisset
1447 1373 1508 1406 illis
1518 1375 1580 1407 tria
1593 1374 1820 1408 drachmarum
1841 1377 1954 1417 millia,
1971 1377 2152 1411 obfirmatis
2172 1380 2306 1420 animis,

1259 1437 1332 1468 uter
1343 1437 1485 1469 secundo
1503 1437 1574 1469 loco
1590 1438 1734 1479 tolleret,
1748 1440 1862 1472 neuter
1874 1440 2043 1482 acceperit.
2056 1443 2181 1474 Uxores
2196 1443 2306 1475 autem

1257 1498 1417 1532 duxerant
1431 1501 1637 1535 Menedemus
1650 1504 1786 1535 matrem
1797 1527 1806 1543 ,
1823 1503 1922 1536 filiam
1940 1505 2158 1546 Asclepiades;
2172 1514 2236 1547 qua
2251 1515 2306 1539 ex·

1257 1562 1390 1603 stincta‚
1411 1563 1591 1596 Menedemi
1610 1565 1777 1606 coniugem
1801 1566 1853 1598 hic
1875 1566 1934 1598 sibi
1950 1566 2098 1607 adjunxit
2106 1578 2116 1607 ς
2137 1567 2191 1600 ille
2209 1576 2304 1608 vero,

1255 1625 1321 1664 jam
1332 1626 1516 1666 reipublicae
1528 1627 1700 1667 praefectus
1709 1652 1718 1668 ‚
1732 1628 1918 1668 opulentam
1929 1628 2033 1669 duxit,
2045 1630 2198 1669 permissa
2209 1630 2304 1671 priori

1258 1684 1353 1716 uxori
1382 1685 1428 1716 rei
1461 1685 1625 1718 familiaris
1652 1687 1936 1720 administratione.
1967 1691 2068 1722 Porro
2083 1692 2242 1735 ‚convivia
2272 1692 2306 1724 in

1257 1745 1343 1777 hunc
1363 1746 1497 1778 modum
1516 1747 1663 1780 faciebat.
1692 1749 1783 1781 Prius
1795 1750 1862 1790 ipse
1886 1759 1960 1782 cum
1977 1751 2103 1783 duobus
2128 1753 2186 1785 aut
2203 1753 2306 1786 tribus

1259 1807 1452 1847 prandebat,
1468 1807 1546 1840 dum
1566 1809 1677 1841 diesin
1696 1819 1862 1851 vesperam
1875 1813 2019 1852 vergeret
2037 1826 2044 1845 :
2067 1814 2137 1844 tum
2151 1823 2227 1846 vero
2245 1823 2305 1847 vo·

1258 1868 1353 1901 cabat
1365 1869 1524 1911 quispiam
1544 1879 1598 1903 eos
1611 1871 1666 1912 qui
1687 1871 1902 1913 advenerant,
1920 1876 1952 1905 et
1964 1873 2049 1914 ipsos
2069 1874 2136 1915 iam
2149 1877 2304 1910 coenatos.

1258 1928 1369 1968 ltaque
1379 1928 1404 1960 si
1418 1928 1489 1969 quis
1505 1929 1598 1961 citius
1611 1930 1764 1969 venisset,
1792 1931 2042 1971 percontabatur
2057 1935 2213 1966 exeuntes
2228 1935 2307 1975 qnid

1238 2028 1243 2031 .
1258 1987 1340 2019 esse't
1361 1988 1541 2028 appositum
1567 1990 1600 2020 et
1614 1997 1688 2029 quae
1711 1990 1793 2021 esset
1809 1989 1872 2022 diei
1892 1990 1985 2023 hora.
2002 1991 2044 2023 Et
2058 1991 2084 2024 si
2101 1993 2230 2034 quidem
2254 1995 2305 2027 vel

1258 2045 1442 2077 olusculum
1465 2046 1516 2078 vel
1538 2046 1766 2078 salsamentum
1792 2047 1956 2089 quippiam
1979 2049 2160 2091 audissent,
2177 2052 2306 2084 recede·

1257 2104 1356 2145 bant3
1376 2105 1425 2137 sin
1440 2114 1517 2137 vero
1531 2114 1654 2146 carnes,
1671 2106 1943 2147 ingrediebantur.
1962 2108 2101 2141 Lectulis
2112 2111 2224 2143 aestate
2239 2112 2306 2143 sto-

1258 2173 1348 2204 reas,
1362 2164 1468 2196 hieme
1488 2173 1661 2197 vervecum
1674 2165 1773 2206 pelles
1799 2166 2056 2208 superponebat;
2074 2167 2129 2200 sed
2156 2168 2307 2209 pulvinar

1257 2222 1317 2255 sibi
1331 2231 1491 2264 quemque
1503 2223 1618 2256 afferre
1630 2224 1809 2265 oportebat.
1831 2225 1988 2257 Poculum
2005 2227 2093 2267 quod
2109 2226 2305 2269 circumage-

1257 2281 1363 2322 batur,
1383 2282 1490 2323 cotyla
1505 2283 1610 2323 maJus
1632 2292 1698 2315 non
1713 2284 1792 2316 erat.
1815 2285 1852 2316 ln
1880 2286 2022 2316 secunda
2048 2293 2158 2318 mensa
2177 2286 2306 2328 lupinus

1256 2340 1324 2373 sive
1342 2341 1426 2380 saba,
1454 2350 1686 2383 nonnunquam
1708 2351 1750 2375 ex
1772 2342 1929 2375 fructibus
1944 2343 2032 2384 pira,
2057 2344 2142 2377 mala
2169 2346 2303 2387 punica,

1256 2399 1370 2439 cicera,
1384 2401 1451 2433 sive
1461 2401 1621 2433 mehercle
1631 2401 1712 2433 ficus
1722 2410 1823 2442 passae
1838 2402 2092 2442 apponebantur.
2102 2403 2303 2452 Lycophron‚

1255 2459 1310 2500 qui
1324 2459 1407 2491 illius
1417 2459 1600 2492 encomium
1613 2460 1812 2501 conscripsit,
1828 2459 1869 2492 de
1883 2469 1922 2492 eo
1934 2460 1979 2493 sic
1988 2460 2032 2493 ait
2047 2473 2055 2492 :

1327 2565 1416 2592 Coena
1427 2564 1458 2592 in
1467 2563 1551 2593 brevi
1564 2564 1688 2600 pusillus
1698 2564 1863 2593 admodum
1873 2564 1949 2593 calix

1327 2609 1358 2637 in
1369 2610 1474 2639 orbem
1486 2611 1676 2645 obambulat,
1690 2612 1892 2646 tragematum
1905 2609 1999 2640 efficit

1327 2657 1424 2687 vicem
1434 2657 1570 2686 eruditus
1580 2665 1679 2687 sermo
1689 2665 1759 2687 cum
1770 2657 1919 2686 sodalibus
1931 2659 1940 2694 (
1954 2658 2018 2687 159.
2036 2657 2088 2687 ΗΟ
2102 2659 2123 2693 ).

1256 2755 1353 2789 Aiunt
1364 2756 1455 2788 illum
1475 2757 1611 2798 patriam
1628 2765 1647 2788 a
1660 2757 1805 2798 tyrannis
1823 2766 1888 2790 non
1910 2759 2009 2791 semel
2032 2757 2183 2791 liberasse
2194 2782 2203 2798 ‚
2217 2758 2303 2790 etad

1255 2815 1448 2856 Antigonum
1464 2824 1498 2848 se
1511 2815 1687 2848 contulisse
1696 2839 1706 2855 ,
1722 2816 1924 2857 voluisseque
1938 2817 2027 2849 illam
2041 2817 2158 2849 iterum
2171 2817 2303 2850 reddere

1254 2873 1386 2906 liberam
1396 2885 1406 2914 3
1437 2873 1492 2906 sed
1521 2883 1622 2915 quum
1650 2874 1703 2906 ille
1743 2874 1828 2906 flecti
1860 2884 1925 2907 non
1953 2876 2078 2916 posset,
2111 2884 2178 2916 prae
2205 2875 2302 2907 animi

1256 2942 1410 2974 moerore,
1436 2934 1607 2974 postquam
1636 2934 1757 2974 septem
1779 2933 1847 2966 dies
1870 2933 2008 2965 inediam
2033 2934 2222 2975 tolerasset,
2236 2934 2302 2966 vita

1254 2991 1424 3024 excessisse
1439 2992 1516 3033 (143
1531 2992 1553 3031 ).

1295 3053 1348 3083 43.
1363 3051 1524 3083 Melissus
1546 3049 1675 3082 dicebat
1693 3049 1910 3082 universitatis
1925 3058 2043 3090 corpus
2057 3059 2126 3082 esse
2139 3049 2300 3082 inlinitum

1253 3118 1292 3142 ac
1316 3109 1505 3141 mutationis
1520 3110 1692 3149 motusque
1707 3117 1838 3149 expers,
1855 3110 1888 3141 et
1904 3117 2005 3140 unum
2030 3108 2091 3141 sibi
2115 3108 2174 3149 ipsi
2197 3108 2302 3142 simile

1253 3177 1291 3201 ac
1303 3169 1433 3209 plenum
1447 3181 1455 3200 :
1467 3169 1592 3199 motum
1610 3176 1674 3199 non
1687 3176 1754 3199 esse
1766 3191 1774 3205 ‚
1790 3167 1846 3199 sed
1868 3167 1978 3199 videri.
1995 3169 2042 3199 De
2056 3167 2116 3199 deo
2129 3167 2207 3199 nihil
2232 3175 2300 3199 esse

1254 3229 1343 3260 certo
1355 3226 1562 3262 statuendum
1580 3227 1613 3258 et
1627 3225 1874 3258 asseverandum
1890 3226 2041 3258 censebat
2049 3237 2060 3267 ;
2076 3226 2199 3258 nullam
2213 3225 2299 3258 enim

1253 3286 1322 3327 ejus
1336 3294 1403 3319 esse
1416 3285 1629 3327 cognitionem
1647 3285 1706 3326 (D.
1721 3286 1777 3325 lx,
1790 3287 1827 3317 24
1841 3284 1865 3325 ).

1321 3371 1335 3389 Ο
