2372 3704
365 206 684 256 NICOMACHI,
714 206 996 246 NICOMEDIS
1027 206 1289 256 AGANTHH,
1323 207 1631 248 NICOCRATIS
1661 210 1998 252 FRAGMENTA.

148 297 263 346 Apud
281 297 399 334 schol.
421 297 586 332 Platonis
600 309 640 343 p.
669 295 740 332 381
764 296 884 333 Bekk.
914 296 962 332 de
988 308 1146 344 prover-

89 356 164 393 hio
195 353 358 393 Γλαύκου
378 351 484 406 τέχνη
523 353 582 403 (v.
602 355 745 391 Zenob.
780 355 833 400 11,
862 354 932 404 91)
971 353 1149 390 laudatur

101 404 326 464 Rptozdfievoq
354 413 389 450 ἐν
405 413 457 464 ’τῷ
478 411 568 464 Περὶ
597 413 660 459 τῆς
681 414 851 462 μουσικῆς
869 411 1070 464 ἀκροάσεως
1089 410 1150 449 καὶ

98 471 277 517 Νικοκλῆς
307 471 508 522 (Τιμοκλῆς
527 472 615 510 cod.
637 471 689 522 A)
717 472 751 509 ἐν
778 472 828 524 τῷ
864 469 955 524 Περὶ
987 469 1145 523 θεωρίας.

100 530 166 580 (V.
186 531 402 570 Aristoxeni
415 531 462 570 fr.
495 530 580 581 77.)
597 532 669 568 Hic
691 531 846 569 fortasse
873 544 953 567 non
984 532 1152 568 diversus

100 596 155 627 est
169 590 217 627 ab
237 602 281 628 eo
291 618 302 637 ‚
325 591 392 639 qui
402 590 450 627 de
467 591 593 639 Spart.
612 590 827 640 Republica
843 592 1005 639 scripsit.

152 649 340 698 Etym.M.
357 662 398 698 p.
416 647 505 697 715,
528 648 577 686 28
603 662 610 685 :
636 647 802 701 Σκάλοψ,
818 650 836 686 ὁ
853 647 992 693 σπάλαξ
1009 647 1151 699 λέγεται

101 704 198 758 παρὰ
233 705 418 754 Ἀττικοῖς,
448 705 508 744 καὶ
540 705 632 758 λέγει
668 708 844 752 Νικοκλῆς
885 706 1085 753 σκάλοπας,
1106 708 1152 748 ὡς

100 763 187 816 παρ’
209 763 468 818 Ἀριστοφάνει·
489 767 506 802 ὁ
522 765 810 816 κεκαλυμμένους
827 764 917 818 ἔχων
938 765 1017 809 τοὺς
1030 765 1132 808 ὄπας.

152 823 263 860 Hunc
291 825 488 862 Nicoclem
522 826 718 862 Fabricius
746 826 908 862 eundem
929 838 1004 862 esse
1025 826 1153 862 statuit

99 895 188 918 cum
206 883 362 919 Nicocle
381 885 555 930 Lacone,
577 885 844 933 grammatico,
866 885 1007 920 Juliani
1033 885 1151 932 impe·

99 943 237 979 ratoris
248 950 496 992 praeceptore,
508 945 564 979 uti
576 945 692 980 tradit
705 945 957 989 Socrateslll,
976 957 988 979 ι
999 972 1009 992 ,
1023 957 1063 992 p.
1081 943 1151 979 165

100 1002 185 1038 Par.

518 1099 736 1113 ——Qw—

151 1178 475 1215 NICOMACHUS
507 1177 585 1229 περὶ
606 1179 732 1229 ἑορτῶν
761 1177 964 1229 Αἰγυπτίων
990 1180 1152 1235 scripsit.

103 1236 194 1274 Vide
211 1238 431 1275 Manethon.
451 1237 497 1273 fr.
519 1238 582 1283 82,
605 1245 699 1273 tom.
717 1239 771 1284 II,
789 1251 827 1287 p.
847 1238 938 1276 615.

522 1351 744 1367 &OOC——

172 1436 594 1495 NICOMEDES
634 1436 1082 1495 ACANTHIUS.

454 1555 801 1594 ΜΑΚΕΔΟΝΙΚΑ.

616 1652 646 1675 Ι.

155 1709 355 1745 Athenaeus
370 1711 418 1755 V,
441 1722 483 1758 p.
517 1723 609 1759 217,
631 1711 665 1746 D
690 1723 697 1744 :
723 1707 922 1760 Περδίκκας
950 1706 1062 1745 τοίνυν
1091 1707 1159 1760 πρὸ

104 1765 293 1819 Ἀρχελάου
319 1765 518 1818 βασιλεύει,
543 1768 589 1810 ὡς
618 1766 680 1818 μὲν
701 1769 718 1804 ὃ
746 1766 922 1811 Ἀκάνθιός
942 1781 1027 1819 φησι
1050 1768 1156 1806 Νικο-

105 1825 239 1877 μήδης,
261 1823 320 1872 ἔτη
339 1826 602 1878 τεσσαράκοντα
619 1824 671 1862 ἕν·
692 1826 908 1875 Θεόπομπος
922 1824 957 1863 δὲ
973 1825 1158 1878 τριάκοντα

106 1882 229 1935 πέντε,
248 1883 469 1934 Ἀναξιμένης
493 1883 754 1936 τεσσαράκοντα
768 1914 778 1930 ,
804 1883 1010 1935 Ἱερώνυμος
1030 1883 1157 1922 εἴκοσιν

109 1941 203 1981 ὀκτὼ
214 1971 225 1990 ,
246 1943 423 1995 Μαρσύας
442 1943 478 1982 δὲ
495 1944 556 1982 καὶ
570 1942 767 1994 Φιλόχορος
789 1941 898 1980 εἴκοσι
914 1942 1006 1993 τρία.

163 2011 260 2050 Cum
280 2008 491 2046 Nicomede
511 2005 699 2042 consentit
719 2004 798 2040 fere
817 2005 871 2041 M.
893 2004 981 2040 Par.
1007 2015 1067 2051 ep.
1093 2001 1163 2047 58,

111 2071 300 2107 Perdiccae
317 2068 489 2104 tribuens
507 2078 571 2103 an.
592 2069 655 2107 40.
673 2063 899 2100 Nicomedes
914 2063 974 2098 vel
987 2062 1165 2097 Macedo·

83 2118 238 2167 *nicam
265 2128 464 2164 historiam
498 2132 672 2161 tractasse
700 2124 760 2159 vel
781 2122 965 2159 chronica
997 2133 1165 2169 compo-

112 2191 223 2226 suisse
243 2188 406 2225 videtur.

412 2263 871 2306 AAKEAAIMONIKA.‘

160 2349 288 2387 Schol.
324 2351 416 2387 Ven.
449 2351 488 2385 in
518 2351 648 2398 Eurip.
683 2351 869 2386 Androm.
899 2354 946 2392 24
980 2362 1025 2385 ex
1054 2350 1160 2397 Lysi·

107 2408 232 2443 machi
245 2404 389 2445 Νόστων
401 2408 499 2443 libro
517 2409 685 2444 secundo
698 2409 743 2445 de
755 2409 998 2457 Neoptolemi
1008 2409 1163 2444 Molossi

108 2466 289 2514 prosapia
310 2466 442 2502 laudat
472 2467 686 2502 Proxenum
708 2467 766 2515 (in
783 2465 1010 2516 Epiroticis)
1038 2474 1076 2502 et
1105 2465 1162 2503 τὸν

83 2548 85 2550 >
112 2521 288 2562 Ἀκάνθιον
309 2523 521 2574 Λυκομήδην
542 2525 634 2574 (scr.
658 2524 886 2575 Νικομήδην)
905 2527 939 2562 ἐν
953 2526 1023 2568 τοῖς
1043 2528 1164 2563 Λακε-

110 2582 333 2632 δαιμονικοῖς.
374 2584 500 2620 Verba
541 2585 673 2620 scholii
711 2597 746 2621 ν.
783 2585 823 2619 in
859 2585 1076 2632 Lysimachi
1114 2584 1141 2619 fi

458 2716 810 2755 MACEDONICA.

153 2796 235 2826 Ante
251 2794 443 2827 Archelaum
459 2799 568 2836 regnat
582 2796 749 2830 Perdiccas
759 2806 899 2838 ,annos,
914 2800 950 2829 ut
969 2798 1098 2838 quidem
1113 2798 1165 2830 Ni-

113 2846 260 2879 comedes
271 2848 445 2881 Acanthius
457 2849 524 2887 ait,
535 2858 589 2881 xu
609 2862 616 2881 :
633 2850 862 2891 Theopompus
875 2860 950 2882 vero
967 2851 1030 2891 ait,
1047 2859 1136 2882 xxxv
1156 2864 1162 2882 :

113 2899 337 2940 Anaximenes,
366 2909 430 2932 xc:
455 2901 691 2942 Hieronymus,
712 2909 815 2934 xxviii
842 2913 848 2934 :
870 2904 1013 2943 Marsyas
1037 2912 1114 2934 vcro
1134 2904 1165 2934 et

115 2951 341 2993 Philochorus,
363 2962 453 2985 xxm.

477 3030 544 3069 DE
573 3029 796 3070 ORPHEO.

600 3117 610 3123 ·
621 3109 655 3142 2.

158 3171 240 3203 Novi
258 3171 356 3203 etiam
374 3171 461 3203 aliud
481 3172 732 3206 instrumentum
746 3199 755 3214 ‚
775 3184 840 3215 quo
858 3176 1018 3208 Thracum
1035 3186 1122 3217 reges
1135 3177 1166 3208 in

117 3222 272 3255 conviviis
288 3223 436 3264 utuntur,
449 3225 485 3256 ut
500 3224 544 3256 ait
558 3224 746 3258 Nicomedes
756 3227 787 3258 in
804 3227 886 3259 libro
903 3230 950 3260 De
963 3228 1102 3269 Orpheo.

218 3465 407 3490 FRAGMENTA
428 3468 550 3491 ElSTOR.
568 3469 620 3492 GR.
642 3479 678 3486 -
698 3472 768 3495 VOL-
791 3473 833 3495 lv.

496 3620 514 3639 Ι

1138 2597 1160 2621 “.
1225 2581 1400 2633 γίνεσθαι,
1419 2581 1470 2619 διὸ
1487 2581 1575 2631 μηδὲ
1593 2581 1847 2634 προσπελάζειν
1867 2582 1956 2619 τινά.

2188 218 2290 271 405-

1219 295 1281 344 13,
1298 303 1387 332 tom.
1401 299 1467 343 ΙΙΙ,
1481 310 1521 346 p.
1546 297 1629 334 338.
1646 298 1821 336 Ceterum
1836 300 1883 335 de
1897 302 2150 337 Molossorum
2171 303 2273 349 regi-

1214 354 1285 390 bus
1295 367 1413 403 quum
1430 356 1469 391 in
1479 357 1679 392 Laconicis
1689 358 1802 393 rebus
1814 361 2090 408 auctor'egerit,
2104 361 2270 409 suspicio

1216 422 1271 451 est
1303 427 1431 451 ansam
1454 417 1509 451 rei
1527 416 1671 452 dedisse
1695 418 1831 464 Pyrrhi
1862 419 1899 453 in
1930 419 2191 468 Peloponneso
2212 432 2271 456 res

1215 481 1335 522 gestas
1354 482 1467 522 atque
1483 475 1644 513 obitum.
1662 477 1716 511 Ac
1732 475 1884 512 fortasse
1898 477 2137 522 Nicomedes,
2160 479 2274 514 sicuti

1214 534 1422 577 Proxenus,
1435 534 1647 581 aequalibus
1654 535 1787 582 Pyrrhi
1800 536 2050 571 accensendus
2063 544 2131 573 est.
2146 537 2276 583 Quan-

1215 603 1328 640 quam
1342 593 1470 628 neseio
1485 593 1688 628 an¹rectius
1700 606 1772 640 pro
1789 593 1921 632 Λακεδ.
1937 594 2179 633 scribendum
2202 608 2275 644 pu-

1216 657 1270 686 tes
1298 648 1539 688 Μακεδονικά.
1566 651 1785 687 Eorundem
1815 653 2014 687 titulorum
2045 653 2276 689 confusionis

1217 710 1391 758 exempla
1415 709 1534 745 habes
1548 711 1585 745 in
1606 710 1760 746 Duridis
1778 710 1824 746 fr.
1847 710 1895 747 28
1914 718 1994 749 not.

1563 909 1682 947 ΠΕΡΙ
1710 909 1933 947 ΟΡΦΕΩΣ.

1730 1008 1766 1032 2.

1271 1078 1466 1114 Athenaeus
1483 1078 1583 1123 XIV,
1604 1091 1645 1126 p.
1663 1076 1754 1123 637,
1774 1080 2046 1126 A,postqua1n
2066 1077 2113 1114 de
2128 1076 2280 1126 magadi

1218 1143 1255 1171 et
1267 1136 1419 1184 pectide
1432 1143 1574 1185 egerat,
1591 1137 1743 1185 pergit:
1765 1106 1857 1173 Οἶδα
1874 1133 1909 1172 δὲ
1930 1133 1990 1172 καὶ
2011 1133 2133 1172 ἄλλο”
2113 1149 2274 1186 οργανον,

1219 1195 1247 1230 ὡ
1273 1209 1342 1231 των
1362 1195 1515 1246 Θρᾳκῶν
1544 1196 1574 1231 οἱ
1605 1195 1759 1245 βασιλεῖς
1788 1195 1822 1232 ἐν
1847 1194 1916 1237 τοῖς
1936 1192 2083 1237 δείπνοις
2102 1208 2277 1245 χρωντοιι,

1219 1252 1265 1295 ὥς
1285 1268 1369 1306 φησι
1390 1252 1628 1302 Νικομήδης
1613 1269 1647 1291 εν
1669 1254 1717 1305 τῷ
1734 1252 1823 1304 Περι
1840 1252 2009 1304 Ὀρφέως.

1638 1407 1855 1421 --οκοὲθ

1507 1486 1990 1544 NICOCRATES.

1330 1608 1450 1646 ΠΕΡΙ
1479 1608 1583 1646 ΤΟΥ
1613 1608 1678 1646 EN
1709 1607 1924 1647 ΕΑΙΚΩΝΙ
1947 1607 2165 1647 ΑΙῺΝΟΣ.

1275 1700 1402 1740 Schol.
1426 1702 1476 1738 ad
1495 1703 1611 1737 Hom.
1638 1703 1684 1739 11.
1707 1716 1739 1747 ν,
1776 1715 1820 1738 21
1850 1716 1858 1738 z
1882 1700 1945 1740 Ἐν
1970 1702 2102 1752 ΑἰγαῖςΔ
2122 1703 2183 1747 τῆς
2206 1702 2278 1740 Εὖ-

1223 1758 1320 1803 ὅοίας
1338 1758 1519 1812 παράδοξα
1539 1759 1655 1798 πολλὰ
1671 1760 1817 1811 γίνεται.
1836 1759 1941 1800 Κατὰ
1954 1759 2021 1812 γὰρ
2043 1759 2105 1804 τὰς
2122 1759 2279 1807 ἐτησίους

1221 1820 1281 1854 τοῦ
1316 1816 1483 1856 Διονύσου
1523 1816 1680 1864 τελετὰς,
1719 1819 1952 1870 ὄργιαζουσῶν
1990 1820 2058 1856 τῶν
2099 1818 2277 1868 μυστίδων

1222 1878 1407 1928 γυναικῶν,
1427 1876 1680 1929 βλαστάνουσιν
1697 1879 1732 1914 αἱ
1748 1876 1996 1922 καλούμεναι’
1980 1876 2147 1929 εφήμεροι
2162 1877 2279 1927 ἄμπε-

1223 1936 1297 1983 λοι,
1318 1933 1445 1978 αἵτινες
1458 1934 1563 1973 ἕωθεν
1575 1933 1638 1985 μὲν
1655 1935 1717 1979 τὰς
1731 1937 1799 1974 τῶν
1813 1937 1958 1988 καρπῶν
1976 1934 2121 1979 εκὸολὰς
2138 1951 2277 1992 notovit:

1226 2009 1305 2040 ται,
1329 1987 1388 2031 εἰτ’
1411 1997 1455 2031 αὐ
1473 1993 1578 2031 πάλιν
1600 1993 1748 2046 βότρυας
1774 1994 1989 2068 βαουτάτρυς
2007 1994 2078 2043 (καὶ
2097 1993 2192 2046 τους)
2210 1993 2279 2046 πρὸ

1225 2067 1266 2101 με
1271 2051 1447 2102 σημὸρίας
1461 2051 1682 2100 πεπαίνουσι,
1702 2052 1791 2091 ὥστε
1804 2052 1888 2105 πρὸς
1903 2051 1966 2099 τὴν
1980 2052 2130 2105 ἑσπέραν
2151 2052 2279 2104 δρεπό-

1225 2125 1321 2161 μενοι
1350 2110 1502 2162 ἄκρατον
1524 2117 1688 2163 χορηγεῖν
1721 2111 1862 2163 δαψιλὲς
1891 2117 1967 2155 ταῖς
1993 2110 2063 2150 ἀπὸ
2094 2115 2152 2149 τοῦ
2173 2115 2280 2164 χοροῦ

1223 2168 1416 2222 παρθένοις.
1439 2169 1601 2220 Οὐδεμία
1633 2169 1669 2208 δὲ
1693 2169 1804 2208 ἔνδεια
1825 2170 1957 2221 γίνεται
1990 2169 2047 2208 ὑπ’
2073 2170 2180 2207 αὐτοῦ
2197 2168 2274 2207 κατ’

1225 2228 1394 2280 ἐχομένην
1410 2227 1474 2275 τὴν
1492 2228 1641 2282 ἡμέραν,
1660 2230 1739 2267 ἀλλ’
1756 2229 1874 2273 ὁσάκις
1893 2227 2131 2275 ἀναλίσκεται,
2152 2242 2280 2266 τοσαυ-

1223 2287 1322 2330 τάκις
1350 2286 1588 2341 δαψιλεύεται.
1616 2287 1837 2341 Νικοκράτης
1871 2287 1907 2326 δὲ
1939 2290 1972 2325 ἐν
1991 2290 2040 2341 τῷ
2061 2286 2148 2338 Περὶ
2166 2289 2226 2324 τοῦ
2243 2288 2278 2324 ἐν

1226 2345 1392 2385 Ἑλικῶνι
1412 2349 1543 2396 ἀγῶνος
1561 2348 1598 2385 οὐ
1622 2346 1751 2391 ταύτας
1774 2347 1859 2400 φησὶ
1877 2346 1937 2390 τὰς
1956 2346 2066 2398 Αἰγὰς
2093 2345 2205 2395 λέγειν
2220 2345 2279 2383 τὸν

1225 2405 1386 2452 ποιητὴν,
1400 2406 1480 2443 ἀλλ’
1494 2406 1614 2458 ἑτέραν
1632 2405 1708 2443 τινὰ
1729 2408 1832 2452 νῆσον
1850 2407 1883 2443 ἐν
1898 2408 1948 2458 τῷ
1960 2404 2098 2457 Αἰγαίῳ
2114 2403 2279 2454 πελάγει,

1225 2464 1304 2517 περὶ
1322 2463 1363 2511 ἣν
1387 2463 1447 2502 καὶ
1472 2463 1749 2517 παραδοξολογία
1775 2480 1825 2507 τις
1854 2458 1943 2502 εἶναι
1971 2462 2173 2514 μυθεύεται·
2200 2461 2280 2506 τοὺς

1223 2523 1291 2576 γὰρ
1311 2522 1606 2575 προσορμίζοντας
1629 2526 1672 2576 τῇ
1693 2523 1788 2576 νήσῳ
1811 2523 1932 2566 νυκτὸς
1952 2522 2109 2564 ἅπαντας
2134 2521 2277 2574 ἀφανεῖς

1440 2713 1508 2751 DE
1536 2712 1685 2750 LUDIS
1708 2712 1761 2750 IN
1790 2711 2061 2750 HELICONE.

1268 2794 1302 2823 ln
1322 2793 1406 2833 AEgis
1421 2793 1550 2824 Euboeae
1565 2793 1644 2824 mira
1661 2793 1763 2824 multa
1777 2792 1867 2823 fiunt.
1885 2793 1965 2823 Nam
1983 2791 2060 2822 dum
2077 2799 2185 2822 annua
2200 2791 2278 2821 Bac-

1230 2844 1281 2875 chi
1317 2846 1467 2885 mysteria
1493 2846 1644 2884 aguntur,
1675 2845 1890 2884 mulieresque
1916 2843 2049 2874 initiatae
2080 2843 2168 2885 orgia
2196 2842 2279 2873 cele-

1225 2897 1336 2937 brant,
1350 2898 1530 2937 germinant
1550 2898 1633 2929 vites
1649 2898 1846 2937 ephemerae,
1867 2905 1946 2937 quas
1963 2897 2089 2927 vocant.
2108 2898 2188 2933 Quae
2204 2895 2279 2935 qui-

1225 2949 1299 2981 dem
1316 2958 1410 2980 mane
1427 2950 1590 2980 fructuum
1608 2949 1697 2980 initia
1714 2950 1897 2989 proferunt,
1931 2947 2046 2979 deinde
2063 2956 2141 2978 uvas
2159 2947 2279 2986 gravis-

1225 3001 1341 3038 simas,
1371 3009 1443 3040 quae
1467 3002 1542 3032 ante
1569 3000 1735 3032 meridiem
1759 3000 1800 3031 ad
1825 3000 2044 3031 maturitatem
2070 2998 2278 3040 perveniunt,

1226 3052 1305 3083 adeo
1319 3054 1354 3083 ut
1368 3052 1510 3083 collectae
1521 3060 1630 3083 versus
1647 3059 1811 3091 vesperam
1826 3051 1946 3082 lautam
1962 3050 2042 3082 meri
2055 3050 2178 3090 copiam
2191 3049 2279 3080 chori

1226 3103 1400 3143 virginibus
1430 3103 1642 3143 suppeditent.
1667 3105 1777 3143 Neque
1805 3111 1949 3144 unquam
1976 3111 2031 3143 per
2056 3102 2140 3133 diem
2159 3100 2278 3139 deficit,

1227 3155 1281 3186 sed
1296 3155 1422 3194 quoties
1435 3155 1647 3194 consumitur,
1663 3155 1757 3187 toties
1770 3155 1886 3186 iterum
1901 3155 2016 3194 praesto
2027 3157 2085 3185 est.
2099 3153 2280 3184 Nicocrates

1228 3214 1303 3237 vero
1324 3206 1355 3236 in
1375 3206 1455 3237 libro
1477 3208 1525 3238 De
1544 3206 1697 3246 (Museis)
1714 3205 1796 3237 ludis
1814 3206 1846 3236 in
1873 3205 2043 3244 Helicone,
2067 3212 2130 3235 non
2149 3201 2278 3234 Euboeae

1229 3259 1320 3296 AEgas
1337 3258 1514 3288 Homerum
1529 3257 1647 3296 dicere,
1661 3257 1717 3289 sed
1731 3257 1867 3288 insulam
1883 3256 1951 3296 ejus
1970 3255 2109 3287 nominis
2126 3254 2156 3284 in
2175 3255 2278 3292 AEgoeo

1229 3309 1308 3339 mari
1324 3308 1430 3347 sitam,
1450 3308 1491 3340 de
1506 3318 1571 3349 qua
1588 3309 1664 3341 item
1683 3309 1828 3340 mirabile
1850 3307 2012 3348 quoddam
2030 3307 2137 3338 fertur.
2153 3303 2277 3336 Etenim

1229 3359 1422 3399 appellentes
1434 3359 1466 3391 in
1476 3360 1612 3392 insulam
1632 3361 1727 3393 noctu
1745 3369 1856 3391 omnes
1879 3365 2076 3391 evanescere.
2094 3358 2198 3392 Quare
2218 3363 2276 3385 ne-

1184 3435 1186 3437 .
1229 3411 1347 3442 minem
1367 3411 1398 3442 iu
1414 3419 1482 3443 eam
1498 3412 1666 3452 appellere.

2082 3467 2117 3493 30
