2372 3704
770 209 1022 250 POLYZELI
1050 208 1234 250 RHODII
1264 208 1599 249 FRAGMENTA.

2175 215 2247 250 ⁴8¹

93 308 197 334 mon.
230 307 272 345 p.
308 292 402 346 135)
438 292 605 345 ἁρμάτων
641 291 852 343 ἐζευγμένων
890 291 1141 341 πομπεύουσιν,
1203 300 1310 336 strat,
1346 296 1410 340 qui
1427 293 1583 329 Rhodiis
1599 294 1746 329 auxilio
1775 296 1942 329 maximo
1950 292 2080 340 fuisse
2100 295 2255 329 demon-

95 352 218 392 ἅπασα
234 354 264 391 δ’
285 354 320 391 ἐν
336 351 470 399 κινήσει
487 351 546 390 καὶ
562 356 657 404 χαρᾷ
676 354 736 397 τῆς
758 350 903 402 θεωρίας
917 353 940 397 ἦ
957 349 1057 394 πόλις
1072 365 1142 388 κα-

94 411 273 458 θέστηκεν.
287 411 410 462 Ἱερεῗά
427 426 464 448 τε
482 412 680 460 παμπληθῆ
699 409 817 447 θύουσι
831 408 894 455 τὴν
911 407 1045 460 ἡμέραν
1058 407 1141 446 ταύ-

94 485 157 516 την
175 470 233 507 καὶ
252 469 478 514 δειπνίζουσιν
495 470 526 506 οἵ
544 470 686 507 πολῖται
705 467 838 510 πάντας
858 466 934 510 τοὺς
950 466 1143 519 γνωρίμους

92 528 152 566 καὶ
170 528 248 571 τοὺς
268 528 407 571 δούλους
426 527 504 571 τοὺς
532 528 652 571 ἰδίους·
678 526 788 570 οὐδεὶς
814 526 843 564 δ’
878 526 1060 564 ἀπολείπει
1079 526 1142 573 τὴν

91 586 224 634 θυσίαν,
241 586 331 624 ἀλλὰ
351 589 533 624 κενοῦσθαι
552 585 738 636 συμὸαίνει
766 585 827 632 τὴν
855 585 956 623 πόλιν
975 584 1062 638 πρὸς
1078 584 1142 631 τὴν

93 645 188 685 θέαν.

145 707 234 742 Haec
257 706 456 742 Athenaeus
481 717 527 740 ex
549 703 715 752 Didymo
743 710 878 740 contra
897 704 1142 740 Polemonem

92 765 322 814 disputante.
339 767 395 800 De
412 776 454 800 re
470 764 519 801 cf.
535 764 685 802 Miiller,
706 765 797 801 Dor.
816 764 870 807 II,
888 776 929 811 p.
948 762 1039 800 282.

144 823 464 872 Distinguendus,
489 829 611 872 puto,
638 835 658 859 a
684 829 815 858 nostro
845 821 1064 870 Polycrates
1095 822 1141 858 de

91 895 169 931 quo
189 883 374 931 Josephus
390 883 430 920 C.
451 883 593 931 Apion.
607 883 642 930 Ι,
664 886 711 925 24
731 894 739 919 :
761 879 831 918 Καὶ
848 879 914 932 γὰρ
935 881 1039 917 ἐθνῶν
1056 895 1142 921 τινες

90 939 239 978 καὶτῶν
267 938 497 983 ἐνδοξοτάτων
517 939 651 976 πόλεων
679 938 855 991 ῥυπαίνειν
882 937 945 985 τὴν
967 937 1141 989 εὐγένειαν

91 997 151 1036 καὶ
175 997 237 1042 τὰς
265 997 442 1041 πολιτείας
468 997 699 1050 ἐπεχείρησαν
724 997 910 1049 λοιδορεῖν,
931 997 1142 1046 Θεόπομπος

93 1057 157 1104 μὲν
176 1056 239 1104 τὴν
267 1056 469 1104 Ἀθηναίων,
489 1055 564 1103 τὴν
590 1057 634 1094 δὲ
666 1055 1032 1106 Λακεδαιμονίων
1055 1057 1140 1094 Πο-

90 1115 235 1168 λυκρά
247 1131 298 1162 τη
311 1131 343 1162 ς,
363 1117 381 1153 ὃ
399 1115 433 1153 δὲ
453 1115 511 1153 τὸν
530 1115 776 1167 Τριπολιτικὸν
796 1115 976 1167 γράψας...
998 1113 1059 1152 καὶ
1077 1114 1140 1160 τὴν

93 1173 267 1220 &ngenium
304 1174 406 1211 πόλιν
446 1173 597 1213 διέὸαλε.
640 1176 712 1211 Hic
752 1176 888 1224 procul
927 1174 1047 1210 dubio
1089 1181 1142 1210 est

90 1235 310 1282 Polycrates
326 1235 563 1270 Atheniensis
582 1235 723 1279 rhetor,
737 1234 915 1269 Isocratis
929 1234 1084 1280 aequalis
1103 1240 1140 1269 et

89 1292 341 1338 adversarius,
358 1292 404 1328 de
421 1305 498 1340 quo
516 1293 578 1328 adi
594 1294 926 1329 Westermannum
945 1293 985 1327 in
1004 1292 1137 1328 Gesclz.

88 1353 125 1390 d.
141 1366 198 1402 gr.
217 1353 368 1390 Bereds.
387 1351 449 1399 50,
474 1364 535 1388 22.
559 1351 622 1398 68,
641 1351 703 1388 25.
874 1344 877 1347 Δ

502 1482 713 1497 ⁴000,—

140 1571 490 1610 POLYGNOSTUS
525 1572 603 1607 sive
634 1570 980 1616 POLYGNOTUS,
1015 1569 1141 1618 operis

87 1634 145 1669 De
172 1631 308 1680 Cyzico
337 1639 482 1676 auctor,
507 1631 684 1666 laudatur
714 1629 817 1678 apud
842 1628 971 1665 Schol.
1011 1629 1137 1678 Apoll.

86 1690 213 1728 Rhod.
231 1691 264 1736 Ι,
282 1687 374 1738 995.
389 1689 483 1726 Vide
495 1689 656 1725 Deiochi
669 1688 715 1725 fr.
739 1687 777 1734 5,
795 1695 822 1724 t.
840 1689 892 1735 11,
906 1700 943 1737 p.
972 1686 1034 1724 18.

503 1833 717 1848 ⁴000-—

211 1903 634 1994 PoLYzEtus
674 1936 1009 1995 RHomUS.

141 2059 198 2093 De
224 2056 401 2104 Polyzelo
424 2054 578 2091 Rhodio
611 2056 774 2103 antiquae
803 2056 999 2091 comoediae
1026 2062 1142 2104 poeta

88 2129 126 2151 v.
164 2114 330 2151 Meinek.
369 2114 466 2150 Hist.
505 2114 590 2149 crit.
629 2113 737 2151 Com.
786 2127 826 2162 p.
868 2114 959 2152 262.
995 2116 1142 2150 Distin-

88 2174 260 2222 guendus
277 2173 323 2208 ab
343 2185 388 2208 eo
406 2179 460 2208 est
475 2172 762 2208 Rhodiacorum
781 2174 959 2221 scriptor.
981 2175 1038 2209 De
1057 2172 1142 2209 Po-

87 2233 208 2280 lyzelo
226 2232 410 2268 Messenio
430 2231 594 2266 diximus
612 2238 701 2266 tom.
719 2232 772 2276 ΙΙ,
790 2245 828 2280 p.
846 2244 904 2270 12.
926 2233 1141 2279 Polyzelum

88 2292 216 2327 nescio
234 2303 347 2338 quem
364 2290 398 2326 ἐν
418 2290 468 2341 τῷ
484 2287 571 2340 Περὶ
591 2287 805 2340 εἱμαρμένης
821 2290 951 2333 laudat
974 2292 1139 2327 Alexan-

89 2351 157 2386 der
170 2349 373 2399 Aphrodis.
390 2350 431 2384 in
441 2349 598 2384 Aristot.
617 2351 673 2384 De
689 2361 749 2385 an.
765 2362 806 2398 p.
826 2350 896 2385 162
915 2350 955 2387 b.
970 2352 1141 2387 Fortasse

88 2408 353 2457 intelligendus
376 2406 574 2455 Polyzelus
592 2407 793 2455 Cyrenaeus
818 2409 835 2444 ὁ
853 2406 1062 2457 ἀγέλαστος,
1093 2409 1141 2446 de

89 2481 166 2516 quo
188 2468 346 2507 Ptolem.
369 2467 558 2516 Hephaest.
581 2467 648 2502 lib.
672 2467 752 2512 111,
773 2479 812 2515 p.
834 2466 903 2513 187
930 2468 989 2506 cd.
1014 2469 1136 2506 VVest.

444 2567 569 2605 ΠΕΡΙ
598 2566 777 2606 ΡΟΔΟΥ.

596 2675 629 2699 1.

140 2740 278 2785 Hygin.
289 2736 400 2775 Poet.
413 2739 564 2777 Astron.
580 2740 632 2788 ΙΙ,
649 2745 692 2784 14
707 2751 715 2777 :
735 2740 959 2789 Ophiuchus.
982 2742 1146 2788 Polyze—

90 2799 145 2832 lus
158 2805 281 2832 autem
297 2797 464 2833 Rhodius
478 2797 576 2833 hunc
591 2798 808 2835 Phorbanta
823 2803 969 2836 nomine
983 2801 1138 2836 demon-

87 2908 154 2945 tes,
171 2906 291 2946 junctis
304 2906 453 2938 curribus
471 2916 619 2948 pompam
636 2908 780 2950 ducunt,
794 2911 1008 2951 universaque
1027 2910 1140 2943 civitas

88 2960 120 2992 in
135 2962 224 2991 motu
238 2960 464 3001 spectandique
476 2961 592 3001 gaud10
607 2962 779 2995 detinetur.
799 2965 962 2996 Permulta
975 2964 1058 2996 fiunt
1076 2965 1139 2996 hoc

87 3011 139 3044 die
154 3011 307 3043 sacrificia
318 3036 327 3052 ,
348 3013 447 3052 atque
463 3013 575 3046 amicis
591 3015 741 3047 omnibus
759 3016 890 3056 suisque
911 3017 1011 3048 servis
1029 3017 1139 3048 eonvi-

88 3063 177 3095 vium
194 3063 358 3095 exhibent.
382 3066 492 3104 Neque
510 3065 681 3106 quisquam
698 3068 746 3099 est
770 3067 824 3108 qui
840 3068 1000 3100 sacrificiis
1012 3078 1074 3100 non
1088 3069 1138 3100 in·

87 3114 194 3153 tersit,
211 3114 255 3146 ita
269 3116 306 3146 ut
320 3116 389 3147 tota
404 3116 516 3148 civitas
533 3125 635 3149 vacua
655 3119 712 3151 fiat
722 3142 732 3159 ,
748 3119 904 3152 universis
917 3119 958 3152 ad
973 3122 1138 3161 spectacu-

89 3167 156 3199 lum
169 3167 288 3200 effusis.

466 3212 534 3250 DE
562 3212 753 3253 RHODO.

132 3321 200 3352 Hoc
216 3319 248 3351 in
265 3320 392 3360 negotio
409 3321 564 3355 traditum
590 3326 638 3356 est
656 3325 808 3358 accidisse
827 3327 936 3359 Soloni
956 3336 1025 3359 rem
1046 3328 1139 3368 longe

90 3371 235 3403 omnium
251 3371 517 3405 adversissimam.
533 3378 642 3414 Quum
661 3377 746 3408 enim
761 3378 923 3410 statuisset
939 3388 984 3411 aes
996 3380 1138 3411 alienum

91 3423 253 3455 remittere
269 3432 513 3465 sermonemque
526 3427 553 3458 ei
565 3429 727 3468 proposito
741 3431 853 3470 aptum
867 3430 1139 3472 commodumque

233 3486 420 3511 πηΑοιιεΝτΑ
441 3489 564 3514 nis-roa.
586 3492 641 3515 ca.
661 3502 692 3507 -
706 3494 778 3517 vot..
804 3494 846 3517 iv.

1202 360 1357 389 stratur.
1399 354 1501 388 Nam
1539 365 1649 400 quum
1687 365 1811 388 eorum
1847 355 2004 388 insulam
2047 362 2257 401 serpentum

1207 411 1440 445 multitudine
1467 419 1686 458 occupatam
1715 413 1806 445 cives
1835 411 2042 458 Ophiusanz
2061 413 2258 460 appellas-

1205 476 1302 511 sent,
1335 476 1374 503 et
1400 472 1438 503 in
1457 480 1505 503 ea
1533 469 1766 503 multitudine
1785 467 1960 514 serarum
1987 471 2100 504 draco
2115 468 2260 515 suisset

1205 530 1345 576 ingenti
1373 528 1634 573 magnitudine
1648 553 1658 571 ‚
1680 530 1745 574 qui
1760 528 1939 574 plurimos
1955 539 2079 562 eorum
2101 527 2258 574 interfe-

1204 590 1321 630 cisset,
1349 593 1386 621 et
1401 589 1533 633 patria
1555 586 1715 632 denique
1745 586 1891 620 deserta
1910 597 2036 620 carere
2055 590 2234 632 coegisset
2241 613 2254 630 ,

1204 646 1339 680 dicitur
1355 644 1540 688 Phorbas,
1568 645 1714 692 Triopoe
1722 644 1832 690 silius
1848 656 1897 678 ex
1910 644 2079 690 Hiscylla
2097 645 2259 690 Myrmi-

1204 704 1310 738 donis
1316 703 1402 749 filia
1413 710 1537 746 natus,
1554 714 1597 737 eo
1609 709 1826 750 tempestate
1842 702 2002 745 delatus,
2018 700 2260 747 omnesferas

1206 769 1244 796 et
1269 773 1351 796 eum
1380 761 1578 795 draconem
1605 757 1847 805 interfecisse,
1879 762 1940 807 qui
1957 773 2066 807 quum
2094 764 2259 796 maxime

1204 821 1373 868 Apollini
1391 820 1544 854 dilectus
1563 827 1673 862 esset,
1700 820 1838 854 locatus
1853 822 1949 854 inter
1962 820 2087 854 sidera
2106 820 2256 865 dicitur,

1204 887 1244 914 ut
1265 879 1490 926 interficiens
1520 879 1719 913 draconem
1740 878 1863 912 laudis
1880 886 1918 912 et
1935 881 2127 913 memorioe
2145 891 2261 914 causa

1205 938 1403 974 videretur.
1418 940 1553 985 Itaque
1566 937 1704 973 Rhodii
1714 939 2030 984 quotiescunquea
2051 938 2157 972 litore
2179 939 2271 973 lon·'

1203 1001 1287 1045 glus
1294 998 1507 1045 producunt
1521 997 1670 1041 classes,
1682 999 1791 1044 prius
1808 996 2027 1044 sacrificant
2036 996 2262 1032 Phorbantis

1203 1057 1394 1099 adventui,
1428 1057 1514 1091 tale's
1541 1063 1581 1091 ut
1605 1056 1681 1090 illis
1704 1062 1851 1090 eventus
1880 1058 2089 1102 inopinatae
2115 1058 2261 1091 virtutis

1203 1115 1369 1158 accidat,
1397 1115 1521 1162 qualis
1550 1117 1706 1149 inscium
1733 1113 1953 1149 Phorbanta
1965 1111 2114 1159 futurae
2137 1115 2263 1150 laudis

1204 1174 1259 1208 ad
1271 1174 1396 1208 sidera
1411 1175 1548 1219 glorioe
1558 1174 1716 1221 pertulit
1736 1185 1853 1208 casus.

1258 1230 1444 1281 Hiscilla]
1481 1232 1548 1267 alii
1573 1230 1662 1267 libri
1693 1232 1825 1266 Hiocla
1837 1260 1847 1278 ‚
1882 1232 2043 1279 Hyocla,
2081 1232 2234 1269 Hiscela
2246 1258 2259 1278 ,

1202 1290 1398 1328 Hischela.
1430 1290 1602 1337 Ischylla
1630 1290 1885 1338 probabiliter
1912 1290 2154 1326 scribendum
2181 1303 2261 1327 esse

1203 1356 1327 1385 censet
1355 1349 1665 1385 Schneidewinus
1691 1349 1739 1384 ad
1763 1350 1958 1386 Heraclid.
1985 1353 2074 1394 104,
2097 1350 2256 1387 laudato

1202 1408 1356 1443 nomine
1366 1405 1566 1458 Ἰσχυλλος,
1578 1407 1686 1454 quod
1699 1408 1868 1442 occurrit
1884 1408 1923 1442 in
1939 1408 2119 1456 Inscript.
2138 1409 2255 1456 (Keil.

1203 1467 1324 1502 Anall.
1339 1479 1378 1514 p.
1398 1479 1412 1501 1
1422 1465 1505 1514 70).
1519 1468 1594 1514 Ap.
1607 1466 1768 1503 Diodor.
1781 1468 1824 1512 V,
1846 1465 1894 1501 58
1907 1466 2076 1502 Phorbas
2090 1468 2260 1515 Lapithae

1203 1531 1240 1559 et
1255 1525 1471 1560 Orsinomes
1486 1523 1532 1571 f.,
1545 1523 1652 1570 jussu
1665 1524 1853 1571 Apollinis
1866 1536 1888 1559 a
1910 1524 2071 1559 Rhodiis
2085 1536 2130 1560 ex
2146 1526 2260 1561 Thes-

1201 1583 1292 1618 salia
1309 1583 1523 1618 arcessitur.
1555 1582 1612 1620 Cf.
1644 1582 1795 1619 Miiller.
1826 1583 1930 1620 Min.
1960 1595 2003 1631 p.
2030 1581 2119 1630 195.
2146 1585 2261 1621 Plura

1203 1640 1310 1676 dabit
1328 1641 1488 1677 Heffter.
1511 1641 1549 1676 in
1571 1641 1671 1676 libro
1692 1642 1747 1676 De
1766 1640 1922 1678 Rhodo.

1712 1717 1748 1740 2.

1255 1783 1455 1819 Athenaeus
1476 1783 1580 1825 VIII,
1601 1795 1640 1831 p.
1671 1782 1746 1818 360
1777 1795 1833 1830 sq.
1863 1794 1872 1819 ε
1902 1784 1958 1818 De
1990 1767 2200 1820 Phalantho
2222 1793 2260 1821 et

1203 1841 1352 1889 Iphiclo
1384 1842 1579 1891 narratio,
1609 1853 1723 1889 quam
1749 1854 1780 1878 v.
1811 1842 1850 1876 in
1882 1841 2115 1890 fragmentis.
2138 1844 2259 1893 Ergiae

1201 1899 1358 1935 Rhodii.

1713 1968 1749 2004 3.

1257 2038 1453 2075 Plutarch.
1474 2038 1602 2074 Solon.
1620 2050 1653 2075 c.
1682 2036 1743 2083 15,
1760 2050 1784 2086 9
1805 2049 1814 2075 :
1837 2038 1995 2088 Πρᾶγμα
2013 2037 2041 2075 δ’
2059 2039 2154 2092 αὐτῷ
2172 2054 2260 2090 συμ-

1203 2097 1321 2132 πεσεῖν
1331 2094 1469 2145 λέγεται
1480 2094 1620 2132 πάντων
1633 2094 1858 2146 ἀνιαρότατον
1869 2095 1937 2133 ἀπὸ
1945 2098 2007 2141 τῆς
2017 2097 2252 2148 σεισαχθείας.

1204 2153 1269 2196 εΩς
1284 2154 1350 2205 γὰρ
1365 2152 1528 2206 ὥρμησεν
1547 2153 1678 2191 ἀνιέναι
1693 2152 1736 2191 τὰ
1753 2154 1841 2206 χρέα
1855 2154 1915 2192 καὶ
1930 2154 2052 2204 λόγους
2068 2155 2258 2207 ἁρμόττον-

1202 2227 1264 2255 τας
1278 2212 1389 2258 ἐζήτει
1403 2212 1463 2250 καὶ
1480 2211 1682 2264 πρέπουσαν
1698 2211 1823 2264 ἀρχὴν,
1839 2212 2050 2251 ἐκοινώσατο
2063 2215 2132 2251 τῶν
2147 2214 2256 2267 φίλων

1203 2264 1252 2314 οἷς
1285 2270 1439 2321 μάλιστα
1470 2271 1641 2309 πιστεύων
1674 2270 1735 2309 καὶ
1766 2271 1944 2323 χρώμενος
1972 2273 2156 2324 ἐτύγχανε,
2186 2277 2257 2318 τοῖς

1202 2329 1281 2382 περὶ
1301 2329 1446 2368 Κόνωνα
1464 2329 1524 2367 καὶ
1545 2329 1706 2368 Κλεινίαν
1721 2329 1782 2368 καὶ
1799 2329 1997 2369 Ἱππόνικον
2010 2347 2018 2355 ·
2039 2331 2092 2369 ὅτι
2111 2335 2175 2383 γῆν
2190 2332 2255 2383 μὲν

1202 2390 1240 2426 οὗ
1261 2389 1380 2438 μέλλει
1399 2391 1517 2436 κινεῖν,
1538 2391 1649 2441 χρεῶν
1673 2388 1708 2426 δὲ
1736 2391 1846 2427 ποιεῖν
1876 2390 2060 2434 ἀποκοπὰς
2089 2390 2255 2442 ἔγνωκεν.

1203 2449 1249 2485 Οἱ
1270 2446 1305 2485 δὲ
1328 2447 1560 2499 προλαὸόντες
1593 2447 1690 2491 εὐθὺς
1717 2448 1778 2486 καὶ
1807 2448 2000 2500 φθάσαντες
2035 2450 2256 2489 ἐδανείσαντο

1203 2506 1328 2558 συχνὸν
1342 2505 1503 2558 ἀργύριον
1521 2506 1618 2558 παρὰ
1638 2509 1706 2544 τῶν
1726 2507 1904 2545 πλουσίων
1923 2508 1982 2546 καὶ
2000 2508 2156 2560 μεγάλας
2173 2525 2257 2547 συν-

1202 2563 1401 2610 εωνήσαντο
1421 2563 1556 2616 χώρας·
1579 2558 1654 2602 εἶτα
1674 2568 1734 2603 τοῦ
1762 2564 1934 2615 δόγματος
1957 2565 2187 2617 ἐξενεχθέντος
2210 2567 2255 2605 τὰ

1202 2619 1263 2671 μὲν
1283 2621 1448 2672 κτήματα
1466 2622 1719 2674 καρπούμενοι,
1736 2623 1779 2660 τὰ
1802 2623 1837 2661 δὲ
1863 2623 2032 2675 χρήματα
2050 2627 2119 2669 τοῖς
2136 2625 2255 2663 δανεί-

1201 2696 1303 2719 σασιν
1322 2682 1385 2719 οὐκ.
1403 2682 1642 2728 ἀποδιδόντες,
1661 2683 1708 2725 εἷς
1725 2681 1839 2720 αἰτίαν
1857 2682 1914 2720 τὸν
1931 2682 2078 2722 Σόλωνα
2094 2684 2253 2736 μεγάλην

1201 2740 1260 2778 καὶ
1275 2740 1455 2788 διαὸολὴν,
1474 2740 1594 2793 ὥσπερ
1610 2742 1648 2779 οὐ
1669 2740 1974 2792 συναδικούμενον,
2002 2742 2093 2780 ἀλλὰ
2114 2744 2254 2781 συναδι-

1199 2803 1328 2838 κοῦντα
1348 2799 1583 2847 κατέστησαν.
1619 2798 1725 2838 Ἀλλὰ
1753 2804 1854 2838 τοῦτο
1880 2800 1942 2850 μὲν
1963 2801 2059 2851 εὐθὺς
2084 2802 2187 2848 ἐλύθη
2214 2804 2254 2841 τὸ

1198 2911 1325 2943 initium
1348 2911 1628 2951 circumspiceret,
1655 2912 1767 2943 amicis
1797 2911 1881 2950 suis,
1905 2912 2023 2952 quibus
2050 2914 2083 2944 et
2113 2914 2253 2945 maxime

1200 2962 1317 2994 fidebat
1339 2964 1371 2994 et
1389 2971 1592 3002 summopere
1609 2963 1776 3002 utebatur,
1794 2964 1934 3003 cononi,
1954 2964 2066 2995 Cliniae
2082 2966 2114 2996 et
2131 2965 2251 3005 Hippo-

1199 3015 1272 3046 nico
1297 3015 1470 3055 indicavit,
1485 3024 1576 3056 agros
1589 3025 1622 3047 se
1638 3016 1774 3047 intactos
1793 3016 2000 3055 relicturum,
2025 3025 2126 3048 novas
2144 3019 2251 3048 autem

1198 3068 1323 3100 tabulas
1339 3068 1510 3100 facturum.
1529 3069 1611 3100 Huic
1624 3069 1666 3100 rei
1678 3070 1912 3101 antevertentes
1925 3070 1969 3101 illi
1986 3078 2097 3110 magna
2107 3070 2251 3110 pecuniae

1199 3120 1231 3151 vi
1247 3129 1266 3151 a
1287 3120 1441 3151 divitibus
1465 3123 1580 3152 mutuo
1608 3123 1757 3162 sumpta,
1785 3122 1905 3154 multos
1925 3130 2016 3162 agros
2038 3123 2248 3153 coemerunt:

1200 3173 1271 3211 post
1286 3171 1414 3203 decreto
1427 3172 1589 3212 publicato
1599 3197 1607 3212 ‚
1623 3182 1722 3213 quum
1737 3173 1794 3213 ipsi
1814 3174 1936 3205 fructus
1950 3183 1991 3205 ex
2012 3174 2094 3213 agris
2107 3171 2248 3212 percipe-

1200 3226 1289 3263 rent,
1305 3224 1515 3256 creditoribus
1533 3226 1643 3257 autem
1666 3225 1810 3257 debitum
1835 3234 1898 3257 non
1924 3225 2108 3263 redderent,
2127 3224 2248 3264 magnis

1200 3277 1385 3309 criminibus
1395 3277 1624 3319 calumniisque
1636 3279 1785 3310 Solonem
1796 3278 2002 3318 objecerunt,
2019 3281 2168 3317 tanquam
2183 3285 2247 3307 non

1200 3328 1336 3360 serendae
1347 3352 1355 3367 ‚
1369 3328 1424 3361 sed
1440 3329 1592 3361 faciendae
1609 3330 1733 3369 iniuriae
1755 3330 1912 3371 particeps
1929 3329 1994 3369 ipse
2011 3328 2130 3360 fuisset.
2158 3329 2247 3359 Hanc

1198 3381 1308 3412 tamen
1327 3380 1490 3412 infamiam
1515 3381 1582 3421 ipse
1603 3382 1712 3414 statim
1734 3381 1845 3421 diluit,
1860 3381 2003 3421 quinque
2026 3378 2154 3430 taleptis
2176 3377 2246 3417 (tot

1198 3432 1284 3464 enirn
1301 3431 1329 3464 ei
1348 3431 1571 3474 debebantur)
1589 3433 1766 3465 secundum
1782 3433 1881 3473 legem
1901 3441 1918 3463 a
1932 3440 1965 3463 se
1981 3431 2083 3472 primo
2101 3428 2245 3460 omnium

2106 3490 2134 3517 31
