2326 3724
1005 190 1340 231 FRAGMENTA.

91 287 160 323 aevi
174 285 395 323 hominibus
408 311 419 331 ‚
440 284 507 333 qui
523 295 568 321 ea
587 282 666 322 rere
682 283 811 332 lingua
831 282 1038 319 utebantur
1057 293 1141 330 quae

91 358 192 382 nunc
215 345 319 395 apud
343 345 495 382 Graecos
516 343 687 388 obtinet,
707 343 946 391 loqueretur,
970 353 1050 377 non
1071 352 1141 377 ve·-

91 406 235 442 teribus
263 405 419 450 Atticis,
440 415 565 440 sermo
587 402 689 450 ejus,
709 415 783 451 pro
803 402 1143 451 grammaticorum

90 465 274 502 sententia
291 465 472 509 vitiosus,
492 475 573 500 non
588 461 822 511 impediebat
845 474 924 510 quo
944 462 1090 506 minus,
1112 460 1143 495 si

91 525 148 561 vis
165 524 417 574 persuadendi
433 523 469 560 ei
488 524 643 570 inesset,
666 522 865 558 hominum
883 527 1028 557 mentes
1049 531 1144 556 ora-

91 585 197 621 tione
214 582 398 621 flecteret.
424 598 440 615 »

453 664 760 702 TESTIMONIA

146 757 345 792 JonANNEs
368 751 499 791 Lvnus
517 754 574 789 De
592 764 695 801 mag.
718 752 771 788 11.
799 749 864 787 25.
889 751 953 787 26.
976 750 1036 788 :T
1039 752 1088 792 οἷς
1108 747 1145 786 δὲ

93 812 329 866 ἱμειρομένοις
339 810 416 854 τοὺς
431 809 551 863 ἐφεξῆς
566 809 616 860 μὴ
632 811 803 860 ἀγνοῆσαι
823 807 1034 860 μαγίστρους
1049 806 1148 860 ἄχρις

95 874 209 923 ἡμῶν,
227 870 368 923 ἀρκέσει
385 869 469 922 πρὸς
489 866 718 907 διδασκαλίαν
741 867 875 920 Πέτρος
896 869 913 904 6
942 866 1058 904 πάντα
1080 881 1147 917 με-

94 930 296 991 γαλόφρων,
313 929 374 968 καὶ
389 944 452 975 της
470 927 620 966 καθόλου
637 925 792 978 ἱστορίας
806 924 964 979 ἀσφαλὴς
981 923 1148 963 διδάσκα-

95 991 176 1038 λος,
196 989 238 1028 δι’
258 992 306 1027 ὢν
328 987 431 1031 αὐτὸς
450 986 508 1025 ἐπὶ
514 989 587 1047 ωτοῧ
608 984 797 1037 λεγομένου
820 982 1052 1036 μαγιστηρίου
1073 984 1150 1020 ἀνε-

98 1049 272 1103 γράψατο.
292 1047 476 1100 Προηλθεν
496 1048 554 1083 οὖν
571 1048 593 1092 ἡ
622 1044 806 1095 δύναμις’
791 1043 848 1082 επὶ
868 1042 975 1081 πλέον
1002 1058 1063 1089 της
1083 1043 1149 1094 ἀρ·-

98 1111 185 1161 χῆς·
203 1109 240 1146 οὖ
258 1104 362 1157 μόνον
375 1104 444 1158 γὰρ
463 1104 525 1148 τὰς
539 1106 609 1142 τῶν
629 1104 734 1141 ἐθνῶν
756 1101 973 1155 πρεσὸείας(
960 1100 1017 1155 υφ’
1037 1102 1150 1154 ἓαυτῶ

100 1166 268 1210 τελούσας
282 1167 300 1204 6
314 1164 506 1238 μάγιστρος
520 1162 613 1215 ἔχειν
625 1161 842 1210 πιστεύεται,
855 1161 914 1200 τόν
927 1176 964 1200 τε
979 1160 1147 1211 δημόσιον

99 1226 240 1280 δρόμον,
273 1239 333 1263 και
364 1224 495 1271 πλῆθος
519 1220 679 1275 ἐμὸριθὲς
697 1237 766 1260 των
799 1220 912 1259 πάλαι
948 1219 1012 1271 μὲν
1045 1235 1151 1272 φρουι-

100 1283 298 1338 μενταρίων
311 1285 370 1322 νῦν
392 1281 427 1320 δὲ
443 1282 717 1334 μαγιστριανῶν,
729 1279 793 1328 τήν
811 1295 850 1319 τε
868 1281 936 1317 τῶν
954 1277 1071 1317 ὅπλων
1087 1293 1151 1317 κα-

99 1343 273 1390 τασκευὴν
290 1341 350 1382 καὶ
367 1341 538 1392 ἐξουσίαν,
556 1339 670 1379 ἀλλ”
653 1355 703 1378 ετι
721 1339 782 1378 καὶ
798 1337 860 1386 τὴν
875 1340 943 1376 τῶν
964 1338 1152 1376 πολιτικῶν

102 1402 348 1457 πραγμάτων·
369 1400 430 1439 καὶ
450 1398 682 1453 διαφερόντως
702 1399 836 1451 Πέτρος
854 1391 970 1444 ουτος,
992 1399 1010 1434 6
1027 1396 1153 1447 πολυς,

101 1465 120 1501 6
148 1461 273 1513 μηδενι
293 1462 368 1502 ταῖς
388 1460 528 1511 ἀρεταῖς
546 1456 638 1496 κατὰ
659 1455 767 1507 μηδὲν
788 1456 959 1508 δεύτερος.
981 1454 1153 1500 Διασώζει

102 1521 165 1573 μὲν
179 1520 247 1592 γὰρ
266 1535 326 1558 και
343 1522 486 1572 φρουρεῖ
498 1515 562 1564 τὴν
575 1515 698 1564 αὐλὴν,
715 1514 777 1554 καὶ
791 1514 854 1562 τὴν
868 1512 1076 1564 Ῥωμαικὴν
1091 1514 1154 1551 οὐκ

101 1579 275 1619 ἀποπτύει
302 1575 604 1650 μεγαλειότητα,ω
607 1574 650 1623 ἣν
681 1574 781 1646 ἐγγὺς
801 1573 1022 1624 ἀπολομένην
1044 1572 1154 1610 ἀδελ-

100 1638 197 1692 τερία
225 1640 293 1676 τῶν
313 1636 381 1690 πρὸ
410 1637 538 1686 αὐτοῦ,
569 1638 625 1673 οἱα
654 1633 758 1687 σοφὸς
777 1635 837 1671 καὶ
858 1631 916 1670 διὰ
934 1630 1063 1674 παντὸς
1085 1636 1155 1674 τοῖς

104 1697 251 1752 βιὸλίοις
275 1694 518 1750 προσανέχων,
537 1692 808 1740 ἀποκαθίστησι.
839 1690 932 1736 Τους
963 1690 999 1730 δὲ
1030 1689 1156 1740 νόμους

103 1756 221 1804 εἰδὼς,
235 1755 332 1807 εἴπερ
349 1770 400 1799 τις
413 1754 519 1797 ,ἄλλος
529 1783 539 1803 ,
557 1755 606 1797 οἷς
617 1751 683 1798 ἐξ
667 1753 814 1790 απαλῶν
829 1751 963 1804 ὀνύχων
978 1748 1153 1802 ἀνετράφη

104 1818 152 1868 (l.
172 1817 282 1868 ἐνετρ.
297 1817 372 1865 Ν.)
389 1814 597 1887 συνηγρρῶν
608 1816 679 1855 τοῖς
699 1810 928 1863 δεομένοις,”
906 1825 1024 1863 αρχων
1038 1825 1076 1847 τε
1091 1807 1157 1860 μέ-

102 1890 232 1928 γιστος,
247 1873 308 1912 καὶ
320 1872 418 1918 ἀξίαν
434 1871 539 1925 ὀφρυν
554 1873 615 1918 τῆς
629 1869 819 1915 ἐξουσίας’
801 1869 989 1908 ανατείνων
1003 1867 1154 1920 ἐδείχθη,

104 1951 164 1973 και
196 1930 360 1978 δικαστὴς
383 1930 478 1982 ὂξυς,
508 1930 568 1969 καὶ
598 1929 639 1968 τὸ
657 1929 791 1968 δίκαιον
811 1929 939 1982 κρίνειν
964 1929 1156 1980 εἰλικρινῶς

106 1992 350 2043 ἐπιστάμενος,
366 1990 458 2029 κατὰ
476 1989 583 2041 μηδὲν
600 1989 702 2027 αὐτὸν
714 1987 948 2035 ὓπτιαζούσης
961 2004 1022 2034 της
1035 1987 1156 2039 τύχης.

107 2055 226 2106 Πρᾶος
247 2051 309 2102 μὲν
327 2051 394 2103 γάρ
415 2052 489 2088 ἐστι
517 2048 578 2086 καὶ
599 2048 786 2100 μειλίχιος,
808 2048 886 2085 ἀλλ’
906 2048 968 2085 οὐκ
987 2046 1155 2098 εὐχερὴς,

106 2110 185 2150 0663
212 2110 296 2164 πρὸς
325 2109 387 2152 τὰς
408 2108 562 2156 αἷτησεις
588 2106 652 2152 ἔξω
681 2123 740 2145 του
762 2106 869 2157 νόμου
890 2105 1156 2156 καμπτόμενος·

106 2170 302 2224 ἀσφαλὴς
284 2167 321 2208 οὲ
334 2171 443 2218 ὁμοῦ,
456 2183 516 2205 και
534 2164 743 2220 προὸλέπων
758 2164 819 2209 τὰς
839 2164 948 2218 ὁρμὰς
963 2167 1032 2203 τῶν
1048 2179 1157 2217 προσ·

107 2230 249 2269 ιόντων·
284 2227 419 2280 μηδένα
453 2226 574 2279 καιρὸν
605 2228 680 2269 ταῖς
707 2224 891 2278 ῥᾳθυμίαις
913 2226 1158 2276 παραχωρῶν·

106 2289 169 2336 τὴν
189 2287 252 2340 μὲν
273 2286 382 2326 νύκτα
403 2291 474 2329 τοῖς
493 2284 659 2338 βιὸλίοις,
676 2300 740 2331 την
760 2284 798 2322 δὲ
815 2282 953 2336 ἡμέραν
975 2285 1046 2326 τοῖς
1065 2281 1158 2334 πρά-

106 2363 238 2400 γμασιν
251 2345 468 2399 ἐγκείμενος,
487 2342 576 2395 μηδὲ
589 2342 698 2390 αὐτὴν
712 2342 776 2390 τὴν
795 2342 900 2395 μέχρι
921 2358 982 2389 της
997 2342 1135 2387 αὖλῆς’
1120 2356 1160 2379 εκ

107 2411 169 2455 τῆς
186 2406 295 2449 οἷκίας
313 2407 347 2443 ἐν
365 2403 517 2455 ὁμιλίαις
536 2402 741 2454 διασυρίζων
764 2401 906 2451 ἁπλῶς,
927 2400 1107 2450 ζητήμασι
1124 2399 1158 2438 63

108 2468 259 2518 λογικοῖς
275 2480 335 2503 και
352 2462 550 2517 ἀφηγήσεσι
569 2460 788 2514 πραγμάτων
807 2459 1047 2513 ἀρχαιοτέρων
1071 2458 1161 2511 μετὰ

110 2529 178 2565 τῶν
199 2524 280 2577 περὶ
303 2527 415 2562 ταῦτα
436 2521 679 2574 σχολαζόντων
708 2519 918 2570 εἱλούμενος.
950 2518 1022 2558 ΚαὶΙ
1041 2519 1162 2570 καιρὸς

110 2584 218 2629 οὐδεὶς
239 2584 335 2636 αὐτῷ
356 2580 580 2632 διδαγμάτων
595 2579 688 2618 ἐστὶν
706 2578 916 2632 ἀμέριμνος·
937 2580 983 2622 ὥς
1000 2577 1078 2622 τοὺς
1093 2581 1161 2617 τῶν

109 2645 223 2696 λόγων
255 2640 425 2693 ἐξηγητὰς
451 2639 599 2678 δεδιέναι
621 2638 684 2686 τὴν
718 2638 802 2691 πρὸς
833 2637 936 2676 αὐτὸν
975 2637 1163 2690 ἐντυχίαν·

111 2702 298 2756 πράγμασι
318 2700 386 2754 γὰρ
416 2698 539 2743 αὗτους
559 2698 619 2737 καὶ
639 2701 804 2751 στροφαῖς
834 2697 1063 2750 περιὸάλλει,
1098 2713 1161 2749 με-

115 2764 219 2818 τρίως
239 2761 455 2813 υπελέγχων,
470 2761 517 2803 ὡς
532 2759 688 2810 λέγοιντο
706 2758 823 2809 μόνον,
843 2759 906 2795 οὐκ
923 2756 990 2795 εἶσὶ
1007 2755 1043 2795 δε
1059 2761 1165 2796 τοιοῦ-

112 2839 165 2862 τοι
175 2821 312 2865 ὁποίους
323 2819 480 2867 αὖτουςὴ
494 2818 596 2872 φήμη
613 2819 821 2871 διαθρυλλεῖ.
836 2817 942 2868 Ἐμοὶ
957 2817 993 2855 δὲ
1008 2817 1163 2868 μάλιστα

114 2881 327 2924 σκοτοδινίας
343 2882 381 2919 06
403 2880 530 2932 μικρὰς
545 2880 704 2917 ἀνακινεῖ
726 2880 747 2925 ἡ
763 2877 850 2930 πρὸς
865 2876 968 2915 αὐτὸν
986 2876 1163 2924 συνήθειαι·

114 2942 230 2997 χαίρω
245 2940 313 2993 γὰρ
331 2941 426 2978 αὐτῶ
445 2938 498 2978 ὅτι
512 2937 661 2982 καλὸς“’
639 2953 714 2988 αμα
730 2936 791 2976 καὶ
808 2936 1004 2989 ἐλεύθερος,
1022 2936 1083 2975 καὶ
1100 2935 1165 2975 τύ-

115 3018 180 3056 φου
199 3000 260 3040 καὶ
272 2998 452 3052 κορύζης’
437 2997 553 3046 εκτὸς,
571 2996 707 3040 ἀστεῖός
719 3012 757 3035 τε
773 2995 834 3035 καὶ
851 2995 982 3040 κοινός·
998 2995 1075 3034 ἀλλ’
1093 2997 1167 3034 ἐπι·

117 3061 201 3100 σείει
219 3075 295 3110 μοι,
315 3061 362 3103 ὡς
382 3057 537 3110 εἴρηται,
560 3055 745 3130 φροντίδας
761 3056 800 3094 06
822 3054 969 3108 μικρὰς,
991 3049 1144 3105 μηδὲνῗ
1118 3070 1165 3093 ων

117 3119 325 3160 ἐπίστασθαι
345 3118 435 3156 δοκῶ
454 3115 644 3169 προτείνων
665 3116 712 3159 εἷς
732 3114 891 3162 ζήτησιν,
915 3113 960 3152 τὰ
981 3113 1016 3152 63
1040 3129 1167 3152 παντε-

116 3181 186 3222 λῶς
198 3175 399 3228 ἠγνοημένα
417 3174 642 3228 παρεισάγων
654 3189 662 3198 ·
680 3172 771 3212 ὥστε
789 3189 834 3224 με
849 3172 911 3217 τὰς
928 3175 1055 3211 πασῶν
1073 3174 1169 3224 ἰσχυ-

121 3237 267 3291 ροτάτας
288 3233 393 3286 εὐχὰς
413 3235 577 3284 μελετᾶν,
602 3233 779 3283 μηδεμίαν
801 3232 906 3270 αὐτὸν
927 3232 1059 3270 ἄὸατον
1077 3232 1168 3281 ἐμοὶ,

120 3295 240 3347 ὥσπερ
258 3294 387 3341 εἴωθεν,
409 3295 627 3346 ἐπιροιζῆσαι
644 3293 806 3346 θεωρίαν.

176 3369 212 3394 2.
235 3354 454 3391 Pnocomus
477 3354 594 3391 Goth.
617 3355 658 3398 Ι,
688 3353 709 3388 3
737 3366 746 3388 z
769 3351 815 3390 ‘O
838 3350 1000 3402 βασιλεὺς
1022 3349 1168 3402 Πέτρον,

123 3412 293 3465 Ἰλλυριὸν
308 3412 345 3451 τὸ
363 3411 476 3463 γένος,
493 3414 530 3450 ἐκ
544 3410 809 3457 Θεσσαλονίκης
823 3409 1039 3462 ὁρμώμενον,
1059 3410 1091 3451 ἐς
1106 3407 1168 3455 τὴν

2177 200 2250 234 183

1208 277 1364 317 Ἰταλίαν
1384 276 1479 321 εὐθὺς
1497 276 1668 325 ἔστελλεν,
1690 276 1749 315 ἕνα
1764 276 1826 327 μὲν
1843 276 1925 315 ὄντα
1939 279 2007 315 τῶν
2022 279 2056 315 ἐν
2075 279 2253 333 Βυζαντίῳ

1209 336 1381 390 ρητόρων,
1401 337 1516 381 ἄλλως
1537 335 1573 375 δὲ
1589 335 1726 381 ξυνετόν
1742 352 1781 374 τε
1797 336 1857 374 καὶ
1877 342 1987 390 πρᾷον
2005 338 2064 376 καὶ
2081 339 2113 381 ἐς
2129 339 2168 377 τὸ
2183 341 2256 378 πεί-

1205 399 1274 435 θειν
1294 396 1414 435 ἱκανὸν
1434 394 1628 448 πεφυκότα.

1260 457 1298 494 3.
1314 456 1424 493 Idem
1443 455 1635 494 Anecdot.
1653 460 1731 499 24:
1751 452 1883 506 Πέτρος
1904 453 1962 492 τὸν
1979 453 2120 492 ἅπαντα
2133 455 2256 507 χρόνον

1205 512 1312 562 ἡνίκα
1333 512 1397 560 τὴν
1416 515 1476 551 τοῦ
1499 511 1694 564 μαγίστρου
1712 512 1931 562 καλουμένην
1951 527 2042 563 ειχεν
2060 513 2186 564 ἀρχὴν,
2204 514 2258 552 ἀεὶ

1206 570 1413 645 καθημέραν
1435 569 1561 613 αὐτους
1582 569 1680 623 (τοὺς
1699 569 1928 622 σχολαρίους)
1956 571 2104 614 κλοπαῖς
2125 572 2258 621 ἀμυθή-

1207 646 1277 674 τοις
1291 629 1474 669 ἀπέκναιέ.
1496 631 1616 681 Πρᾷος
1635 627 1696 680 μὲν
1714 627 1781 681 γὰρ
1799 631 1854 676 ἦν,
1873 644 1933 666 και
1952 630 1998 671 ὡς
2018 628 2145 675 ἥκιστα
2163 629 2259 680 υὸρί-

1208 693 1275 736 ζειν
1296 689 1412 738 εἰδὼς,
1441 688 1692 731 κλεπτίστατος
1713 688 1748 726 δὲ
1777 686 1968 739 ἀνθρώπων
1993 687 2172 734 ἁπάντων,
2201 688 2261 726 καὶ

1211 750 1317 803 ῥόπου
1335 750 1481 800 αἰσχροῦ
1499 749 1652 799 ἀτεχνῶς
1674 746 1846 797 ἔμπλεως.

1265 816 1300 856 4,
1320 810 1455 848 Suidas
1482 821 1491 845 :
1524 806 1689 859 Πέτρος
1709 808 1726 844 6
1748 804 1884 857 ῥήτωρ,
1914 807 1931 842 6
1951 803 2011 843 καὶ
2039 803 2261 856 Μάγιστρος,

1209 867 1400 920 ἱστορικὸς,
1421 864 1638 919 πρεσὸευτὴς
1666 867 1712 908 ὡς
1737 863 1900 917 Χοσρόην
1924 863 2073 907 σταλείς.
2105 881 2121 898 «ι
2152 863 2262 902 Μάλα

1211 926 1378 980 ἕμὸριθής
1391 942 1428 964 τε
1448 921 1489 974 ἦν
1507 924 1567 964 καὶ
1583 925 1759 967 ἀνάλωτος
1779 924 1814 962 ἐν
1833 925 1883 976 τῷ
1904 923 2114 976 ῥητορεύειν,
2132 925 2182 975 τῷ
2200 939 2264 961 κα-

1213 985 1416 1037 ταμαλάξαι
1435 984 1644 1038 φρονήματα
1666 981 1886 1036 βαρὸαρικὰ,
1908 982 2046 1034 σκληρά
2065 997 2102 1020 τε
2125 981 2186 1020 καὶ
2206 983 2264 1032 ὀγ-

1211 1046 1321 1093 κώδη.
1340 1063 1354 1080 υ
1381 1043 1561 1096 ’Έγραψεν
1583 1041 1759 1094 Ἱστορίας
1790 1041 1850 1080 καὶ
1875 1041 1965 1094 Περὶ
1993 1042 2175 1088 πολιτικῆς
2199 1057 2263 1079 κα-

1212 1104 1424 1148 ταστάσεως.
1437 1105 1494 1142 Cf.
1508 1105 1610 1141 idem
1618 1118 1654 1142 V.
1667 1100 1876 1154 Ἐμὸριθῆ-ς,
1886 1111 1924 1139 et
1938 1103 2154 1151 Eudociap.
2172 1103 2245 1139 353
2255 1132 2262 1138 .

1213 1166 1341 1202 Verba
1360 1178 1369 1201 ε
1389 1162 1532 1214 μάλα...
1555 1160 1694 1212 ὀγκώδη
1709 1169 1798 1198 sunt
1812 1162 2014 1198 Menandri
2034 1163 2267 1198 Protectoris

1215 1221 1353 1275 (snm)
1368 1226 1407 1259 in
1426 1226 1519 1260 Exc.
1538 1224 1595 1258 De
1615 1229 1710 1258 sent.
1729 1234 1770 1271 p.
1793 1220 1884 1258 356.
1907 1220 1980 1268 357
1999 1221 2062 1257 ed.
2081 1222 2169 1257 Mai.

1271 1282 1308 1320 5.
1334 1281 1543 1319 Menander
1560 1279 1630 1328 (fr.
1656 1277 1716 1330 ιι)
1737 1281 1779 1315 in
1799 1281 1892 1317 Exc.
1919 1282 1976 1316 De
1994 1281 2092 1329 legg.
2114 1293 2154 1328 p.
2194 1278 2265 1316 133

1215 1344 1258 1379 P.
1290 1340 1486 1392 ,Πέτροςη
1477 1367 1502 1378 ..
1535 1336 1772 1390 ἀποχρωντως
1792 1337 1883 1389 ἔχων
1906 1353 1967 1382 της
1985 1352 2023 1374 τε
2045 1337 2155 1384 ἄλλης
2173 1352 2268 1374 παι-

1216 1399 1309 1443 δείας
1328 1415 1388 1438 και
1405 1414 1466 1445 της
1481 1399 1551 1436 τῶν
1567 1395 1698 1446 νόμων,
1721 1395 1777 1434 ἔλε
1764 1395 1834 1440 ςξεν
1854 1390 1943 1434 ωδε·
1958 1398 2038 1435 κτλ.

1268 1460 1374 1496 Idem
1390 1459 1444 1494 ih.
1467 1470 1507 1506 Ρ.
1527 1461 1599 1501 144
1619 1453 1731 1506 (f1.1
1744 1453 1801 1506 1),
1822 1456 2007 1492 Chosroes
2025 1456 2074 1492 ad
2089 1457 2267 1492 Petrum:

1216 1517 1309 1558 Οὐδὲ
1322 1516 1424 1559 αὐτός
1435 1531 1488 1562 σε,
1504 1508 1533 1552 ῶ
1550 1513 1741 1565 Ῥωμαίων
1756 1512 1974 1565 πρεσὸευτὰ,
1989 1512 2109 1566 ὥσπερ
2127 1513 2217 1557 εἰκὸς
2235 1515 2268 1551 ἐν

1218 1574 1375 1625 τοσαύτῃ
1397 1572 1583 1628 φιλοσοφία
1602 1571 1857 1626 τεθραμμένον,
1877 1576 1899 1625 ᾑ
1925 1588 2095 1625 περιειναι
2115 1578 2185 1616 τοῖς
2206 1573 2269 1625 ῥή-

1218 1650 1307 1685 μασι
1327 1634 1558 1685 μεμάθηκας,
1579 1631 1774 1685 μεμφθείην
1791 1631 1878 1684 πρός
1894 1646 1984 1676 τινος
2001 1630 2109 1683 ἔγωγε
2127 1631 2176 1680 μὴ
2194 1631 2270 1670 πεί-

1218 1698 1286 1733 θειν
1311 1692 1447 1745 μαθών.

1273 1768 1310 1802 7.
1334 1755 1440 1791 Idem
1458 1753 1512 1789 ib.
1535 1766 1576 1802 p.
1609 1751 1682 1789 150
1707 1748 1879 1802 (fr.15)‚
1898 1752 1966 1788 ubi
1986 1753 2151 1789 Joannes
2171 1753 2271 1801 lega-

1218 1822 1277 1851 tus
1297 1827 1306 1851 :
1325 1811 1458 1865 Πέτρος
1478 1809 1539 1862 μὲν
1559 1809 1648 1863 γὰρ,
1665 1812 1683 1848 6
1699 1809 1766 1862 πρὸ
1786 1811 1888 1856 ἡμῶν
1906 1808 2188 1862 πρεσὸευτὴς,...
2210 1811 2271 1856 ἐμ-

1218 1871 1337 1924 πειρία
1352 1870 1467 1921 λόγων
1484 1885 1544 1908 και
1560 1869 1729 1916 δεινότητι
1746 1883 1789 1906 πε
1794 1871 1883 1911 ιΟους
1901 1869 1962 1906 καὶ
1978 1867 2022 1906 τὰ
2039 1868 2117 1920 περὶ
2133 1871 2201 1906 τῶν
2215 1872 2290 1917 νῦν,

1219 1929 1509 1990 ἐπεγκαλούντων
1533 1929 1753 1980 Σαρακηνῶν
1772 1942 1832 1964 και
1853 1926 1955 1979 ἕτερα
1973 1926 2038 1965 ὅσα
2060 1926 2274 1979 διημφισὸη-

1219 1990 1307 2038 τήθη
1321 2020 1331 2040 ,
1353 1993 1421 2031 οἷος
1441 1987 1577 2040 ἐγένετο
1595 1985 1923 2054 παρακρούσασθαι.

1275 2050 1312 2086 8.
1332 2049 1440 2085 Idem
1463 2048 1533 2098 (fr.
1556 2046 1651 2094 12)
1642 2060 1681 2081 ln
1700 2048 1793 2081 Exc.
1813 2048 1869 2082 De
1883 2052 1978 2082 sent.
1998 2059 2038 2094 p.
2064 2045 2139 2082 356
2161 2046 2272 2089 Mai„

1221 2110 1323 2147 Petri
1355 2109 1470 2157 legati
1506 2108 1721 2143 orationem
1756 2106 2001 2154 appositurus
2035 2118 2043 2140 :
2080 2102 2172 2142 0663
2206 2101 2275 2152 μὴν

1222 2166 1295 2203 ἀνθ’
1327 2165 1488 2218 ἑτέρων(
1474 2163 1629 2224 ετέραις
1625 2162 1757 2206 λέξεσιν
1785 2161 2007 2215 ἐχρησάμην,
2031 2159 2053 2207 ἢ
2074 2161 2112 2199 τὸ
2131 2165 2275 2214 χθαμα-

1221 2223 1374 2277 λώτερόν
1401 2239 1476 2267 πως
1494 2222 1586 2260 ἔστιν
1606 2225 1629 2274 ᾑ
1647 2223 1716 2260 τῶν
1735 2220 1862 2272 λόγων,
1888 2220 2039 2260 καθόσον
2065 2214 2176 2259 οἱόντέ
2198 2235 2274 2270 μοι,

1225 2282 1430 2335 μετέφρασα
1447 2283 1481 2325 ἐς
1499 2281 1539 2320 τὸ
1557 2280 1816 2334 Ἄττικώτερον.

1277 2357 1316 2393 9.
1333 2343 1581 2380 Cassiodorus
1594 2344 1685 2379 Var.
1701 2343 1755 2390 X,
1775 2355 1820 2390 19
1833 2369 1842 2386 ‚
1861 2341 2016 2377 nomine
2029 2339 2277 2376 Theodahadi

1222 2405 1320 2453 regis
1348 2416 1356 2438 :
1394 2404 1462 2438 Vir
1482 2404 1804 2450 eloquentissimum·
1823 2402 1957 2436 Petrus
1975 2401 2118 2448 legatus
2136 2402 2277 2434 sereni-

1224 2467 1313 2500 tatis
1342 2471 1495 2506 vestroe‚
1525 2470 1563 2497 et
1585 2462 1757 2496 doctrina
1784 2473 1961 2503 swnmus,
1989 2467 2027 2495 et
2043 2461 2278 2494 conscientiae

1223 2525 1402 2559 claritate
1410 2525 1644 2571 proecipuuS.

1284 2595 1344 2618 ιο.
1369 2582 1478 2618 Idem
1494 2582 1530 2617 X
1543 2608 1553 2626 ‚
1580 2593 1628 2616 22
1642 2607 1654 2625 ‚
1678 2579 1847 2627 ejusdem
1864 2579 2018 2614 nomine
2038 2589 2047 2615 :
2065 2590 2136 2625 pm·
2153 2581 2278 2612 virum

1224 2644 1501 2678 cli.s—e1·tis.s·imum
1523 2641 1688 2676 Petrum.

1284 2714 1344 2736 11.
1373 2700 1482 2736 Idem
1499 2700 1556 2744 X,
1583 2703 1654 2742 24,
1685 2698 1841 2732 nomine
1868 2695 2088 2732 Gundelinae
2112 2694 2276 2742 reginae:

1226 2764 1402 2796 veniente
1418 2762 1502 2795 viro
1516 2761 1795 2800 sapientis.s·imo
1812 2757 1939 2791 Petro.

1285 2831 1346 2856 12.
1378 2818 1509 2867 steph.
1540 2817 1672 2864 Byz.:
1706 2813 1893 2859 Ἀκόναι,
1920 2812 2101 2864 πολίχνιον
2131 2810 2279 2857 πλησίον

1228 2875 1455 2930 Ἡρακλείας.
1490 2874 1643 2925 Λέγεται
1674 2872 1767 2911 κατὰ
1795 2870 2007 2924 περίφρασιν
2040 2873 2058 2908 6
2086 2871 2189 2908 οἰκῶν
2219 2869 2280 2913 τὰς

1228 2934 1382 2979 Ἀκόνας.
1400 2935 1455 2974 Τὸ
1471 2934 1602 2972 ἔθνικὸν
1622 2932 1819 2979 Ἀκονίτης,
1833 2930 1872 2968 τὸ
1890 2929 2039 2977 θηλυκὸν
2054 2929 2086 2967 Α
2099 2945 2174 2968 κον
2182 2931 2278 2971 ἰ’τις.

1229 2994 1335 3034 Οὕτω
1354 2994 1423 3067 γάρ
1452 3008 1505 3036 τις
1536 2995 1639 3039 νῆσος
1659 2990 1869 3044 διαφέρουσα
1900 2988 1962 3039 μὲν
1983 2990 2032 3041 τῷ
2061 3004 2147 3025 πανε
2152 3003 2279 3039 υφημω

1229 3053 1405 3106 πατρικίῳ
1424 3068 1485 3090 και
1502 3054 1552 3090 τῶ
1576 3050 1695 3089 πάντα
1716 3048 1911 3102 σοφωτάτῳ
1929 3048 2112 3099 μαγίστρω
2133 3046 2278 3098 Πέτρω,

1230 3112 1374 3163 κειμένη
1405 3110 1442 3149 63
1472 3108 1686 3162 καταντικρυ
1716 3125 1778 3155 της
1804 3107 2004 3156 εὐδαίμονος
2023 3105 2156 3148 πόλεως
2178 3106 2278 3143 Χαλ-

1231 3171 1395 3218 κηδόνος·
1425 3168 1652 3215 ἐπικέκληται
1674 3169 1709 3206 δὲ
1738 3166 1795 3205 διὰ
1815 3166 1855 3204 τὸ
1882 3166 2014 3211 πλῆθος
2043 3166 2111 3203 τῶν
2134 3165 2168 3200 ἐν
2190 3163 2278 3212 αὐτη

1231 3230 1316 3281 πρὸς
1345 3229 1472 3272 ἀκόνας
1498 3227 1744 3277 πεποιημένων
1777 3225 1894 3264 λίθων.
1932 3225 1992 3262 Ad
2022 3225 2100 3260 haec
2129 3223 2278 3262 Holste-

1231 3292 1316 3326 nius
1337 3303 1346 3328 :
1377 3307 1394 3322 «ι
1415 3292 1543 3325 Exstat
1562 3289 1688 3324 adhuc
1708 3287 1825 3323 hodie
1846 3285 1926 3331 ejus
1945 3282 2067 3333 (Petri
2086 3279 2276 3328 magistri)

1236 3349 1379 3398 effigies
1399 3349 1547 3384 Parisiis
1563 3349 1603 3383 in
1624 3347 1662 3382 S.
1691 3346 1845 3393 Capella
1861 3343 1991 3379 Palatii
2013 3342 2108 3375 inter
2131 3339 2278 3373 thesau-

1233 3422 1296 3445 ros
1317 3406 1647 3455 Constantinopoli
1665 3405 1812 3440 allatos.
1835 3420 1848 3434 »
1866 3401 2025 3448 Quaesivi
2045 3399 2195 3433 frustra.
