2372 3704
673 246 923 287 CREONTIS
932 276 944 295 ,
975 246 1267 286 CREOPHYLI
1297 247 1628 287 FRAGMENTA.
2152 256 2197 288 37
2210 255 2220 287 t

79 363 323 429 cREON
372 375 474 415 m
517 362 730 421 PAEON
774 361 1118 421 AMATHU-
1182 332 2226 469 33:105225013‘2333{miz{zziissssaztipssss5352-ss

508 439 683 498 SIUS
1182 450 1382 501 κλινόμενόν
1404 466 1481 489 τινα
1502 453 1570 488 τῶν
1584 451 1772 489 νεανίσκων
1793 451 1997 503 φθέγγεσθαι
2019 455 2078 492 καὶ
2099 461 2223 503 ποιεῖν,

1183 507 1273 561 ἅπερ
1293 508 1478 547 ὠδίνουσαι
1497 514 1673 559 γυναῖκες·
1693 510 1811 548 καλεῖν
1830 509 1866 547 33
1883 510 1921 548 τὸ
1938 511 2040 555 ἄλσος
2054 511 2225 562 Ἀμαθου-

453 556 731 596 ΚΥΠΡῙᾹΚᾹ·
1183 566 1317 615 σίους,’
1302 583 1336 606 εν
1347 561 1417 621 ᾧ
1386 583 1443 606 τον
1454 567 1562 620 τάφον
1577 567 1804 619 δεικνύουσιν,
1825 568 2004 620 Ἀριάδνης
2013 570 2224 623 Ἀφροδίτης.

398 661 429 696 E
455 660 606 697 LIBRO
634 660 805 697 PRIMO.
1599 689 1818 705 ⁴0-

580 754 613 776 1.

128 815 256 855 Schol.
269 815 463 865 Aristoph.
481 815 582 854 Nuh.
601 827 666 853 10:
685 811 806 865 Κρέων
821 811 857 850 δὲ
875 814 909 851 ἐν
925 812 975 865 τῷ
993 810 1123 865 πρώτῳ
1458 796 1958 856 CREOPHYLUS

75 875 144 913 τῶν
165 875 381 926 Κυπριακῶν
401 872 572 924 κορδύλην
593 871 679 925 φησὶ
697 871 881 910 καλεῖσθαι
900 870 939 909 τὸ
960 872 1044 923 πρὸς
1062 886 1121 909 κε-

75 933 170 986 φαλῇ
188 931 366 985 (κεφαλῆς
383 931 520 982 Suid.)
536 929 780 984 προσείλημα,
805 928 878 975 ὃδὴ
896 931 994 982 παρὰ
1014 928 1124 976 Ἀθη-
1506 920 1732 959 ΕΦΕΣῙΩΝ
1768 920 1903 959 ΩΡΟῙ·

75 990 182 1035 ναίοις
197 992 356 1029 καλεῖται
381 989 574 1043 κρώὸυλον,
600 989 698 1043 παρὰ
717 988 752 1028 33
782 988 937 1042 Πέρσαις
966 988 1123 1042 κιδάριον

77 1048 246 1101 (νιδάριον
268 1048 408 1099 Suid.).

128 1108 271 1145 Eadem
289 1108 405 1144 habet
419 1106 551 1144 Suidas
565 1119 628 1145 vv.
651 1104 1009 1158 ἐγκεκορδυλημένος,
1033 1107 1121 1145 coll.

75 1164 239 1217 νιδάριον,
254 1163 468 1218 φασκιόλιον,
490 1165 558 1202 sed
577 1173 758 1215 corrupte
776 1166 908 1202 laudat
920 1166 1121 1203 Creontem

77 1225 112 1262 ἐν
127 1226 176 1276 τῷ
195 1222 227 1261 α’
259 1224 327 1261 τῶν
349 1221 575 1275 Ῥητορικῶν.
602 1245 654 1252 —
675 1224 779 1262 ldem
811 1231 946 1260 auctor
975 1223 1124 1274 (Vossio

77 1282 273 1332 omissus),
307 1282 381 1319 nisi
411 1283 561 1332 egregie
593 1283 717 1329 fauor,
747 1283 951 1319 Plutarcho
981 1282 1121 1319 dicitur

77 1340 200 1380 Παίων
217 1338 456 1391 Ἀμαθούσιος.

1239 1018 1440 1054 Athenaeus
1467 1019 1561 1067 VII,
1589 1031 1628 1067 p.
1647 1018 1718 1054 361
1733 1046 1742 1062 ,
1758 1019 1786 1055 C
1804 1031 1811 1053 ε
1837 1015 2034 1069 Κρεόφυλος
2057 1017 2085 1054 δ’
2112 1018 2146 1054 ἐν
2164 1024 2232 1061 τοῖς

1186 1074 1362 1128 Ἐφεσίων
1381 1074 1506 1128 ”Ωροις
1527 1093 1542 1109 ιι
1563 1078 1610 1114 Οἱ
1637 1075 1700 1122 τὴν
1720 1074 1874 1129 Ἔφεσον
1894 1075 2018 1129 (φησὶ)
2048 1077 2230 1123 κτίζοντες,

1186 1133 1301 1173 πολλὰ
1319 1133 1645 1187 ταλαιπωρηθέντες
1667 1134 1795 1186 ἀπορία
1820 1134 1948 1185 τόπου,
1974 1135 2013 1173 τὸ
2034 1136 2231 1174 τελευταῖον

1186 1193 1387 1246 πέμψαντες
1406 1195 1451 1236 εἷς
1468 1196 1561 1243 θεου,
1584 1193 1740 1246 ἠρώτων,
1757 1191 1842 1231 οπου
1861 1209 1899 1231 το
1911 1193 2067 1244 πόλισμα
2083 1196 2225 1234 θῶνται.

1186 1250 1265 1290 ε““Ο
1247 1253 1277 1289 ο’
1290 1252 1403 1294 αὐτοῖς
1410 1250 1585 1326 ἔχρησεν,
1604 1253 1750 1289 ἐνταῦθα
1761 1251 1900 1296 οἰκίζειν
1919 1252 2033 1299 πόλιν,
2045 1251 2099 1312 ᾑ
2082 1268 2123 1290 αν
2137 1251 2234 1304 ἰχθυς

1187 1309 1299 1361 δείξῃ,
1322 1309 1381 1348 καὶ
1412 1313 1447 1352 ὃς
1457 1309 1583 1383 ἄγριος
1611 1312 1679 1362 υφη
1682 1325 1847 1360 γησηται.
1869 1310 2019 1361 Λέγεται
2047 1313 2120 1359 οὖν,
2148 1310 2233 1349 ὅπου

1186 1372 1245 1406 ν’ὗν
1273 1371 1295 1414 ἡ
1316 1368 1427 1420 κρήνη
1451 1384 1543 1406 εστιν
1566 1368 1752 1412 Ὑπέλαιος
1773 1369 1989 1419 κα)ουμε’νη,
2006 1385 2066 1413 και
2095 1370 2147 1407 ὁε
2139 1370 2227 1421 ιερὸς

331 1470 336 1474 ,
1187 1425 1304 1475 λιμὴν,
1330 1427 1449 1470 ἁλιέας
1478 1427 1795 1479 ἀριστοποιεισθαι,
1821 1427 1880 1465 καὶ
1909 1430 1977 1465 τῶν
1998 1427 2125 1479 ἰχθύων
2151 1427 2231 1465 τινὰ

129 1484 356 1522 Plutarchus
371 1484 480 1520 Thes.
502 1497 536 1520 c.
556 1496 605 1520 20
625 1495 634 1521 τ
651 1478 758 1521 Ἴδιον
777 1482 814 1520 δέ
837 1497 913 1520 τινα
941 1481 1021 1534 περὶ
1045 1481 1122 1520 τού·
1187 1484 1402 1536 ἀποθορόντα
1421 1486 1482 1522 σὺν
1517 1486 1686 1538 ἀνθρακιᾷ
1714 1486 1887 1523 εἰσπεσεῖν
1920 1486 1965 1530 εἷς
1985 1485 2144 1537 φορυτὸν,
2175 1486 2234 1524 καὶ

76 1558 144 1580 των
171 1541 274 1593 λόγον
290 1541 458 1579 ἐκδέδωκε
494 1540 616 1580 Παίων
648 1542 666 1578 ὁ
698 1539 936 1590 Ἀμαθούσιος.
959 1539 1030 1579 Τὸν
1056 1539 1123 1592 γὰρ
1187 1543 1338 1596 ἁφθῆναι
1357 1544 1415 1580 ὑπ’
1433 1544 1538 1581 αὐτοῦ
1556 1542 1708 1595 λόχμην,
1724 1546 1758 1582 ἐν
1776 1538 1800 1595 ᾗ
1820 1543 1940 1596 ἔτυχεν
1969 1541 2007 1587 ῧς
2024 1543 2142 1596 ἄγριος
2169 1543 2234 1582 ὤν·

75 1600 201 1648 Θησέα
222 1599 326 1653 φησὶν
347 1599 415 1638 ὑπὸ
448 1601 619 1651 χειμῶνος
650 1600 696 1643 εἷς
717 1598 860 1650 Κύπρον
883 1598 1100 1651 ἐξενεχθέντα
1113 1629 1122 1645 ,
1187 1601 1241 1649 ὃς,
1257 1601 1324 1640 ὑπὸ
1337 1606 1398 1640 τοῦ
1414 1601 1522 1654 πυρὸς
1546 1602 1768 1654 θορυὸηθεὶς,
1786 1602 1962 1654 ἐπέδραμε
1978 1606 2039 1640 τοῦ
2060 1602 2158 1656 ὄρους
2178 1603 2236 1641 ἐπὶ

77 1659 138 1714 καὶ
154 1659 217 1705 τὴν
239 1657 419 1711 Ἀριάδνην
435 1657 558 1709 ἔγκυον
572 1658 717 1710 ἔχοντα,
731 1659 872 1711 φαύλως
891 1657 926 1696 δὲ
941 1657 1122 1707 διακειμέ-
1184 1660 1286 1708 πολὺ,
1306 1660 1323 1698 ὃ
1339 1659 1381 1707 δὴ
1404 1661 1565 1699 καλεῖται
1585 1663 1746 1713 Τρηχεῖα
1758 1691 1767 1708 ,
1789 1661 1850 1699 καὶ
1869 1660 1990 1699 πίπτει
2005 1661 2233 1711 ἀκοντισθεὶς,

78 1732 140 1764 νην
160 1716 229 1755 ὕπὸ
251 1732 311 1755 του
339 1716 447 1755 σάλου
466 1731 526 1754 και
539 1717 779 1770 δυσφορουσαν
798 1716 985 1755 {uaedam
1002 1715 1123 1766 μόνην·
1184 1717 1271 1757 ὅπου
1287 1718 1348 1756 καὶ
1367 1723 1425 1757 νῦν
1447 1721 1538 1757 ἐστιν
1556 1721 1573 1757 ὁ
1589 1722 1651 1767 τῆς
1672 1721 1817 1765 Ἀθηνᾶς
1835 1719 1928 1763 ναός.
1962 1719 2034 1758 Καὶ
2056 1719 2237 1763 διαὸάντες

79 1775 183 1814 αὐτὸν
207 1774 244 1813 δὲ
272 1777 322 1828 τῷ
350 1774 461 1828 πλοίῳ
491 1778 682 1835 βοηθουντα
710 1775 817 1814 πάλιν
845 1778 892 1819 εἷς
918 1775 958 1814 τὸ
976 1775 1125 1826 πέλαγος
1185 1779 1215 1815 οἱ
1209 1775 1397 1852 ω,Ἐφέσιοι
1405 1779 1445 1816 ἐκ
1460 1781 1523 1825 τ’ῆς
1541 1776 1649 1824 νήσου
1661 1807 1671 1826 ,
1694 1777 1772 1815 ἔτεα
1791 1777 1920 1816 εἴκοσιν
1937 1777 1986 1816 ,ἓν
2005 1777 2210 1851 ρῖκήσαντες
2223 1808 2233 1823 ,

77 1832 147 1872 ἀπὸ
165 1835 226 1880 τῆς
244 1848 307 1884 γης
326 1832 502 1886 φέρεσθαι.
517 1832 592 1877 Τὰς
611 1836 668 1871 οὖν
680 1834 868 1886 ἐγχωρίους
878 1838 1045 1883 ΥυΙαῖκας
1058 1832 1122 1879 τὴν
1184 1839 1234 1888 τῷ
1255 1839 1401 1875 εἷκοστω
1419 1838 1453 1874 δε
1440 1837 1569 1890 ευτέρῳ
1583 1835 1739 1881 κτίζουσι
1755 1839 1788 1876 l
1792 1842 1937 1889 ρηχεῖαν
1956 1837 2016 1875 καὶ
2031 1836 2075 1874 τὰ
2090 1837 2147 1875 ἐπι
2164 1837 2232 1878 Κό

52 1889 88 1912 “³
85 1890 255 1944 Αριάδνην
280 1891 470 1929 ἀναλαὸεῐν
489 1891 550 1929 καὶ
574 1891 751 1944 περιέπειν
772 1895 972 1943 ἀθυμοῦσαν
1001 1891 1060 1929 ἐπι
1077 1895 1120 1944 τῇ
1208 1911 1329 1942 ησσον,
1351 1876 1437 1933 κάὶ“
1429 1895 1517 1948 ιερὸν
1547 1894 1776 1947 Ἀρτέμιδος’
1762 1911 1820 1933 επι
1813 1899 1881 1959 Ντῇ
1900 1897 2011 1960 ἀγορᾷ
2030 1896 2235 1948 ἱδρύσαντο,

78 1950 246 2001 μονώσει,
265 1949 326 1988 καὶ
348 1950 543 2002 γράμματα
563 1949 706 1988 πλαστὰ
737 1950 956 2004 προσφέρειν,
990 1952 1036 1992 ὡς
1063 1954 1124 1988 τοῦ

78 2009 228 2055 Θησέως
245 2009 436 2061 γράφοντος
453 2010 558 2060 αὐτῇ,
576 2008 636 2046 καὶ
665 2009 744 2061 περὶ
772 2009 833 2056 τὴν
851 2010 958 2047 ὠδῖνα
988 2023 1127 2059 συμπο-

77 2068 146 2105 νεῖν
164 2066 224 2106 καὶ
249 2069 397 2118 βοηθεῖν·
418 2069 660 2105 ἀποθανοῦσαν
673 2067 709 2105 33
727 2067 850 2120 θάψαι,
870 2066 919 2118 μὴ
939 2071 1122 2110 τεκοῦσαν.

77 2124 334 2164 Ἐπανελθόντα
357 2125 393 2163 δὲ
412 2124 470 2163 τὸν
498 2125 623 2172 Θησέα
651 2125 710 2163 καὶ
730 2126 920 2179 περίλυπον
942 2123 1125 2176 γενόμενον

77 2183 147 2226 τοῖς
175 2183 239 2233 μὲν
274 2182 453 2235 ἐγχωρίοις
478 2184 661 2221 ἀπολιπεῖν
689 2183 878 2236 χρήματα,
907 2182 1123 2227 συντάξαντα

78 2240 168 2280 θύειν
185 2245 228 2294 τῇ
247 2241 425 2295 Ἀριάδνῃ·
445 2241 504 2280 δύο
528 2240 564 2279 δὲ
579 2241 720 2294 μικροὺς
733 2240 1015 2293 ἀνδριαντίσκους
1025 2239 1126 2293 ἱδρύε-

588 1418 624 1441 2.

1192 1948 1402 1992 Απόλλωνός
1417 1964 1454 1986 τε
1478 1951 1537 1986 τοῦ
1560 1948 1692 1987 Πυθίου
1711 1948 1768 1986 ἐπὶ
1789 1964 1838 1986 τω
1855 1948 1983 1996 λιμένι
2006 1966 2021 1982 »

1239 2006 1446 2059 Κόρησσον]
1460 2006 1742 2059 ΑΙίἰεΚόρισσος.
1754 2008 1811 2046 Cf.
1822 2010 1883 2044 Sti
1885 2009 1957 2044 abo
1971 2010 2071 2052 XIV,
2090 2022 2128 2058 p.
2143 2010 2234 2054 634,

1186 2069 1232 2105 A.
1249 2068 1438 2106 Herodot.
1461 2069 1504 2113 V,
1525 2080 1613 2105 100.
1645 2067 1811 2103 Diodor.
1833 2069 1937 2114 XIV,
1968 2081 2032 2116 99.
2053 2069 2230 2117 Stephan,

1185 2127 1274 2174 Byz.
1300 2139 1308 2161 :
1339 2124 1541 2176 Κορησσὸς,
1573 2124 1672 2165 πόλις
1689 2127 1750 2171 τῆς
1778 2123 1952 2177 Ἐφεσίας.
1980 2125 2014 2141 *²*
2034 2123 2090 2163 διὰ
2108 2125 2148 2164 τὸ
2174 2125 2236 2172 τὴν

1187 2181 1295 2229 Λητὼ
1312 2187 1481 2221 τεκοῦσαν
1496 2182 1557 2221 καὶ
1568 2182 1631 2229 τὴν
1647 2180 1811 2236 Ἄρτεμιν
1826 2185 2035 2234 κομίζουσαν
2049 2184 2238 2236 γενομένην

1187 2241 1278 2279 κατὰ
1308 2241 1365 2279 τὸν
1385 2241 1490 2280 τόπον
1510 2236 1549 2279 οἷ
1568 2245 1625 2280 νῦν
1645 2241 1763 2294 βωμὸς
1783 2243 1906 2289 αὐτῆς·
1932 2246 1994 2290 τῆς
2014 2243 2049 2281 33
2081 2242 2235 2294 πυθομέ-

347 2386 416 2425 DE
447 2386 607 2426 REBUS
637 2387 766 2426 CYPR
775 2385 851 2426 IIS.

590 2477 621 2508 1.

119 2551 224 2582 Creon
238 2549 318 2582 libro
337 2550 440 2591 primo
459 2552 504 2583 De
522 2550 618 2583 rebus
632 2550 755 2591 Cypriis
770 2550 922 2591 cordylen
939 2549 1046 2591 (apud
1062 2552 1125 2590 Cy-

76 2601 179 2641 prios)
206 2601 313 2633 vocari
337 2601 416 2634 dicit
442 2602 556 2643 capitis
579 2602 784 2634 involucrum
809 2601 896 2643 quod
921 2602 1128 2634 Athenienses

78 2654 260 2696 urobylnm,
289 2656 393 2687 Persae
410 2655 567 2687 cidarium
583 2656 711 2687 vocant.

586 2715 622 2748 2.

117 2772 316 2814 singularem
334 2773 374 2806 de
395 2773 444 2806 his
467 2774 585 2806 famam
613 2774 755 2815 vulgavit
778 2777 873 2807 Paeon
905 2775 1124 2807 Amathusius.

76 2825 157 2856 Nam
183 2825 343 2857 Theseum
371 2826 417 2858 ait
440 2827 630 2867 tempestate
653 2828 794 2867 Cyprum
830 2826 992 2866 delatum,
1024 2835 1125 2867 quum

75 2875 238 2915 gravidam
250 2885 360 2909 secum
377 2877 508 2910 haberet
529 2877 718 2917 Ariadnam,
736 2878 883 2918 maleque
899 2887 939 2910 ex
953 2878 1127 2918 jactatione

76 2927 225 2960 affectam
244 2930 276 2960 et
305 2929 508 2970 languentem
534 2930 634 2962 solam
653 2929 868 2970 exposuisset,
883 2934 1125 2962 succurrentem

76 2979 201 3019 navigio
220 2979 252 3011 in
271 2980 401 3020 pelagus
412 2989 522 3013 rursus
538 2989 556 3012 a
572 2982 658 3013 terra
673 2981 817 3013 ablatum
837 2994 844 3013 :
864 2981 996 3013 seminas
1015 2983 1124 3014 autem

76 3029 239 3071 indigenas
255 3032 416 3072 excepisse
434 3032 648 3072 Adriadnam,
663 3035 894 3074 moestamque,
911 3033 999 3074 quod
1017 3034 1125 3065 relicta

77 3082 158 3113 esset
175 3082 259 3122 sola,
281 3083 415 3123 fovisse,
439 3092 477 3116 ac
502 3084 609 3116 literas
624 3085 779 3117 obtulisse
804 3085 832 3116 ei
858 3085 967 3124 fictas,
994 3086 1082 3117 velut
1105 3094 1123 3116 a

77 3133 197 3166 Theseo
212 3134 252 3166 ad
268 3143 337 3166 eam
354 3135 484 3176 missas;
497 3136 656 3176 adjuvisse
668 3137 763 3169 etiam
785 3138 818 3168 et
832 3139 949 3177 praesto
975 3137 1069 3168 fuisse
1091 3137 1123 3167 in

77 3185 170 3224 partu
182 3209 191 3225 ‚
208 3187 305 3226 atque
318 3186 502 3219 defunctam
527 3197 591 3220 non
616 3189 702 3220 edito
722 3191 834 3229 partu,
853 3188 1025 3220 sunerasse.
1049 3190 1125 3220 Post

78 3235 148 3268 haec
172 3246 335 3270 reversum
349 3240 506 3272 Theseum
529 3242 563 3273 et
582 3241 692 3273 dolore
705 3241 888 3273 consectum
911 3240 1065 3280 indigenis
1077 3250 1124 3272 ar-

78 3291 208 3330 gentum
219 3291 391 3332 reliquisse,
403 3293 637 3334 instituisseque
651 3296 786 3326 utsacra
801 3295 943 3326 facerent
955 3293 1102 3325 Ariadnae
1116 3303 1123 3323 τ

78 3342 231 3380 praeterea
257 3342 322 3375 duo
355 3343 384 3376 ei
415 3345 529 3385 exigua
554 3345 723 3377 simulacra
747 3345 910 3386 posuisse,
938 3346 1125 3385 argenteum

78 3400 199 3430 unum,
216 3393 352 3426 alterum
372 3404 508 3428 aeneum.
530 3399 566 3428 ln
592 3397 689 3429 sacris
705 3399 832 3436 autem,
855 3406 927 3436 quae
948 3397 1048 3428 altero
1074 3396 1125 3428 die
1187 3404 1321 3435 ressum,
1337 3397 1369 3427 et
1394 3395 1504 3428 Dianae
1521 3396 1677 3436 templum
1698 3396 1729 3428 in
1742 3397 1808 3428 soro
1820 3396 2007 3435 erexerunt,
2026 3396 2058 3426 ct
2080 3392 2233 3434 Apollinis

77 3444 193 3476 mensis
208 3445 344 3485 Gorpiaei
363 3448 581 3488 celebrantur,
606 3448 850 3482 decumbentem
864 3448 1026 3490 quendam
1049 3448 1124 3480 ado·
1155 3474 1161 3479 .
1188 3447 1291 3487 Pythii
1315 3447 1469 3488 templum
1493 3447 1531 3479 ad
1550 3449 1689 3488 portum.
1709 3460 1722 3474 υ

1185 2406 1347 2446 appellare
1365 2406 1570 2439 Amathusios
1588 2406 1697 2438 lucum
1710 2429 1719 2446 ,
1737 2406 1768 2438 in
1784 2415 1849 2448 quo
1867 2407 2030 2439 tumulum
2044 2408 2237 2447 ostendunt,

1186 2459 1334 2491 Ariadnae
1347 2459 1491 2492 Veneris.

1404 2534 1544 2572 ANNA
1553 2533 1642 2572 LES
1672 2533 2021 2574 EPHESIORUM.

1227 2612 1426 2654 Creophylus
1463 2612 1496 2644 in
1524 2612 1736 2653 Ephesiorum
1770 2613 1946 2645 Annalibus
1982 2613 2053 2646 haec
2092 2613 2202 2646 scribit
2229 2624 2236 2645 ε

1187 2678 1201 2693 «
1225 2666 1337 2706 Ephesi
1352 2666 1551 2706 conditores,
1567 2666 1622 2698 diu
1639 2666 1758 2698 multas
1771 2667 1934 2699 molestias
1949 2667 2029 2706 passi
2042 2667 2147 2709 inopia
2161 2668 2235 2705 loci,

1185 2720 1347 2758 postremo
1371 2718 1411 2750 ad
1428 2718 1478 2750 dei
1492 2718 1659 2750 oraculum
1688 2718 1843 2750 miserunt
1857 2718 2054 2750 sciscitantes
2082 2728 2147 2760 quo
2167 2719 2237 2750 loco

1185 2770 1339 2810 oppidum
1359 2770 1545 2802 conderent.
1564 2770 1689 2807 Quibus
1702 2770 1781 2802 deus
1800 2770 1982 2810 respondit,
2005 2770 2049 2804 ibi
2065 2770 2239 2803 conderent

1185 2822 1337 2862 oppidum
1346 2846 1355 2861 ,
1375 2831 1439 2863 quo
1453 2822 1546 2862 piscis
1561 2823 1801 2853 monstraturus
1814 2823 1896 2853 esset
1908 2821 1991 2855 viam
2003 2845 2012 2861 ,
2029 2823 2061 2854 et
2073 2831 2149 2862 aper
2158 2825 2239 2854 esset

1185 2874 1365 2914 praeiturus.
1383 2874 1483 2914 Igitur
1505 2875 1588 2905 sama
1607 2875 1673 2912 est,
1690 2873 1743 2904 ubi
1758 2882 1843 2905 nunc
1856 2875 1904 2905 est
1921 2874 1992 2906 sons
2007 2875 2178 2915 Hypelaeus
2193 2874 2238 2906 di·

1185 2927 1256 2957 ctus
1267 2927 1300 2958 et
1311 2934 1400 2958 sacer
1415 2929 1536 2966 portus,
1549 2926 1590 2956 ibi
1607 2925 1780 2965 piscatores
1790 2925 1946 2966 quosdam
1960 2934 2086 2966 parasse
2096 2935 2219 2958 coenam
2227 2950 2235 2964 ‚

1185 2988 1286 3010 unum
1300 2980 1407 3010 autem
1423 2988 1440 3010 e
1456 2979 1596 3019 piscibus
1612 2978 1706 3010 simul
1721 2988 1795 3010 cum
1819 2987 1921 3019 pruna
1938 2979 2072 3011 ardente
2092 2979 2238 3011 desilien-

1184 3033 1250 3063 tem
1263 3054 1271 3070 ,
1294 3032 1325 3062 in
1341 3031 1445 3062 aridas
1471 3030 1616 3062 incidisse
1637 3031 1824 3071 quisquilias
1847 3044 1854 3062 ι
1872 3031 1945 3063 inde
1962 3032 2128 3063 incensum
2144 3031 2237 3062 fuisse

1184 3085 1371 3124 dumetum,
1387 3085 1417 3116 in
1443 3094 1507 3125 quo
1532 3085 1614 3116 sorte
1639 3085 1760 3117 latebat
1787 3094 1882 3126 aper3
1910 3086 1964 3126 qui
1984 3085 2174 3118 exturbatus
2196 3085 2235 3116 ab

1184 3139 1272 3178 igne,
1295 3138 1328 3169 in
1348 3139 1489 3169 montem
1504 3139 1647 3170 cucurrit
1665 3139 1716 3170 cui
1737 3139 1881 3170 Trachea
1900 3147 2016 3170 nomen
2030 3162 2038 3177 ‚
2054 3139 2162 3178 ibique
2175 3138 2234 3168 ali-

1185 3191 1341 3230 quantum
1359 3198 1542 3230 progressus
1559 3189 1675 3221 cecidit
1692 3190 1821 3222 tandem
1843 3191 1953 3230 jaculo
1969 3189 2142 3221 transfixus
2171 3197 2234 3228 quo
2253 3183 2257 3186 ’

1187 3242 1256 3272 loco
1273 3250 1358 3272 nune
1372 3242 1419 3272 est.
1433 3241 1584 3272 Minervae
1598 3241 1768 3282 templum.
1788 3242 1888 3281 Igitur
1903 3240 2087 3280 transgressi
2105 3239 2232 3279 Ephesii

1186 3301 1226 3324 ex
1251 3292 1353 3324 insula
1369 3290 1467 3332 quain
1492 3301 1548 3332 per
1565 3301 1665 3324 unum
1682 3294 1714 3324 et
1736 3292 1846 3333 viginti
1871 3301 1970 3324 annos
1992 3291 2232 3327 habitaverant,

1184 2353 1356 2386 lescentem
1377 2362 1456 2386 voce
1469 2355 1501 2386 et
1513 2355 1603 2394 gestu
1617 2354 1751 2386 seminas
1765 2354 1979 2395 parturientes
1992 2355 2192 2396 exprimere3
2207 2357 2239 2387 et

1150 3077 1159 3412 3
1185 3343 1336 3376 vicesimo
1361 3343 1500 3376 secundo
1518 3344 1693 3376 Tracheam
1713 3344 1873 3382 condunt,
1892 3346 1924 3375 et
1940 3352 2015 3383 quae
2034 3341 2157 3374 suntad
2177 3343 2232 3372 Co-

2046 3539 2091 3563 2¹1.
