2372 3704
706 229 998 279 ASTYNOM1‚
1030 233 1333 274 ATHANADAE
1368 237 1706 279 FRAGMENTA.

135 317 153 353 ὁ
187 313 392 366 Πυθαγόρου
422 317 480 352 τοῦ
510 316 539 352 7
543 314 701 352 ακυνθιου
730 316 887 386 τρίπους.
914 317 1176 371 Ὀλιγοχρόνιον

133 373 201 427 γὰρ
216 373 279 420 τὴν
296 372 413 423 ἀκμὴν
433 371 562 425 σχὼν,
573 372 632 411 καὶ
653 373 710 411 διὰ
726 374 765 412 τὸ
786 376 897 414 δοκεῖν
908 377 1069 437 εργώδης
1091 381 1178 415 εἶναι

133 431 225 471 κατὰ
244 430 308 478 τὴν
324 432 542 484 χειροθεσιαν
562 430 584 477 ἢ
606 431 649 469 δι’
668 431 710 479 ἢν
731 432 773 479 δή
792 436 868 471 ποτ’
889 437 947 472 οὖν
968 436 1081 473 αἰτίαν
1100 452 1176 474 συν-

132 491 248 541 τόμως
265 489 468 533 καταλυθεὶς
488 491 670 538 διαλέληθε
690 491 768 535 τοὺς
790 493 951 538 πολλούς.
979 497 1044 534 Ην
1062 494 1098 533 δὲ
1114 511 1176 533 πα-

133 548 326 601 ραπλήσιος
345 548 408 599 μὲν
429 550 592 603 Δελφικῷ
612 549 769 602 τρίποδι,
789 552 849 589 καὶ
866 552 1006 602 τοῦνομ’
1024 556 1177 592 ἐντεῦθεν

131 607 233 660 ἔσχε,
252 606 314 654 τὴν
335 606 371 645 δὲ
390 610 516 660 χρῆσιν
538 610 686 661 τριπλῆς
705 610 850 662 κιθάρας
868 612 1071 664 παρείχετο.
1095 615 1177 652 Τῶν

131 666 198 719 γὰρ
222 668 340 705 ποδῶν
360 666 521 705 ἑστώτων
539 667 597 704 ἐπί
614 683 704 712 τινος
726 669 863 720 βάσεως
880 671 1089 724 εὐστρόφου,
1107 688 1175 711 κα-

131 724 241 779 θάπερ
262 727 296 763 αἱ
317 728 386 764 τῶν
402 725 602 779 περιάκτων
624 726 753 780 δίφρων
770 730 1093 803 κατασκευάζονται
1118 731 1176 770 θέ-

130 799 220 836 σεις,
245 784 306 828 τὰς
330 784 439 836 μέσας
463 800 554 836 τρεις
569 785 688 839 χώρας
707 786 767 831 τὰς
796 787 867 825 ἀπὸ
889 788 1025 832 ποδὸς
1010 789 1067 828 επὶ
1084 790 1175 829 πόδα

130 841 323 885 διεστώσας
352 842 496 881 ἐνέτεινε
515 845 681 915 χορδαῖς,
712 845 868 898 ὑπερθεὶς
899 846 1030 900 ἑκάστῃ
1061 851 1176 922 πῆχυν

129 899 189 938 καὶ
215 900 313 939 κάτω
343 902 594 954 προσαρμόσας
623 903 846 976 χορδοτόνια,
879 905 939 943 καὶ
968 905 1027 944 τὸν
1059 908 1177 946 ἐπάνω

128 958 259 1010 κόσμον
271 961 384 998 κοινὸν
376 976 456 1021 ὐτου
470 960 616 1008 λε’ὅητος
627 977 687 1000 και
700 965 768 1000 τῶν
781 964 1062 1025 παρηρτημένων
1076 966 1176 1004 ἐνίων

129 1018 299 1063 ἀποδούς·
317 1019 351 1064 ἐξ
372 1022 420 1056 ων
441 1035 501 1058 και.
518 1018 580 1067 τὴν
601 1020 796 1073 φαντασίαν
817 1026 910 1074 εἶχεν
929 1023 1094 1073 ἀστείαν,
1115 1026 1174 1063 καὶ

127 1075 186 1114 τὸν
206 1079 293 1128 ἠχον
320 1078 560 1130 προσέὸαλλεν
586 1078 787 1132 ἁδρότερον.
811 1081 972 1132 Διένειμε
994 1082 1022 1119 δ’
1041 1082 1173 1133 ἑκάστῃ

129 1133 230 1189 χώρα
258 1136 321 1183 τὰς
349 1139 439 1188 τρεῖς
471 1137 660 1189 ἁρμονίας,
687 1138 750 1185 τήν
777 1155 814 1177 τε
843 1140 997 1193 Δωριστι
1022 1141 1082 1179 καὶ
1103 1144 1173 1180 Λυ-

129 1194 218 1233 διστὶ
236 1194 295 1233 καὶ
330 1196 521 1248 Φρυγιστί.
554 1197 627 1236 Καὶ
646 1197 874 1248 καθεζόμενος
893 1198 994 1243 αὐτὸς
1010 1199 1068 1237 ἐπί
1087 1215 1176 1244 τινος

129 1252 268 1306 δίφρου,
296 1254 376 1306 περὶ
404 1255 529 1293 ταύτὸν
548 1255 756 1308 συμμέτρως
777 1256 903 1309 ἔχοντα
922 1260 965 1309 τῇ
987 1258 1174 1307 συστάσει,

128 1312 256 1365 διείρας
275 1312 312 1351 δὲ
325 1312 388 1360 τὴν
407 1313 583 1364 εὐώνυμον
603 1320 706 1367 χεῖρα
723 1315 810 1368 πρὸς
822 1315 885 1364 τὴν
904 1316 1072 1364 ἐπιὸολὴν
1086 1348 1097 1368 ,
1115 1318 1175 1356 καὶ

127 1372 170 1422 τῇ
200 1371 302 1424 ἑτέρα
332 1372 550 1424 χρησόμενος
577 1375 627 1425 τῷ
637 1373 850 1446 Νπληκτρῳ,
875 1375 953 1414 καθ’
981 1375 1103 1413 ὁποίαν
1133 1375 1174 1414 ἂν

126 1429 269 1481 πρώτην
288 1431 405 1482 ᾑρεῖτο
421 1434 489 1469 τῶν
506 1431 700 1483 ἁρμονιῶν,
717 1432 927 1486 μετέστρεφε
946 1450 996 1486 τῳ
1012 1435 1091 1472 ποδὶ
1109 1434 1171 1481 τὴν

128 1487 230 1539 βάσιν
245 1487 410 1540 εὔτροχον
429 1483 557 1539 ουσαν,
581 1505 640 1527 και
658 1490 743 1542 πρὸς
759 1490 879 1543 ἑτέραν
895 1492 1049 1545 πλευρὰν
1067 1492 1172 1530 πάλιν

126 1545 363 1585 ἐπιὸάλλων’
348 1550 495 1600 εχρῆτο,
517 1547 577 1586 καὶ
597 1547 704 1586 πάλιν
724 1548 858 1623 ἑτέραν.
881 1548 988 1589 Ούτω
1015 1551 1044 1589 δ’
1071 1551 1174 1596 ὀξέως

126 1604 192 1643 ὑπὸ
220 1604 282 1652 τὴν
300 1606 401 1659 χεῖρα
431 1621 607 1658 προσηγεν
627 1608 723 1660 αὖτω
754 1607 798 1646 τὰ
829 1608 1040 1660 συστήματα
1068 1613 1089 1656 ἡ
1114 1612 1174 1656 τῆς

127 1662 261 1715 βάσεως
280 1666 458 1712 εὐκινησία
474 1667 524 1718 τῷ
543 1665 622 1704 ποδὶ
642 1645 844 1718 ψαύομένη,
863 1668 923 1706 καὶ
941 1669 1003 1716 τὴν
1019 1673 1171 1722 χειροθε-

127 1723 203 1760 σίαν
225 1723 283 1761 ἐπὶ
302 1739 468 1762 τοσουτον
489 1723 621 1771 εἰθίσθη
643 1725 861 1775 κατοξύνειν,
882 1726 984 1775 ὥστ’,
1002 1728 1033 1767 εἴ
1048 1744 1100 1772 τις
1122 1727 1171 1780 μὴ

126 1780 278 1835 ξυνορῴη
295 1782 334 1821 τὸ
349 1783 530 1835 γινόμενον
542 1814 553 1835 ,
582 1784 673 1823 ἀλλὰ
690 1784 748 1823 διὰ
764 1788 826 1831 τῆς
849 1787 957 1834 ἀκοῆς
974 1787 1077 1837 μόνον
1094 1790 1173 1840 κρί-

126 1855 195 1888 νοι,
215 1841 363 1892 νομίζειν
379 1845 483 1895 τριῶν
501 1846 739 1896 κιθαριστῶν’
723 1843 858 1883 ακούειν
874 1846 1077 1898 διαφόρως
1061 1862 1172 1899 ηρμο-

126 1900 273 1974 σμέν.ων
290 1901 363 1940 Καὶ
377 1917 478 1940 τουτο
492 1902 531 1940 τὸ
548 1902 691 1955 ὄργανον
703 1903 927 1971 θαυμασθὲν’
919 1907 1089 1957 ισχυρῶς
1085 1904 1173 1944 μετὰ

126 1974 184 1996 τον
201 1959 330 1998 ἐκείνου
353 1960 425 2012 βίον
446 1960 598 2006 ἐξέλιπεν
618 1963 794 2005 εὐθέως.»

431 2061 550 2100 ΠΕΡΙ
579 2062 871 2102 ΖΩΓΡΑΦΩΝ.

619 2164 632 2186 1
643 2151 662 2186 3
670 2181 677 2189 .

179 2221 438 2268 Harpocratio
466 2233 503 2258 v.
536 2219 762 2270 Πολύγνωτος
789 2236 797 2258 :
822 2221 910 2274 Περὶ
940 2225 1171 2275 Πολυγνώτου

123 2280 183 2315 τοῦ
203 2277 408 2330 Ζωγράφου,
428 2277 565 2317 Θασίου
583 2278 644 2328 μὲν
659 2278 697 2316 τὸ
710 2279 819 2330 γένος,
837 2283 909 2319 υἱοῦ
924 2281 959 2319 δὲ
979 2283 1039 2320 καὶ
1058 2287 1173 2333 μαθη-

123 2339 183 2374 τοῧ
200 2336 471 2388 Ἀγλαοφῶντος,
486 2337 648 2389 τυχόντος
661 2338 695 2375 δὲ
709 2341 770 2385 τ’ῆς
785 2339 971 2387 Ἀθηναίων
983 2343 1170 2390 πολιτείας,

123 2394 201 2441 ἤτοι
233 2394 320 2433 ἐπεὶ’
341 2394 403 2442 τὴν
432 2396 601 2444 Ποικίλην
623 2396 726 2435 στοὰν
757 2396 885 2451 ἔγραψε
905 2402 1051 2451 προῖκα,
1081 2401 1103 2447 ἢ
1127 2405 1172 2446 ὡς

124 2452 254 2506 ἕτεροι,
279 2453 341 2498 τὰς
373 2455 408 2491 ἐν
436 2470 485 2492 τι)
506 2458 670 2509 θησαυρῶ
699 2472 759 2494 και
779 2459 827 2494 τῶ
848 2459 999 2511 ἀνακείῳ
1018 2461 1170 2513 γραφὰς,

122 2512 349 2565 ἱστορήκασιν
364 2512 463 2551 ἄλλοι
481 2529 517 2551 τε
537 2514 596 2552 καὶ
615 2514 822 2567 Ἀρτέμων
808 2532 842 2554 εν
859 2519 908 2567 τῷ
927 2518 1016 2569 Περὶ
1032 2520 1170 2572 ζονγρά-

124 2586 196 2623 φων
215 2570 274 2609 καὶ
303 2571 450 2616 'idemq’
435 2588 468 2610 εν
497 2578 567 2616 τοῖς
590 2573 730 2625 Περὶγ
709 2578 894 2628 γραφικῆς.
914 2579 1088 2616 F01tasse
1114 2583 1171 2617 De

122 2632 336 2680 pictoribus
355 2634 505 2682 scripsit
520 2635 701 2670 Artemon
718 2636 858 2683 pictor,
878 2635 985 2684 cujus
1000 2640 1172 2674 meminit

123 2692 265 2727 Plinius
296 2693 346 2729 H.
378 2693 424 2730 N.
455 2693 619 2738 XXXV,
659 2706 673 2729 1
686 2706 720 2738 1,
755 2699 826 2739 4ο,
862 2694 908 2730 32
950 2709 956 2731 :
992 2699 1168 2735 Artemon

127 2750 137 2799 (
147 2750 305 2800 prurit).
316 2753 475 2787 Danaen
493 2753 712 2788 mirantibus
729 2766 814 2789 eam
826 2755 1066 2802 praedonibus
1075 2771 1089 2801 ,·
1112 2772 1168 2794 re-

120 2814 250 2858 ginam
269 2810 518 2855 Stratonicen,
545 2813 742 2847 Herculem
768 2820 804 2848 et
823 2814 1042 2850 Deianiram
1062 2830 1074 2851 .·
1098 2831 1164 2852 no-

124 2870 320 2905 bilissimas
344 2878 483 2914 autem,
519 2884 603 2919 quoe
624 2879 709 2906 sunt
728 2874 766 2906 in
792 2872 956 2908 Octaviae
975 2877 1160 2922 querebar,

123 2928 316 2963 Herculem
331 2929 380 2964 ab
397 2930 499 2965 OEta
512 2938 634 2966 monte
645 2931 803 2966 Doridos
815 2940 930 2968 exuta
946 2943 1063 2970 morta
1068 2937 1171 2971 litate

122 2999 300 3023 consensu
318 2987 468 3023 deorum
490 2992 528 3023 in
553 2988 688 3024 coelum
714 2998 881 3035 euntem;
909 2993 1168 3030 Laomedontis

122 3048 223 3080 circa
237 3047 432 3082 Herculem
453 3054 491 3082 et
505 3049 719 3096 Neptunum
738 3048 946 3086 historiam.
974 3052 1083 3088 Circa
1105 3054 1164 3089 Ol.

126 3115 200 3139 120
231 3102 404 3140 floruisse
432 3106 622 3153 pictorem
648 3107 812 3155 conjecit
841 3109 887 3146 Ο.
913 3110 1065 3147 ΜϋΙΓεΓ.
1094 3113 1167 3146 Ar-

121 3162 257 3198 choeol.
280 3162 303 3212 ἓ
327 3163 420 3209 163,
446 3177 480 3200 1,

486 3295 795 3334 AMBRACICA.

162 3379 299 3410 Narrant
311 3380 468 3412 Nicander
482 3382 810 3415 Transsormationum
824 3383 904 3415 libio
915 3383 1062 3424 primo—et
1075 3384 1166 3416 Atha-

122 3430 220 3463 nadas
236 3431 266 3462 in
281 3431 360 3464 libro
378 3435 423 3464 De
437 3433 530 3465 rebus
546 3434 739 3466 Ambracicis
751 3445 763 3465 :⁷

2201 257 2244 289 34
2255 259 2274 289 3

1735 351 1793 388 14.

1293 413 1506 447 Demeuius
1527 415 1580 449 De
1601 415 1741 452 elocut.
1766 415 1787 463 §
1811 417 1920 453 223:
1945 417 2041 470 ’έΑρτ
2026 436 2116 469 ,μων
2137 421 2198 472 μὲν
2216 417 2287 471 οὗν,

1241 467 1328 511 ὁτὰς
1337 467 1590 520 Ἀριστοτέλους
1601 471 1804 523 ἀναγράψας
1813 474 2007 523 ἐπιστολὰς,
2018 492 2118 529 φησιν
2135 457 2186 518 δ’τι
2196 483 2267 519 δεῖ
2254 499 2290 520 εν

1239 542 1289 564 τι)
1300 529 1394 580 αὐτῷ
1410 527 1528 581 τρόπῳ
1540 527 1698 578 διάλογόν
1710 545 1744 567 τε
1760 530 1902 603 γράφειν
1918 549 1976 571 και
1992 537 2189 582 ἐπιστολάς·
2202 534 2288 578 εἶναι

1242 566 1309 638 γδιρ
1330 585 1392 632 τὴν
1413 586 1598 633 ἐπιστολὴν
1624 590 1692 625 οῖον
1716 604 1755 626 το
1773 588 1886 642 ἕτερον
1913 591 2014 644 μέρος
2034 598 2094 631 τοῦ
2116 597 2225 635 διαλό
2215 614 2289 648 γ.ου

1294 647 1482 683 Walzius'
1473 660 1513 682 in
1529 647 1676 683 Praefat.
1701 649 1749 685 ad
1769 650 1881 686 Rhet.
1901 652 1966 689 G1.
1990 654 2068 688 vol.
2093 655 2177 691 IX:
2201 661 2292 695 «De

1238 705 1312 740 hoc
1350 708 1570 747 A1·,temone
1599 719 1712 754 quem
1741 708 1903 744 eundern
1931 723 2008 746 esse
2034 725 2119 747 cum
2156 727 2201 749 eo
2224 719 2290 764 qui

1240 771 1397 800 auctore
1427 765 1607 800 Athenaeo
1639 763 1726 816 Περὶ
1747 769 1949 817 συναγωγῆς
1971 768 2114 818 βιὸλίων
2144 780 2179 808 et
2201 775 2251 811 Πε
2239 774 2290 825 ερὶ

1241 820 1385 872 βιῧλίων
1397 820 1552 867 κτήσεως
1567 824 1733 872 scripsit,
1751 826 1840 861 satis
1851 839 1898 875 pi
1901 827 2106 865 obab1l1te1
2122 838 2292 869 statuunt

1239 881 1460 917 Schoelhus
1451 895 1490 917 111
1507 883 1604 920 Hist.
1627 883 1680 920 lit.
1700 891 1792 923 tom.
1818 886 1877 930 ΙΙ,
1895 898 1937 934 Ρ.
1966 886 2036 922 185
2062 888 2145 936 (ed.
2171 890 2291 925 Bero-

1238 940 1329 990 lin.)
1355 948 1392 976 et
1411 941 1536 980 Stahr.
1559 944 1711 980 Aristot.
1736 944 1776 981 P.
1797 945 1836 989 Ι,
1854 957 1892 993 Ρ.
1911 945 2008 990 206,
2032 959 2149 994 quum
2172 948 2293 983 desint

1239 1000 1312 1035 alia
1324 999 1461 1035 Graecae
1475 1002 1703 1036 Romanaeve
1717 1003 1953 1050 antiquitatis
1968 1006 2196 1051 testimonia,
2210 1020 2291 1055 per·

1239 1059 1441 1094 commode
1473 1072 1596 1107 nuper
1627 1060 1788 1105 accidit,
1819 1069 1862 1096 ut
1893 1062 1935 1098 C.
1969 1062 2013 1100 F.
2048 1065 2294 1102 Neumannus

1238 1118 1409 1161 Davidis,
1434 1119 1588 1153 Armeni
1612 1118 1800 1154 librorum
1821 1121 2033 1157 Aristotelis
2052 1123 2289 1172 interpretis,

1239 1177 1494 1211 testimonium
1510 1176 1683 1226 afferret,
1699 1190 1776 1224 quo
1794 1186 1951 1215 auctore
1966 1181 2134 1228 epistolae
2148 1184 2291 1219 Aristo-

1236 1235 1318 1269 telis
1347 1234 1394 1269 ab
1415 1237 1619 1271 Artemone
1640 1236 1810 1284 quodam
1830 1238 2000 1274 collectae
2017 1247 2053 1275 et
2072 1248 2159 1276 octo
2181 1242 2291 1278 libris

1237 1293 1345 1328 editae
1362 1302 1460 1329 sunt.
1483 1294 1701 1342 (Memoires
1719 1308 1785 1330 sur
1800 1298 1838 1331 la
1854 1310 1919 1333 vle
1935 1307 1973 1334 et
1986 1301 2038 1334 les
2052 1313 2228 1350 ouvrages
2243 1303 2292 1337 de

1236 1351 1371 1395 Dam'd,
1399 1351 1624 1400 philosophe
1650 1355 1700 1389 clu
1719 1355 1920 1402 cinquieme
1942 1356 2067 1401 siecle,
2095 1367 2133 1394 et
2145 1362 2287 1406 princi-

1233 1411 1425 1457 palemeut
1439 1424 1503 1445 sur
1518 1413 1570 1446 les
1586 1412 1810 1448 traductione
1825 1415 1873 1449 de
1885 1417 2060 1463 quelques
2071 1419 2181 1452 e'crits
2195 1417 2231 1452 d‘
2236 1420 2270 1452 A
2281 1438 2288 1446 -

1236 1472 1376 1512 ristote,
1399 1482 1476 1516 par
1493 1469 1534 1507 C.
1552 1470 1598 1507 F.
1619 1472 1818 1507 Neumamz
1830 1498 1841 1517 ,
1863 1474 1901 1508 in
1917 1475 2077 1511 Journal
2092 1477 2291 1523 Asiatique

1242 1527 1359 1576 1829,
1381 1535 1474 1565 tom.
1502 1529 1582 1573 ΙΙΙ,
1602 1541 1640 1576 p.
1668 1529 1778 1578 113.)
1824 1551 1827 1554 ‹

1653 1627 1866 1642 *OQ-—

1529 1706 1996 1768 ASTYNOMUS.

1292 1808 1431 1843 Plinius
1460 1808 1508 1846 H.
1537 1810 1584 1847 Ν.
1606 1811 1649 1855 V,
1673 1811 1737 1859 31,
1763 1811 1825 1862 35,
1848 1813 1894 1848 de
1923 1814 2050 1862 Cypro
2071 1828 2077 1849 :
2106 1816 2288 1851 Vocatam

1237 1875 1324 1901 ante
1344 1868 1615 1912 Acamantida,
1639 1870 1880 1915 Plzilonicles,
1915 1873 2083 1908 Ceras-tia
2107 1875 2150 1909 X
2149 1887 2289 1923 euago-

1237 1939 1314 1969 ras,
1339 1934 1375 1961 et
1390 1928 1584 1974 Aspeliam
1604 1927 1715 1976 (num
1731 1927 1954 1980 Σφήκειανῗ)
1975 1941 2010 1967 et
2028 1932 2287 1969 Amathusiam

1236 1993 1273 2019 et
1299 1985 1556 2020 Macariam:
1577 1988 1799 2033 Astynomus
1827 1990 1989 2037 Clypton
2018 1999 2052 2025 ec
2083 1991 2284 2028 Coliniam.

1236 2034 1446 2091 Stephanus
1462 2045 1587 2091 Byz.:
1610 2043 1766 2095 Κύπρος,
1784 2059 1884 2090 νησος
1905 2045 2071 2096 μεγάλη’
2057 2062 2091 2084 εν
2109 2050 2158 2100 τῷ
2178 2050 2286 2099 Παμ-

1237 2099 1347 2152 φυλίῳ
1360 2099 1526 2152 κόλπῳ,
1508 2100 1577 2138 απὸ
1593 2100 1737 2152 Κύπρου
1753 2105 1813 2148 τῆς
1828 2103 1993 2155 θυγατρὸς
2014 2104 2198 2157 Κινύρου*
2179 2123 2200 2153 η
2217 2107 2286 2145 ἀπὸ

1238 2162 1294 2195 τοῦ
1314 2159 1485 2210 φυομένου
1504 2159 1626 2203 ἄνθους
1645 2160 1792 2212 κύπρου.
1814 2161 2020 2213 Ἀστύνομος
2040 2165 2076 2201 δέ
2091 2180 2175 2214 φησι
2194 2165 2285 2218 Κρύ-

1235 2232 1320 2254 πτον
1341 2219 1532 2266 κεκλῆσθαι
1557 2219 1612 2256 διὰ
1634 2219 1672 2257 τὸ
1700 2219 1914 2271 κρύπτεσθαι
1926 2219 2143 2267 πολλάκις(
2131 2224 2197 2262 υπὸ
2223 2228 2285 2271 τῆς

1235 2275 1429 2322 θαλάσσης·
1442 2271 1516 2314 εἶτα
1532 2277 1708 2330 Κύπρος.’
1714 2281 1885 2318 Εκαλεῖτο
1899 2278 1935 2317 δὲ
1948 2281 2007 2318 καὶ
2025 2283 2196 2333 Κεραστὶς
2214 2284 2284 2321 ἀπὸ

1235 2337 1293 2372 τοῦ
1310 2334 1423 2372 πολλὰ
1444 2335 1534 2387 ἄκρα
1559 2336 1650 2389 ἔχειν
1670 2337 1729 2375 καὶ
1753 2338 1951 2389 Κεραστιὰς
1981 2341 2040 2378 καὶ
2067 2341 2280 2391 Ἀμαθουσία

1234 2395 1293 2430 καὶ
1309 2394 1454 2441 Μηιονὶς
1471 2394 1530 2432 καὶ
1545 2395 1704 2447 Σφήκεια
1720 2397 1778 2435 καὶ
1794 2396 2014 2447 Ἀκαμαντίς.
2035 2401 2090 2438 Cf.
2111 2403 2279 2440 Eustatli.

1234 2454 1279 2490 ad
1294 2455 1451 2503 Dionys.
1477 2455 1546 2492 :Oi
1567 2454 1602 2492 δὲ
1620 2454 1783 2507 Κρύπτον
1800 2455 1883 2494 πότε
1901 2458 2071 2504 κληθῆναι
2092 2459 2200 2506 αὐτην
2220 2460 2282 2498 λέ-

1234 2526 1332 2562 γουσι
1356 2511 1412 2550 διὰ
1430 2528 1469 2550 το
1489 2513 1679 2566 κεκρύφθαι
1705 2513 1770 2552 ὑπὸ
1791 2514 1992 2566 θαλάσσης,
2011 2516 2095 2569 ὅπερ
2115 2518 2174 2556 καὶ
2202 2534 2283 2571 περι

1234 2570 1349 2618 Δήλου
1371 2571 1556 2622 μυθεύεται
1582 2588 1642 2610 και
1662 2572 1740 2624 περὶ
1768 2572 1931 2612 Ῥόδου
1913 2574 1948 2612 οὲ
1977 2574 2068 2613 κατὰ
2093 2576 2278 2629 Πίνδαρον.

1234 2658 1283 2665 -
1300 2633 1527 2668 Nominatur
1543 2635 1766 2681 Astynomus
1785 2635 1899 2670 etiam
1916 2636 2013 2672 inter
2033 2636 2153 2673 fontes
2173 2639 2283 2673 Plinii

1233 2692 1280 2728 ll.
1304 2693 1350 2727 N.
1374 2692 1440 2727 lib.
1463 2694 1525 2730 IV.

1524 2854 1986 2913 ATHANADAS.

1596 2968 1916 3007 AMssPAfflKA.

1285 3057 1498 3092 Antoninus
1529 3057 1714 3093 Liberalis
1749 3071 1783 3095 c.
1818 3062 1839 3101 4
1874 3071 1880 3093 :
1913 3055 2057 3109 Ἱστορεῖ
2086 3056 2277 3108 Νίκανδρος

1231 3110 1523 3163 Ἑτεροιουμένων
1541 3113 1574 3149 α’
1597 3114 1656 3151 καὶ
1677 3113 1867 3157 Ἀθανάδας
1887 3113 2150 3166 Ἄμὸρακι-κοῒς·

1283 3169 1488 3221 Κραγαλεὺς
1505 3173 1522 3208 ὁ
1538 3170 1694 3222 Δρύοπος
1712 3171 1795 3224 ᾤκει
1814 3175 1878 3223 γῆς
1898 3175 1959 3218 τῆς
1975 3173 2163 3225 Δρυοπίδος
2176 3173 2273 3224 παρὰ

1270 3282 1456 3321 evagamus,
1471 3284 1606 3323 Dryopis
1620 3283 1702 3315 filius
1714 3308 1723 3322 ‚
1741 3284 1906 3316 habitabat
1919 3284 1949 3315 in
1967 3285 2124 3325 Dryopide
2145 3285 2272 3324 regione

1228 3331 1267 3362 ad
1282 3332 1408 3364 lavacra
1421 3334 1578 3374 Herculis,
1593 3343 1666 3374 quae
1676 3335 1860 3367 fabulantur
1872 3336 2040 3367 Herculem
2052 3337 2141 3367 clava
2155 3335 2273 3366 montis

1229 3385 1311 3416 latus
1321 3387 1549 3426 percutientem
1567 3387 1736 3427 aperuisse.
1756 3389 1928 3428 Cragaleus
1942 3389 1994 3420 ille
2004 3388 2068 3427 Jam
2080 3396 2175 3419 senex
2189 3388 2268 3426 erat,

1227 3437 1262 3468 et
1271 3437 1311 3468 ab
1329 3437 1481 3478 indigenis
1494 3438 1593 3470 homo
1609 3439 1712 3479 justus
1727 3439 1905 3471 habebatur
1918 3440 1950 3471 et
1966 3438 2113 3479 prudeus.
2133 3438 2178 3470 Ad
2196 3447 2270 3470 eum
