2372 3704
121 279 198 311 4210

232 400 590 459 LUCILLUS
628 397 1057 457 TARRHAEUS.

178 519 359 567 Stephan.
387 521 472 567 Byz.
496 532 503 554 :
539 517 689 569 Τάρρα,
722 516 821 560 πόλις
852 516 1009 565 Λυδίας,
1041 517 1100 568 ἀφ’
1128 511 1168 562 ἧς

121 575 296 620 Λεύκιοςὸ
312 576 571 629 γραμματικός.
592 576 718 628 Ἑτέρα
738 575 895 627 Κρήτης,
913 575 948 613 ἐν
962 570 1168 627 ᾗΤαρραῖος

118 633 297 673 Ἀπόλλων
330 640 489 684 τιμᾶται.
523 633 667 678 Λούκιος
696 633 728 671 δ’
762 628 803 680 ἦν
836 633 906 671 ἀπὸ
935 635 968 672 T
972 633 1088 685 άρρης·
1108 635 1168 679 τ’ἧς

123 693 303 744 Κρητικῆς
323 693 468 737 πόλεως·
488 692 630 746 φέρεται
653 693 688 730 δὲ
720 691 842 730 τούτου
865 690 908 729 τὰ
930 691 1018 743 Περὶ
1035 706 1166 743 παροι-

121 753 210 800 μιῶν
239 751 318 804 τρία
349 751 467 804 βιὸλία
500 751 644 803 ἄριστα,
669 751 729 789 καὶ
755 750 843 802 Περὶ
864 748 1083 802 γραμμάτων
1108 749 1167 787 καὶ

119 809 278 862 Τεχνικὰ
296 810 570 863 γλαφυρώτατα.
620 812 626 815 ’

175 869 335 920 Λούκιος]
356 872 416 907 Sic
437 872 550 906 etiam
569 871 789 907 Ammonius
817 871 873 905 De
894 868 975 906 diff.
1010 882 1047 906 ν.
1080 881 1118 916 p.
1142 881 1166 916 9

121 927 132 978 (
145 929 214 964 nisi
226 930 331 977 quod
348 928 487 970 Κίλλιος
498 929 649 964 exhibet
659 928 752 965 edit.
765 928 795 965 F
798 927 1005 962 relloniana
1018 924 1041 975 ).
1055 927 1167 975 Apud

119 988 287 1036 reliquos
306 995 342 1024 et
361 988 463 1037 apud
479 989 602 1036 ipsum
620 987 852 1035 Stephanum
864 998 901 1022 v.
922 983 1165 1028 Θεσσαλονίκη

121 1053 158 1081 et
184 1044 352 1097 Κάλαρνα
381 1054 516 1083 auctor
535 1046 747 1094 appellatur
776 1045 814 1080 in
834 1045 1022 1093 plerisque
1049 1044 1163 1080 codd.

122 1103 323 1147 Λούκιλλος.
344 1107 400 1141 De
427 1105 643 1140 Proverbiis
661 1103 740 1150 ejus
763 1115 800 1140 ν.
826 1102 1104 1139 Schneidewin.
1130 1104 1166 1138 in

122 1164 281 1201 Paroem.
299 1162 405 1211 praef.
427 1175 467 1210 p.
491 1175 550 1198 ΧΠ
579 1174 635 1209 sq.
659 1161 717 1212 (*).
751 1163 854 1197 Inter
867 1161 1066 1197 historicos
1087 1163 1166 1198 Lu-

162 1255 202 1295 (*)
227 1254 415 1286 Ammonius
433 1263 462 1295 p.
478 1259 516 1293 6,
531 1259 550 1288 9
564 1253 616 1286 ed.
629 1253 781 1285 Valcken.
803 1266 810 1284 :
831 1253 918 1285 Αἶνος
939 1253 991 1284 καὶ
1017 1254 1168 1294 παροιμία

119 1303 262 1343 διαφέρει·
282 1303 298 1333 ὀ
313 1301 367 1341 μὲν
381 1302 440 1342 γὰρ
462 1301 546 1338 αἰνός
562 1301 627 1332 ἐστι
643 1300 734 1340 λόγος
744 1299 1013 1331 κατὰ’ἀνάπλασιν
1038 1301 1168 1340 μυθικὴν

121 1351 183 1382 ἀπὸ
211 1349 334 1389 ἀλόγων
354 1349 442 1389 ζῴων
465 1350 484 1387 ἢ
502 1351 603 1388 φυτῶν
631 1348 706 1389 πρὸς
729 1347 909 1388 ἀνθρώπους
930 1348 1104 1388 εἰρημένος,
1128 1349 1169 1384 ὥς

119 1408 194 1437 φησι
211 1396 344 1431 Λούκιος
357 1397 507 1436 Ταρραῖος
523 1395 555 1427 ἐν
566 1398 612 1435 τῷ
627 1394 747 1436 πρώτῳ
766 1396 946 1435 Παροιμιῶν
967 1394 1032 1424 κτλ.
1050 1394 1170 1426 Eadem

119 1443 269 1475 Eustath.
295 1441 336 1473 ad
360 1441 398 1474 ll.
425 1453 457 1480 α,
475 1451 505 1482 p.
527 1445 608 1480 855,
635 1445 673 1481 3,
701 1441 755 1473 ubi
774 1454 781 1473 :
800 1443 842 1477 ὡς
858 1441 1028 1476 Λούκιλλος
1048 1441 1065 1472 ὁ
1086 1443 1121 1472 Τ.
1139 1441 1169 1472 ἐν

119 1491 234 1531 πρώτῳ
249 1491 323 1531 Περὶ
339 1492 525 1530 παροιμιῶν.
546 1491 593 1520 Ex
609 1489 720 1521 eodem
738 1489 826 1520 fonte
844 1497 902 1520 sua
917 1487 1034 1519 bahent
1053 1487 1168 1528 Dioge-

120 1538 255 1575 nianus,
280 1536 482 1577 Apostohus,
510 1535 661 1568 Arsenius
686 1537 718 1567 in
746 1544 880 1576 prooem.
906 1534 948 1566 ad
975 1537 1072 1566 Prov.
1093 1535 1166 1567 Vid.

120 1584 268 1617 Leutsch.
287 1583 491 1624 Paroemiogr.
514 1591 548 1624 p.
569 1586 646 1623 178,
667 1585 699 1615 et
715 1582 949 1616 Schneidewin.
976 1581 1052 1613 ibid.
1077 1582 1168 1621 praef.

120 1640 150 1671 p.
167 1639 244 1670 xm,
264 1631 319 1662 ubi
342 1630 502 1662 Lucillum
523 1630 629 1670 ipsum
645 1638 700 1668 ea,
719 1638 792 1671 quac
818 1629 858 1660 de
874 1629 953 1669 αἴνῳ
966 1651 974 1667 ,
992 1628 1089 1669 λόγῳ,
1108 1640 1170 1660 πα-

120 1678 226 1719 ροιμίᾳ
241 1677 428 1718 disputavit,
446 1676 624 1717 Chrysippo
635 1676 752 1709 debere
768 1676 888 1708 censet.
907 1674 1005 1707 Addit
1025 1675 1140 1707 deinde
1159 1684 1168 1707 :

123 1738 137 1752 «ι
157 1724 348 1756 conciliavit
360 1725 469 1756 autem
483 1724 655 1756 Tarrhaeus
672 1722 853 1756 collectioni
870 1731 936 1754 suae
953 1721 1169 1754 celebritatem

122 1780 186 1802 non
201 1771 308 1802 solum
324 1771 467 1803 excussis
484 1772 635 1802 accurate
650 1770 751 1811 copiis
765 1770 910 1810 priorum
923 1794 932 1808 ‚
961 1769 1016 1800 sed
1035 1769 1100 1808 ipse
1120 1767 1171 1798 vel

122 1818 395 1858 peregrinationes
409 1817 552 1858 suscepit
570 1816 611 1849 ad
637 1817 851 1858 explorandas
864 1816 989 1847 fabulas
1009 1816 1042 1846 et
1060 1823 1170 1845 narra-

120 1866 225 1896 tiones
239 1865 438 1905 singularum
465 1865 612 1904 urbium,
639 1864 853 1904 templorum,
879 1863 1044 1901 locorum;
1065 1861 1114 1892 vel
1131 1870 1171 1892 ex

121 1912 410 1952 peregrinatoribus
433 1920 482 1943 res
512 1911 629 1952 patrias
645 1911 860 1943 scrutabatur.
886 1909 1018 1943 Scholia
1045 1909 1169 1940 Platon.

122 1967 152 1997 p.
170 1961 233 1991 396
251 1958 385 1990 Bekker.
407 1968 414 1989 ε
432 1959 596 1997 Ἤκουσα,
613 1959 654 1994 ὥς
677 1969 750 1997 φησι
777 1959 927 1998 Ταρραῖος
939 1980 947 1992 ,
965 1956 1170 1997 ἐγχωρίων

125 2007 163 2037 λε
172 2006 238 2046 γόν
246 2017 295 2037 τω
305 2017 321 2036 ν
332 2029 340 2044 ,
355 2006 400 2036 ὅτι
415 2006 446 2037 ἐν
460 2005 588 2046 Σαρδόνι
606 2005 742 2045 γίγνοιτο
755 2003 869 2045 βοτάνη
883 2003 995 2045 σελίνῳ
1011 2005 1172 2044 παραπλη-

123 2053 196 2090 σία,
220 2053 256 2092 ἦς
288 2054 316 2084 οἱ
348 2052 534 2093 γευσάμενοι
559 2053 686 2084 δοκοῦσι
706 2053 760 2092 μὲν
782 2052 948 2091 γελῶντες,
971 2054 1112 2092 σπασμῷ
1139 2052 1171 2083 δὲ

123 2101 374 2138 ἀποθνήσκουσιν
400 2102 455 2139 (ν.
480 2100 599 2131 Zenob.
629 2102 676 2138 V,
705 2099 780 2139 85).
806 2098 895 2130 Adde
921 2099 1120 2139 Stephanum
1138 2107 1168 2130 V.

124 2147 261 2184 Δωδώνη
275 2170 284 2185 ,
301 2146 355 2186 qui
374 2155 447 2186 quae
460 2146 499 2178 de
522 2146 694 2186 proverbio
712 2146 898 2177 Δωδωναῖον
912 2145 1062 2185 χαλκεῖον
1075 2153 1171 2176 accu-

123 2195 191 2225 rate
207 2195 238 2224 et
255 2193 348 2224 docte
367 2192 484 2232 tradit,
508 2202 545 2224 ea
570 2201 644 2224 cum
668 2192 935 2233 explicationibus
961 2192 1105 2232 priorum
1132 2200 1171 2222 ex

122 2240 267 2272 Tarrhaei
282 2240 520 2271 commentariis
538 2239 664 2271 videtur
683 2239 823 2271 hausisse
839 2238 947 2270 omnia
966 2251 974 2270 ι
993 2239 1082 2270 Κατὰ
1099 2239 1171 2277 μέν-

123 2298 170 2318 τοι
184 2287 254 2322 τοὺς
267 2287 449 2327 ἡμετέρους,
465 2287 556 2327 φησὶν
570 2287 748 2327 ὁΤαρραῖος
760 2310 768 2324 ,
789 2286 854 2317 ἔστι
871 2286 925 2326 μὲν
941 2285 1021 2323 λαὸἠ
1039 2289 1091 2323 τῆς
1118 2285 1172 2325 μοὶ-

123 2345 245 2373 στιγος,
263 2335 290 2365 οἱ
304 2335 336 2365 δὲ
350 2333 472 2374 ἱμάντες
487 2334 766 2365 ἁποπεπτώκασιν.
788 2334 878 2373 Παρὰ
903 2333 1006 2373 μέντοι
1025 2335 1086 2364 τῶν
1104 2333 1171 2363 ἐπι-

124 2381 248 2421 χωρίων
265 2381 345 2416 τινὸς
364 2381 556 2420 ἠκούσαμεν,
575 2382 633 2419 ὡς,
648 2380 773 2420 ἐπείπερ
792 2380 938 2411 ἐτύπτετο
955 2379 1010 2420 μὲν
1030 2380 1091 2411 ὑπὸ
1112 2379 1172 2420 μοί-

124 2437 241 2466 στιγος,
255 2427 325 2467 ἤχει
339 2426 364 2458 δ’
388 2427 437 2458 ἐπὶ
464 2427 559 2458 πολὺν
576 2427 686 2468 χρόνον
697 2450 705 2465 ,
718 2428 761 2459 ὡς
776 2426 934 2467 χειμερίου
955 2430 1007 2464 τῆς
1021 2427 1174 2463 Δωδώνης

124 2473 324 2513 ὑπαρχούσης
338 2496 346 2510 ,
361 2473 487 2508 εἰκότως
503 2474 544 2509 εἰς
555 2473 722 2515 παροιμίαν
732 2474 922 2514 περιεγένετο
933 2473 968 2504 τὸ
981 2474 1137 2514 χαλκεῖον.
1158 2486 1173 2500 υ

126 2519 242 2551 Lucilli
262 2519 509 2550 Proverhiorum
533 2528 614 2559 opus
635 2520 666 2550 in
687 2519 914 2559 compendium
934 2519 1055 2559 redegit
1073 2522 1173 2551 Zeno-

128 2565 214 2596 bius.
229 2565 342 2596 suidas
356 2574 384 2595 v.
407 2566 588 2603 Ζηνόῧιος...
608 2566 735 2606 ἔγραφεν
749 2566 898 2606 ἐπιτομὴν
913 2569 976 2597 τῶν
991 2568 1175 2608 Παροιμιῶν

129 2611 267 2651 Διδύμου
292 2613 344 2643 καὶ
370 2614 523 2653 Ταρραίου
546 2614 576 2644 ἐν
607 2613 734 2654 βιὸλίοις
759 2614 854 2654 τρισί.
885 2613 972 2645 {dem
996 2614 1175 2653 significant

127 2658 225 2689 schol.
242 2659 335 2690 Arist.
351 2660 432 2691 Nub.
456 2663 529 2698 1343
542 2660 642 2692 schol.
658 2661 756 2692 Arist.
772 2661 902 2692 Rhetor.
918 2662 963 2699 11,
979 2663 1030 2691 42.
1047 2662 1176 2692 Tzetzes

129 2706 211 2736 llist.
227 2707 315 2744 Vlll,
335 2710 368 2738 18
379 2730 388 2745 ,
401 2708 431 2738 et
447 2707 513 2746 ipsa
527 2707 699 2739 Zenobiani
713 2707 784 2738 libri
799 2707 972 2747 inscriptio.
991 2709 1030 2738 V.
1044 2708 1175 2739 Schnei-

127 2751 245 2783 dewin.
267 2761 297 2792 p.
320 2761 407 2785 xxiv.
429 2755 476 2785 Τὰ
501 2755 628 2795 τεχνικὰ
647 2755 873 2796 γλαφυρώτατα
897 2755 1022 2794 signare
1050 2754 1177 2786 videtur

127 2798 227 2829 schol.
247 2798 279 2829 in
297 2799 428 2839 Dionys.
446 2801 554 2832 Thrax
567 2810 620 2841 ap.
639 2801 738 2833 Bekk.
755 2804 814 2833 An.
834 2809 865 2842 p.
886 2805 946 2833 652
967 2801 1125 2841 (Λούκιος
1145 2802 1176 2832 δὲ

128 2846 145 2876 ὁ
158 2846 307 2886 Ταρραῖος
320 2846 419 2885 λέγει,
436 2846 482 2877 ὅτι
495 2850 548 2885 τῆς
562 2848 670 2888 τέχνης
685 2848 749 2885 εἴδη
759 2847 898 2888 τέσσαρα
910 2848 976 2879 κτλ.
987 2847 1011 2888 ),
1028 2850 1178 2879 monente

132 2892 271 2923 Prellero
295 2892 334 2923 ad
362 2893 522 2924 Polemon.
555 2903 586 2934 p.
618 2899 669 2926 62.
691 2897 739 2926 Ex
764 2903 860 2935 opere
887 2895 961 2935 Περὶ
987 2894 1178 2936 γραμμάτων

128 2938 276 2979 quaedam
292 2941 507 2979 excerpuntur
521 2935 552 2972 in
572 2943 714 2973 Cramer.
730 2945 779 2974 An
805 2944 862 2982 lv,
878 2951 908 2982 p.
929 2945 988 2974 318
1002 2942 1040 2973 cl.
1057 2950 1088 2982 p.
1105 2945 1177 2974 308.

401 3050 469 3087 DE
504 3051 909 3092 THESSALONICE.

637 3133 668 3165 1.

171 3185 412 3225 Thessalonice,
428 3184 505 3217 urbs
523 3186 736 3227 Macedoniae,
755 3197 828 3228 quae
845 3189 938 3221 Halia
960 3189 1147 3228 vocabatur,
1161 3197 1179 3219 a

131 3236 309 3270 cassandro
334 3237 447 3269 incolis
468 3237 668 3278 frequentata
681 3262 690 3278 ,
717 3242 800 3280 (qui
825 3249 946 3273 nomen
965 3242 996 3272 ei
1014 3240 1144 3273 indidit
1158 3249 1180 3272 a

137 3288 372 3322 Thessalonice
383 3289 530 3328 uxore),
545 3291 602 3322 aut
617 3298 635 3321 a
653 3290 795 3331 Philippo
818 3292 862 3323 ita
878 3293 991 3324 vocata
1013 3294 1078 3331 est,
1094 3292 1180 3333 quod

133 3340 299 3373 Thessalos
310 3339 354 3372 ibi
368 3340 497 3372 vicerat.
524 3341 667 3373 Lucillus
685 3351 761 3374 vero
775 3343 962 3380 Tarrhoeus.
982 3344 1039 3384 qui
1063 3343 1180 3376 librum

133 3394 180 3424 De
190 3391 411 3424 Thessalonice
423 3391 548 3432 scripsit
558 3392 759 3433 ,Philippum
771 3393 847 3426 dicit
860 3395 1078 3435 conspicatum
1096 3395 1179 3435 puel-

135 3444 199 3475 lam
215 3444 386 3476 formosam
403 3452 441 3475 ac
453 3443 594 3476 nobilem
608 3443 619 3485 (
633 3445 700 3477 erat
718 3447 803 3477 enim
822 3446 942 3478 Iasonis
958 3455 999 3477 ex
1013 3447 1110 3478 fratre
1129 3455 1182 3478 ne-

135 3497 220 3537 ptis)
248 3496 377 3528 duxisse
405 3506 558 3537 uxorem,
585 3506 719 3538 eamque
735 3498 785 3530 die
804 3507 820 3530 a
838 3499 1005 3538 puerperio
1034 3499 1182 3530 vicesima

936 271 1140 311 LUCILLl
1170 269 1455 310 THARRHAEI
1468 301 1479 318 ,

1231 361 1319 395 cillo
1339 361 1445 396 locus
1462 359 1623 396 debetur
1641 366 1799 408 propter
1820 359 1958 395 librum
1981 371 2094 407 quem
2112 373 2271 410 compo-

1230 420 1304 455 suit
1323 421 1380 455 De
1399 419 1657 454 Thessalonice
1675 418 1786 463 urbe,
1808 419 1848 453 in
1872 430 1949 466 qua
1974 419 2113 454 diutius
2138 429 2273 457 auctor

1231 477 1371 526 degisse
1394 478 1557 513 videtur.
1585 478 1767 512 Praeterea
1794 478 2050 525 Argonautica
2078 478 2272 526 Apollonii

1230 537 1496 584 interpretatus
1513 543 1583 580 est,
1604 535 1671 571 ubi
1686 541 1791 584 patet
1807 547 1854 571 ex
1868 536 1944 574 Vit.
1962 537 2155 584 Apollonii
2171 545 2209 573 et
2227 549 2273 574 ex
2301 554 2304 556 Α

1228 594 1347 632 schol.
1381 593 1430 629 ad
1449 594 1576 643 Apoll.
1610 595 1652 640 Ι,
1679 593 1766 639 187.
1801 597 1910 635 1040.
1936 593 2048 629 1083.
2082 595 2192 633 1165.
2213 596 2271 634 Cf.

1229 651 1375 688 Eudoc.
1392 665 1433 700 p.
1458 665 1521 701 29.
1540 653 1672 699 quue
1683 653 1722 687 in
1731 652 1886 700 negotio
1900 664 1980 687 non
1994 659 2071 688 tam
2085 665 2272 702 gramma-

1230 711 1348 745 ticum
1365 723 1478 758 quam
1493 711 1717 746 historicum
1751 717 1788 746 et
1811 710 2076 759 mythologum
2095 713 2209 760 egisse
2227 725 2275 750 ex

1229 769 1321 804 locis
1350 769 1471 804 citatis
1502 769 1694 817 colligitur
1731 766 1741 819 (
1758 768 1806 805 cf.
1840 769 2047 804 Weichert.
2087 770 2208 807 Ueber
2230 771 2272 809 d.

1231 827 1316 864 Leb.
1333 840 1370 864 ιι.
1386 828 1424 864 d.
1450 825 1607 873 Schften
1619 828 1657 864 d.
1675 828 1853 875 Apollon.
1870 839 1910 875 p.
1930 826 2005 875 396
2019 825 2167 876 ).Quod
2183 835 2274 865 aeta-

1229 891 1305 920 tem
1328 886 1523 934 scriptoris
1547 886 1699 930 attinet,
1715 885 1883 932 Didymo
1905 885 2036 933 paullo
2065 886 2275 935 antiquior,

1230 944 1287 979 vel
1309 945 1460 992 aequalis
1480 944 1559 991 ejus
1579 944 1689 980 fuisse
1708 943 1872 981 videtur.

1470 1074 1504 1111 Π
1513 1073 1593 1111 EPI
1621 1072 2034 1112 ΘΕΣΣΑΛΟΝΙΚΗΣ.

1283 1185 1461 1233 Stephan.
1480 1185 1566 1231 Byz.
1592 1194 1600 1220 z
1622 1179 1890 1232 Θεσσαλονίκη,
1918 1180 2017 1225 πόλις
2037 1181 2278 1234 Μακεδονίας,

1230 1240 1305 1287 ἥτις
1321 1240 1388 1293 ἄρα
1406 1241 1563 1278 ἐκαλεῖτο
1586 1238 1705 1286 Ἁλία,
1726 1239 1958 1291 Κασσάνδρου
1978 1238 2166 1290 κτίσμα,”
2181 1239 2205 1288 ἢ
2225 1239 2278 1280 ὅτι

1232 1299 1411 1343 Φίλιππος
1427 1303 1486 1337 τοῦ
1505 1297 1672 1348 Ἀμύντου
1693 1299 1766 1335 ἐκεῖ
1783 1296 1982 1342 Θετταλοὺς
2004 1298 2149 1345 νικήσας
2171 1297 2278 1344 οὕτως

1231 1358 1390 1399 ἐκάλεσε.
1410 1357 1601 1400 Λούκιλλος
1622 1359 1634 1407 (
1649 1356 1795 1400 Λούκιος
1811 1358 1898 1394 cod.
1920 1358 2044 1395 Rhed.
2060 1358 2072 1408 )
2090 1356 2127 1395 δὲ
2142 1360 2160 1396 ὁ
2177 1359 2276 1411 Ταρ-

1233 1420 1325 1469 ραῒος
1347 1416 1435 1469 Περὶ
1455 1415 1719 1462 Θεσσαλονίκης
1741 1414 1872 1467 βιὸλίον
1902 1414 2064 1469 ἔγραψεν,
2099 1415 2134 1460 ὅς
2160 1431 2278 1469 φησιν,

1231 1475 1284 1514 δ’τι
1310 1476 1489 1518 Φίλιππος
1509 1473 1722 1523 θεασάμενος
1741 1473 1846 1525 κόρην
1867 1475 2023 1526 εὐπρεπῆ
2053 1474 2112 1512 καὶ
2132 1475 2276 1526 εὐγενῆ,

1232 1535 1386 1577 Ἰάσονος
1405 1532 1472 1585 γὰρ
1495 1527 1535 1580 ἦν
1554 1532 1741 1585 ἀδελφιδῆ,
1763 1532 1871 1583 ἔγημε
1883 1532 1975 1582 ,ικαὶ
1994 1536 2143 1571 τεκοῦσα
2165 1536 2209 1586 τῇ
2227 1534 2278 1571 εἷν-

1231 1596 1337 1645 κοστῇ
1352 1591 1469 1644 ἡμέρᾳ
1482 1595 1542 1638 τῆς
1555 1591 1694 1643 λοχείας
1710 1590 1883 1637 τέθνηκεν·
1903 1591 2088 1629 ἀναλαὸὼν
2106 1585 2164 1629 οὖν
2178 1593 2196 1629 ὁ
2212 1590 2279 1632 Φί·

1231 1653 1359 1694 λιππος
1388 1650 1428 1689 τὸ
1453 1649 1589 1688 παιδίον
1622 1649 1727 1687 ἔδωκε
1763 1649 1859 1701 Νίκῃ
1884 1648 2033 1702 τρέφειν,
2054 1649 2114 1688 καὶ
2134 1650 2279 1688 ἐκάλεσε

1232 1709 1514 1756 Θεσσαλονίκην·
1535 1712 1556 1755 ἡ
1578 1708 1644 1760 γὰρ
1667 1707 1783 1759 μήτηρ
1802 1712 1861 1746 τοῦ
1880 1708 2020 1746 παιδίου
2048 1707 2280 1753 Νικασίπολις

1233 1769 1414 1815 ἐκέκλητο.
1437 1787 1452 1802 »
1478 1770 1655 1805 Narratio
1673 1769 1817 1806 mutila.
1836 1769 1950 1804 Initio
1970 1770 2148 1817 supplere
2162 1769 2248 1805 licet
2268 1780 2278 1806 ε

1234 1826 1303 1865 ἀπὸ
1318 1825 1579 1872 Θεσσαλονίκης
1597 1828 1658 1871 τῆς
1673 1824 1903 1877 Κασσάνδρου
1916 1825 2089 1876 γυναικὸς,
2106 1824 2196 1863 οὕτω
2210 1841 2279 1863 κα-

1232 1884 1386 1934 λουμένη
1398 1914 1407 1931 ,
1426 1882 1450 1930 ἢ
1468 1882 1521 1921 ὅτι
1537 1885 1615 1921 κτλ.
1640 1884 1776 1921 Strabo
1795 1886 1887 1933 VII,
1905 1883 1977 1920 323
2001 1896 2009 1921 :
2031 1882 2077 1922 Ἡ
2094 1884 2280 1923 Θεσσαλο-

1232 1945 1351 1991 νίκη...
1372 1942 1537 1995 πρότερον
1559 1941 1685 1992 Θέρμη
1709 1942 1879 1987 ἐκαλεῖτο,
1901 1941 2033 1991 κτίσμα
2049 1940 2122 1979 ἐστὶ
2139 1940 2280 1980 Κασάν-

1234 2004 1328 2055 δρου,
1344 2001 1379 2046 ὃς
1394 2001 1451 2039 ἐπὶ
1467 2003 1515 2053 τῷ
1533 2000 1677 2051 ὀνόματι
1693 2002 1755 2046 τῆς
1771 2002 1893 2038 ἑαυτοῦ
1910 1999 2088 2050 γυναικὸς,
2104 1999 2226 2044 παιδὸς
2243 1999 2280 2038 δὲ

1231 2061 1416 2100 Φιλίππου
1433 2063 1492 2098 τοῦ
1501 2058 1684 2109 Ἀμύντου,
1699 2058 1893 2109 ὠνόμασεν.
1910 2059 2145 2109 EStephano
2157 2059 2283 2096 hausit

1233 2121 1466 2158 Constantin.
1489 2119 1676 2168 Porphyr.
1691 2121 1748 2155 De
1768 2118 1883 2156 them.
1901 2119 1957 2163 II,
1975 2122 1996 2162 l,
2011 2145 2020 2163 ‚
2034 2131 2072 2167 p.
2086 2116 2130 2154 51
2153 2115 2281 2169 εἜχει

1235 2178 1270 2216 δὲ
1310 2179 1373 2224 τὴν
1412 2175 1605 2227 ὀνομασίαν
1639 2174 1708 2212 ἀπὸ
1742 2173 1903 2221 τοιαύτης
1937 2174 2064 2218 αἰτίας.
2103 2174 2282 2218 Φίλιππος

1234 2240 1251 2275 ὃ
1270 2236 1438 2288 Ἀμύντου
1457 2233 1661 2277 Θεσσαλοὺς
1684 2235 1754 2272 ἐκεῖ
1773 2234 1917 2280 νικήσας
1934 2236 1978 2286 τῇ
1995 2233 2139 2286 θυγατρὶ
2158 2233 2218 2272 καὶ
2239 2237 2281 2286 τῇ

1233 2296 1332 2334 πόλει
1348 2294 1543 2347 ὁμωνύμως
1557 2293 1596 2331 τὸ
1607 2293 1717 2344 ὄνομα
1735 2292 1842 2333 ἔθετο.
1857 2296 1983 2342 Etym.
1999 2295 2050 2332 M.
2069 2306 2078 2332 :
2097 2294 2282 2332 Θεσσαλο-

1235 2355 1337 2404 νίκη,
1365 2356 1465 2398 πόλις
1493 2351 1733 2398 Μακεδονίας,
1754 2351 1828 2398 ἥτις
1853 2350 1950 2390 Ἁλία
1978 2352 2154 2388 ἐκαλεῖτο·
2181 2349 2204 2397 ἢ
2230 2350 2282 2389 ὅτι

1234 2413 1436 2457 Θετταλοὺς
1463 2411 1608 2458 νικήσας
1635 2410 1741 2454 οὕτως
1762 2410 1946 2448 ἐκάλεσεν·
1971 2409 1994 2456 ἢ
2023 2409 2075 2448 ὅτι
2101 2409 2282 2453 Φίλιππος

1235 2472 1446 2523 θεασάμενος
1458 2471 1564 2524 κόρην
1582 2471 1738 2522 εὐπρεπῆ
1756 2469 1864 2520 ἔγημε
1882 2470 1959 2508 κτλ.

1743 2575 1777 2599 2.

1289 2648 1394 2683 Idem
1419 2659 1427 2684 ε
1454 2645 1636 2697 Κάλαρνα,
1659 2643 1757 2687 πόλις
1775 2643 2011 2690 Μακεδονίας,
2027 2645 2072 2685 ὡς
2094 2641 2284 2685 Λούκιλλος

1237 2707 1254 2741 ὁ
1269 2706 1456 2756 Ταρραῑος.
1475 2703 1527 2742 Τὸ
1545 2703 1674 2742 ἐθνικὸν
1696 2702 1932 2754 Καλαρναῗος.

1746 2793 1779 2829 3.

1292 2873 1398 2909 Idem
1416 2887 1423 2908 :
1443 2871 1568 2918 Μίεζα,
1582 2871 1679 2914 πόλις
1695 2869 1928 2918 Μακεδονίας,
1940 2869 1963 2915 ἢ
1975 2867 2189 2920 Στρυμόνιον
2201 2869 2284 2906 ἐκοι-

1238 2930 1356 2969 λε’ἷτο..
1372 2930 1425 2969 Τὸ
1440 2929 1571 2968 ἐθνικὸν
1584 2928 1729 2973 Μιεζεὺς
1740 2928 1798 2966 καὶ
1813 2929 1988 2971 Μιεζαῖος.
2002 2925 2108 2965 Οὕτω
2118 2925 2184 2978 γὰρ
2194 2941 2283 2977 χρη·

1239 3043 1399 3072 mortuam
1414 3049 1492 3072 esse.
1509 3040 1696 3080 susceptam
1721 3047 1796 3069 vero
1816 3038 1968 3068 infantem
1993 3045 2011 3068 a
2036 3036 2178 3076 Philippo
2197 3035 2284 3067 Nicae

1240 3092 1461 3124 enutriendam
1490 3091 1642 3123 traditam
1667 3091 1700 3122 et
1718 3089 1960 3121 Thessalonicen
1982 3089 2177 3119 nominatam
2202 3095 2283 3119 esse.

1241 3146 1341 3176 Mater
1355 3143 1486 3175 infantis
1505 3141 1690 3181 Nicasipolis
1699 3139 1934 3172 nominabatur.
1950 3152 1964 3166 υ

1744 3225 1778 3257 2.

1283 3283 1438 3322 Galama,
1464 3281 1540 3314 urbs
1558 3280 1772 3319 Macedoniae,
1802 3279 1837 3310 ut
1853 3277 1995 3310 Lucillus
2009 3277 2180 3309 Tarrhaeus
2196 3275 2284 3308 dicit.

1242 3336 1348 3375 Civis,
1367 3336 1563 3368 Calarnaeus.

1745 3389 1779 3421 3.

1283 3447 1401 3486 Mieza,
1413 3446 1489 3478 urbs
1502 3445 1706 3478 Macedoniae.
1719 3444 1806 3476 civis
1815 3467 1824 3482 ,
1838 3442 2002 3476 Miezensis
2018 3442 2049 3474 et
2059 3440 2219 3473 Miezoeus.
2235 3437 2287 3471 sic

1243 3499 1327 3531 enim
1348 3500 1480 3531 vocatur
1496 3498 1643 3537 Nicanor,
1656 3497 1690 3529 ut
1704 3496 1842 3529 Lucillus
1859 3495 1912 3527 ait.
