2326 3724
943 173 1153 214 EUNAPIl

155 280 186 305 7.
218 264 304 304 εὈτι
331 261 459 308 Γαΐνας
487 263 546 302 καὶ
569 261 764 316 Ἀργίὸολος
792 261 836 311 (l.
864 261 1147 314 Τριὸίγιλθος)...

103 326 120 361 ὁ
141 322 203 374 μὲν
222 322 429 374 ἡγούμενος,
450 324 468 360 ὁ
485 321 520 360 δὲ
540 320 799 374 ἐφεπόμενος...

158 381 250 422 Οὐδὲ
276 381 377 425 αὐτὸς
394 381 508 434 ἕτερον
529 380 682 418 ἐπένθει·
701 378 843 432 σφαγεὶς
864 377 899 416 δὲ
914 378 1041 427 ἔκειτο,
1060 377 1148 429 μηδὲ

103 441 162 479 τὸν
185 440 338 494 θάψοντα
356 440 446 493 ἔχων
465 439 524 478 καὶ
540 438 788 491 κατορύξοντα.

158 501 181 550 S
207 515 236 537 1.
257 503 388 538 Sermo
415 508 468 537 est
488 501 534 536 de
552 501 644 536 Asiae
663 499 869 548 provinciis
896 511 918 534 a
937 498 1148 546 Tribigildo

106 561 264 609 direptis
278 587 288 605 ‚
307 573 419 608 quem
439 561 597 603 Gainas,
625 559 799 606 Eutropii
818 558 907 593 odio
936 564 1081 601 motus,
1101 557 1151 592 ad

107 619 331 655 seditionem
346 619 587 655 excitaverat.
602 620 646 654 V.
661 618 798 653 Zosim.
817 617 863 660 V,
883 629 894 651 ι
905 615 941 664 3,
958 628 994 661 7.
1011 634 1063 643 -
1078 615 1098 663 ξ
1111 628 1148 652 2.

107 670 219 719 Οὗτος
242 675 362 726 κτλ.].
390 693 405 710 «
426 679 524 713 Num
544 688 665 712 sermo
682 683 737 710 est
753 674 800 710 de
815 675 948 718 Gaina,
969 674 1034 721 qui
1055 673 1152 709 Con·

106 735 353 783 stantinopoli
371 734 567 770 discedens
586 734 763 770 ad-civile
789 733 931 768 bellum
957 732 1151 767 concitan-

109 794 201 830 dum
213 821 224 840 ,
242 805 389 829 causam
406 793 587 828 discessus
605 791 839 827 obtendebat
857 791 1032 826 affectam
1050 790 1152 824 vale-

110 852 305 888 tudinem?
322 868 337 884 »
356 853 445 889 MA1.
462 853 635 887 Fortasse
648 849 879 898 Trihigildus
892 847 1155 896 intelligendus

109 919 176 948 est.
188 933 236 938 -—
249 911 270 960 §
283 910 318 949 3.
333 911 389 946 Cf.
408 910 577 946 Zosimus
590 910 636 953 V,
658 921 671 944 1
682 907 719 953 5,
731 907 754 942 6
770 920 777 942 :
791 907 834 944 Εἰ
851 903 912 955 μὲν
927 898 985 942 οὖν
1002 903 1154 941 ἐπελθὼν

109 968 169 1006 ἐπὶ
189 968 251 1014 τὴν
271 967 434 1020 Φρυγίαν
455 970 472 1005 ὃ
495 965 736 1018 Τριὲίγιλδος,
756 962 805 1014 μὴ
823 965 884 1010 τὴν
903 963 957 1000 ἐπὶ
980 961 1154 1009 Πισιδίαν,

112 1026 189 1065 ἀλλ’
207 1025 302 1070 εὐθὺς
324 1025 384 1064 ἐπὶ
405 1025 538 1064 Λυδίαν
567 1022 761 1075 ἐχώρησεν,
791 1022 888 1060 οὐδὲν
913 1020 954 1060 ἂν
985 1021 1156 1068 ἐκώλυσε,

111 1085 241 1131 ταύτης
258 1084 391 1123 ἀκονιτὶ
413 1083 503 1122 κατὰ
523 1083 648 1135 κράτος
672 1082 881 1133 αἱρεθείσης,
899 1079 1156 1118 συναπολέσθαι

112 1143 173 1182 καὶ
201 1143 263 1190 τὴν
292 1143 418 1182 Ἰονίαν
439 1143 540 1194 αὐτῇ.
562 1142 656 1190 -§
690 1141 725 1179 5.
758 1142 884 1177 Prima
903 1142 1022 1176 verba
1051 1141 1159 1176 uncis

111 1204 289 1240 distincta
301 1202 533 1240 Niebuhrius
553 1201 703 1237 addidit
724 1212 744 1235 e
763 1200 902 1245 Suida‚
930 1204 994 1247 qui
1010 1212 1047 1237 v,
1069 1199 1159 1236 ΙΙα-

112 1265 318 1313 ρακινοῦντα
341 1274 386 1297 ex
403 1262 444 1298 h.
462 1262 549 1296 loco
575 1260 761 1295 nonnulla
776 1259 978 1307 excerpsit.
1008 1279 1057 1285 —-
1076 1258 1097 1306 ξ
1119 1258 1156 1294 6.

111 1319 347 1371 Ἀργίὸολον.]
371 1319 487 1368 Apud
503 1320 696 1355 Zosimum
721 1319 890 1366 aliosque
915 1318 1032 1353 homo
1054 1317 1161 1353 audit

111 1377 346 1430 Τριὸίγιλδος.
363 1380 496 1426 Neque
508 1378 617 1413 aliter
633 1378 826 1426 Eunapius
837 1404 846 1422 ,
863 1389 977 1424 quem
991 1377 1162 1424 sequitur

112 1439 305 1482 Zosimus,
331 1437 481 1473 dixerit.
507 1457 560 1463 -—
586 1436 607 1484 §
633 1449 667 1481 7.
701 1433 881 1486 Σφαγεὶς]
913 1435 1031 1482 Quis?
1061 1436 1161 1471 Num

113 1498 337 1545 Eutropius,
371 1496 418 1532 de
439 1494 546 1542 cujus
581 1495 683 1530 caede
711 1508 746 1530 v-
773 1495 912 1532 Zosim.
934 1497 980 1538 V,
1022 1493 1084 1538 18,
1116 1498 1159 1539 43

114 1557 327 1591 Tillemont.
361 1557 415 1600 V,
446 1567 486 1602 p.
524 1553 622 1599 4573
663 1566 711 1589 an
742 1554 995 1602 Tribigildus,
1027 1553 1093 1600 qui
1123 1553 1162 1587 in

113 1612 276 1650 Thracia
295 1615 428 1663 periit,
453 1620 545 1649 teste
572 1613 825 1662 Philostorgio
845 1614 893 1651 H.
921 1613 1025 1650 Eccl.
1058 1613 1115 1657 II,
1139 1611 1161 1648 8

113 1686 151 1722 p.
173 1673 243 1710 531
260 1701 271 1723 ,
290 1674 318 1709 B
339 1673 398 1710 ed.
416 1673 538 1709 Vates.
555 1685 564 1717 ;
591 1684 639 1707 an
656 1672 760 1708 Leo?

605 1748 668 1794 76.

174 1826 309 1862 Suidas
332 1839 340 1861 :
361 1823 481 1862 Λέων
497 1854 505 1862 .
526 1817 637 1867 Οῧτος
667 1822 859 1874 στρατηγὸς
879 1823 1038 1876 ἐπέμφθη
1067 1822 1164 1876 παρὰ

115 1884 313 1934 Εὐτροπίου
334 1886 393 1920 τοῦ
414 1883 577 1933 εὐνούχου
598 1880 689 1920 κατὰ
708 1883 777 1919 τῶν
801 1881 1002 1934 βαρὸάρων,
1027 1882 1165 1925 εὔκολος

115 1940 162 1980 ὢν
183 1942 242 1980 καὶ
260 1941 316 1979 διὰ
340 1941 488 1992 μελέτην
504 1939 609 1990 μέθης
633 1939 881 1992 εὐπαράγωγος
894 1956 902 1965 ·
920 1936 961 1988 ἦν
981 1940 1048 1993 γὰρ
1070 1942 1165 1994 αὐτῷ

115 2002 155 2038 τὸ
171 2001 324 2052 ἀνδρεῖον
346 2000 403 2038 ἐπὶ
419 1999 530 2051 τούτῳ
545 1998 889 2050 συνηναγκασμένον,
913 1999 1052 2043 πλείους
1071 1999 1164 2051 ἔχειν

116 2060 339 2102 παλλακίδας
358 2060 427 2096 τῶν
447 2060 682 2110 στρατιωτῶν,
697 2057 758 2095 καὶ
778 2057 921 2096 πλείονα
936 2058 1045 2095 πίνειν
1063 2057 1084 2104 ἢ
1100 2059 1165 2096 ὅσα

65 2124 70 2132 ’
117 2118 243 2161 πάντες
267 2120 296 2156 οἱ
321 2117 495 2170 ἅνθρωποι
529 2116 676 2156 πίνουσι.
707 2118 763 2156 Cf.
797 2119 904 2157 Suid.
928 2132 964 2157 V.
994 2117 1166 2171 Εὐπαρά-

141 2193 169 2214 ω
195 2191 239 2219 ος.

117 2193 139 2228 γ
171 2193 278 2272 isdem
297 2249 305 2271 ε
329 2233 602 2281 Ἀπεστάτει,
622 2234 779 2285 ἀπεῖχεν,
793 2233 1039 2285 ἄπεχωρίζετο.
1061 2233 1168 2273 Εὐνά-

119 2308 213 2336 πιος·
236 2311 250 2326 «
272 2292 345 2331 Καὶ
361 2291 428 2344 γὰρ
448 2293 509 2330 οὐκ
527 2291 716 2330 ἀπεστάτει
730 2295 792 2338 τῆς
812 2295 871 2329 τοῦ
901 2291 1050 2337 Λέοντος
1073 2294 1166 2331 ἐπω-

119 2351 261 2402 νυμίας·
282 2350 371 2389 οὕτω
391 2350 458 2403 γὰρ
477 2350 536 2388 καὶ
552 2350 590 2388 τὸ
608 2352 693 2402 ζῶον
711 2356 818 2388 ποιεῖν
835 2350 966 2390 εἴωθεν.
993 2371 1007 2386 u

173 2412 308 2448 Idem:
332 2409 650 2461 Διηυχενίζετο
665 2440 675 2459 ,
699 2408 755 2447 τὸν
777 2410 908 2461 αὐχένα
926 2410 1038 2462 ὄρθιον
1057 2405 1164 2462 εἶχεν.

123 2468 316 2511 Εὐνάπιος·
341 2487 356 2502 «
381 2467 426 2507 ‘O
442 2467 476 2505 δὲ
498 2467 554 2506 ἐπὶ
581 2466 624 2504 τὰ
640 2467 830 2518 λειπόμενα
861 2471 928 2506 τῶν
948 2470 1166 2521 πραγμάτων

121 2525 420 2577 διεξανιστάμενος
432 2557 442 2574 ,
460 2528 655 2578 ἀνωρθοῧτο
674 2527 734 2564 καὶ
758 2527 989 2579 διηυχενίζετο
1011 2527 1095 2581 πρὸς
1110 2527 1167 2566 τὸν

119 2586 306 2637 λεγόμενον
323 2585 456 2624 Λέοντα
467 2614 477 2631 ,
501 2584 592 2628 ὅπως
607 2584 708 2622 αὐτὸν
725 2585 934 2637 φονεύσειεν.
955 2605 970 2620 »

174 2648 230 2682 De
246 2648 402 2691 Leonte,
418 2658 527 2693 quem
545 2653 679 2680 contra
692 2647 944 2695 Tribigildum
960 2647 1168 2695 Eutropius

101 187 152 219 48

128 2723 202 2730 ———-

121 2755 240 2787 assecla
256 2779 262 2786 .
283 2778 291 2786 .
312 2776 319 2784 .
331 2756 443 2794 Neque
466 2754 531 2794 ipse
550 2755 686 2786 alterum
701 2755 824 2795 elnxit;
842 2764 944 2788 caesus
956 2756 1166 2796 enimjacuit‚

122 2807 251 2839 nemine
264 2807 315 2839 vel
330 2808 506 2848 sepulturae
520 2807 692 2839 mandante
705 2809 755 2840 vel
771 2809 938 2842 obruente.

614 2863 633 2894 7
639 2863 672 2895 6.

165 2918 229 2948 Leo
253 2916 294 2948 ab
319 2917 475 2956 Eutropio
489 2916 635 2948 eunucho
661 2917 737 2948 belli
759 2918 827 2949 dux
852 2919 967 2951 missus
993 2920 1040 2951 est
1058 2920 1169 2950 eontra

124 2967 291 3000 barbaros.
310 2968 386 2999 Fuit
400 2970 507 2999 autem
523 2969 618 2999 liomo
638 2969 715 3000 levis
739 2971 771 3000 ct
793 2970 834 3001 ob
851 2971 992 3002 studium
1009 2971 1170 3003 ebrietatis

124 3022 224 3053 facilis
235 3021 383 3062 deceptu.
407 3024 505 3053 Suam
519 3021 603 3052 enim
622 3022 839 3054 fortitudinem
854 3023 885 3054 in
901 3024 960 3054 lioc
971 3025 1168 3065 contulerat,

125 3076 162 3105 ut
175 3074 283 3114 pl'nres
297 3074 428 3105 haberet
442 3074 589 3114 pellices,
604 3083 700 3114 quam
724 3072 858 3115 milites,
876 3077 907 3107 et
932 3077 1004 3117 plus
1028 3077 1168 3117 biberet,

125 3134 223 3167 quam
243 3125 353 3156 bibant
369 3134 480 3156 omnes
495 3125 651 3157 homines.

169 3177 292 3208 Etenim
306 3185 324 3207 a
339 3177 454 3208 Leonis
467 3179 677 3216 cognomento
691 3186 754 3209 non
768 3178 946 3210 abstinebat
958 3190 966 3218 ;

126 3229 186 3259 lnoc
201 3227 319 3259 animal
336 3228 438 3259 facere
452 3228 543 3260 solet.

167 3279 224 3311 llle
237 3280 344 3310 antem
357 3278 397 3309 ad
411 3279 532 3319 reliqua
545 3279 669 3319 negotia
682 3288 715 3311 se
730 3288 912 3320 prmparans
922 3290 1054 3322 corpoie
1064 3284 1170 3315 erecto

125 3333 158 3363 et
173 3331 298 3362 cervice
308 3330 391 3362 elata
403 3330 527 3371 stabat,
542 3333 578 3362 ut
591 3333 728 3363 Leonem
743 3331 787 3363 ita
799 3332 920 3364 dictum
935 3334 1168 3375 aggrederetur,

127 3390 266 3423 eumque
278 3382 479 3414 interficeret.

980 3180 1025 3211 sic
1038 3180 1122 3212 enim
1139 3182 1170 3213 et

1185 171 1423 212 SARDIANI

1210 264 1250 298 in
1268 262 1394 298 Asiam
1413 262 1532 306 misit,
1549 274 1584 296 v.
1601 261 1741 298 Zosim.
1764 262 1810 306 V,
1833 264 1877 303 14
1891 259 1937 306 ,⁴3
1958 273 1966 296 :
1983 258 2082 298 Λέων
2103 257 2167 310 μὲν
2187 251 2258 307 οὖν,
2303 270 2326 307 ιζ

1212 323 1230 357 ὃ
1244 325 1313 363 τοῖς
1336 318 1427 357 κατὰ
1441 317 1504 364 τὴν
1518 317 1636 357 Ἀσίαν
1651 316 1896 368 συμὸεὸηκόσι
1913 320 2084 369 βοηθῆσαι
2099 317 2258 370 ταχθεὶς,
2299 358 2301 362 ⁴

1213 379 1337 429 ἀρετῆς
1369 376 1432 428 μὲν
1455 376 1524 415 οὐδ’
1553 379 1756 422 ἡστινοσοῦν
1784 376 1986 428 μετειληφει
2006 391 2261 449 στρατηγικης,

1213 437 1283 474 οὐδ’
1298 437 1403 474 ἄλλου
1418 435 1510 478 τινὸς
1527 435 1565 479 ot}
1569 451 1619 473 ιου
1638 450 1748 495 apocm
1738 438 1842 472 τοῦτο
1859 434 1967 486 τύχης
1981 434 2084 472 αὐτὸν
2103 435 2261 486 ἀγαγεῖν,
2296 463 2300 470 .

1215 495 1306 541 πλὴν
1323 495 1375 533 ὅτι
1394 494 1479 547 πρὸς
1507 494 1699 545 Εὐτρόπιον
1716 497 1808 546 εἶχεν
1828 495 1898 532 οἶκε
1904 493 1974 537 ίως.
1996 515 2050 522 --
2063 497 2121 531 De
2140 496 2263 531 altero
2298 515 2303 530 :-

1809 570 1824 586 «
1848 554 1995 598 Credo,
2023 554 2167 609 inquit,
2201 554 2264 602 agi
2303 595 2305 598 Α

1217 614 1265 649 de
1293 614 1448 649 Leontis
1465 613 1618 648 immani
1644 612 1830 648 edacitate
1844 640 1854 658 ,
1876 624 1990 660 quem
2015 610 2090 648 hoc
2108 612 2263 648 nomine
2305 640 2308 641 γ

1216 556 1340 592 Suidae
1360 557 1447 591 loco
1468 554 1734 590 Boissonadius
1761 567 1768 589 :

1217 672 1373 720 dignum
1403 672 1514 706 fuisse
1541 672 1592 706 ait
1619 671 1835 719 Eunapius,
1867 670 1974 718 quod
1993 671 2112 707 leonis
2140 683 2264 707 mores

1215 731 1384 767 referret.
1399 729 1682 766 Adscribendus
1702 730 1857 765 omnino
1881 729 2112 766 Claudianus
2127 730 2167 765 in
2190 730 2264 766 Eu-

1219 797 1319 838 trop.
1345 790 1406 834 II,
1430 789 1504 835 376
1528 800 1537 826 ε

1261 881 1404 912 Emicat
1420 879 1612 920 extemplo,
1633 881 1767 911 cunctis
1787 869 2068 919 trepidantibus,
2081 878 2206 912 audax

1261 936 1381 959 crassa
1399 928 1486 959 mole
1505 929 1584 966 Leo,
1598 935 1699 968 quem
1710 929 1768 958 vix
1783 926 1945 966 Cyclopia
1963 926 2076 958 solum

1260 973 1591 1015 aequaturasames,
1607 982 1707 1014 quem
1722 982 1788 1005 non
1799 973 1922 1013 jejzma
1945 973 2079 1005 Celoeno
2118 991 2124 995 ·

1261 1023 1435 1053 vinceret:
1454 1021 1532 1053 hinc
1549 1029 1670 1052 nomen
1682 1020 1808 1060 fertur
1825 1022 1992 1052 meruisse
2006 1023 2165 1054 Leonis...

1266 1070 1360 1100 Tunc
1374 1068 1463 1108 Ajax
1476 1069 1553 1099 erat
1567 1069 1731 1108 Eutropii
1741 1091 1750 1106 ‚
1760 1068 1897 1108 lateque
1903 1067 2081 1107 fremebat
2092 1092 2102 1107 ,

1261 1123 1328 1146 non
1345 1117 1473 1155 septem
1486 1116 1583 1146 vasto
1596 1116 1756 1155 quatiens
1775 1113 1920 1145 umbone
1926 1114 2093 1153 juvencos
2104 1137 2114 1152 ‚

1260 1161 1337 1198 sed,
1355 1169 1462 1202 quam
1476 1163 1654 1201 perpetuis
1673 1160 1822 1200 daptbus
1834 1184 1843 1199 ,
1857 1162 2025 1202 ptyroque
2039 1159 2163 1200 sedili,

1263 1209 1356 1239 inter
1369 1216 1459 1239 anus
1474 1209 1634 1248 interque
1649 1208 1737 1239 colos
1751 1209 1976 1247 oneraverat,
1990 1207 2123 1242 alvum.

1221 1292 1311 1337 Quae
1342 1290 1373 1325 si
1399 1303 1486 1325 cum
1514 1291 1650 1338 fragm.
1682 1303 1727 1336 77
1759 1297 2046 1338 comparentur,
2079 1289 2178 1327 forte
2211 1293 2271 1327 vi-

1224 1349 1378 1384 debitur
1396 1349 1710 1385 Subarmachium
1730 1357 1767 1384 et
1790 1351 1959 1385 Leonem
1977 1362 2096 1385 unum
2117 1357 2155 1386 et
2179 1363 2274 1387 eun-

1223 1406 1310 1442 dem
1322 1419 1400 1442 esse
1409 1408 1618 1444 hominem.
1631 1407 1790 1443 Subarm
1796 1408 1904 1443 achio
1915 1415 2076 1456 propter
2083 1408 2272 1445 leoninam
2323 1424 2326 1443 :

1223 1465 1361 1501 samem
1382 1479 1594 1514 cognomen
1623 1467 1762 1502 Leonis
1783 1466 1896 1502 suerit
1924 1466 2070 1505 datum.
2099 1467 2173 1504 Sed
2199 1468 2274 1504 hoc

2322 1399 2326 1415 -.
2322 1380 2326 1383 .
2322 1342 2326 1359 n
2318 1218 2326 1320 “audu-
2318 1190 2326 1207 Ἰ.-
2312 1102 2326 1172 ,υτ-αἰ
2315 1032 2326 1086 mu.

1224 1532 1278 1560 est
1290 1524 1484 1561 haliolari.
1511 1541 1526 1557 »
1546 1546 1586 1552 —
1612 1527 1670 1561 De
1682 1524 1757 1560 fine
1771 1526 1926 1561 Leontis
1939 1538 2083 1574 ,quem
2098 1527 2274 1576 Tribigil·
2323 1519 2326 1526 ⁴

1224 1565 1294 1618 dus
1323 1585 1497 1620 simulata
1518 1585 1607 1633 fuga
1627 1584 1777 1630 fefellit,
1795 1584 1936 1621 deinde
1962 1585 2118 1622 adortus
2142 1587 2183 1622 in
2205 1599 2275 1636 pa-

1224 1643 1331 1678 ludes
1362 1650 1398 1678 et
1417 1656 1550 1679 necem
1560 1612 1727 1692 Ὀιιᾰεςίῐ,
1756 1656 1795 1680 v.
1820 1644 2019 1682 Claudian.
2054 1645 2083 1682 l.
2110 1645 2151 1691 l.,
2185 1646 2274 1684 coll.

1224 1703 1476 1750 Reitemeyer.
1499 1703 1548 1738 ad
1568 1703 1707 1740 Zosim.
1734 1703 1779 1747 V,
1805 1715 1848 1748 17
1863 1730 1873 1747 ,
1903 1715 1935 1741 1.

1720 1807 1782 1840 77·

1280 1884 1443 1920 Suidas:
1467 1883 1582 1922 Σουὸ
1594 1898 1643 1935 αρ
1655 1882 1746 1951 μάγ
1757 1898 1837 1926 ιος.
1857 1885 1970 1926 Οὗτος
1987 1885 2055 1922 τῶν
2076 1883 2273 1938 δορυφόρων

1227 1943 1268 1987 ἠν
1288 1940 1443 1991 ἧγεμὼν,
1463 1941 1672 1984 πιστότατος
1699 1943 1748 1978 τῶ
1771 1941 1923 1993 εὐνούχῳ
1944 1941 2150 1995 Εὐτροπίω,
2178 1942 2277 1996 εἴπερ

1227 2015 1277 2043 τις
1315 1999 1436 2043 ἄλλος·
1467 1999 1562 2038 ἔπινε
1593 1998 1629 2038 δὲ
1661 1993 1749 2038 οἶνον
1784 1999 1928 2038 πλείονα
1959 1999 1982 2047 ἢ
2018 2000 2098 2039 όσον
2125 2001 2277 2048 ἠδύνατο

1227 2063 1374 2110 χωρεῖν·
1397 2059 1475 2096 ἀλλ’
1511 2057 1605 2108 ὅμως
1633 2057 1678 2096 τὰ
1708 2073 1789 2110 περι
1820 2059 1975 2111 γαστέρα
2008 2058 2065 2098 διὰ
2093 2060 2275 2107 συνήθειαν

1230 2116 1321 2154 οὕτω
1338 2116 1398 2154 καὶ
1411 2117 1609 2167 γυμνασίαν
1622 2115 1769 2169 ἰσχυρὰν
1782 2116 1842 2155 καὶ
1857 2117 2018 2165 νεανικὴν
2031 2118 2147 2156 πάντα
2162 2118 2276 2172 φέρειν

1230 2174 1291 2214 ἐπὶ
1315 2175 1377 2222 τὴν
1400 2175 1548 2228 φυσικὴν
1575 2178 1643 2213 τῶν
1670 2178 1783 2228 ὑγρῶν
1814 2175 1980 2227 ἔκκρισιν.
2009 2176 2078 2216 Ἀεὶ
2101 2181 2184 2229 γοῦν
2215 2172 2274 2228 ἦν,

1229 2233 1401 2278 πεπωκώς
1421 2249 1457 2272 τε
1477 2234 1537 2272 καὶ
1569 2235 1608 2272 οὐ
1628 2233 1821 2284 πεπωκὼς,
1842 2234 1988 2284 μεθύων·
2013 2234 2075 2283 τὴν
2102 2235 2138 2274 δὲ
2165 2236 2274 2286 μέθην

1230 2293 1477 2345 παρεκάλυπτε
1499 2294 1579 2345 [οὐ]
1599 2293 1770 2346 σφαλερὸν
1784 2293 1972 2331 διαὸαίνων
1992 2299 2064 2338 τοῖς
2089 2294 2193 2341 ποσὶ,
2214 2294 2275 2333 καὶ

1231 2352 1316 2404 πρὸς
1330 2351 1393 2398 τὴν
1407 2354 1540 2390 πτῶσιν
1558 2353 1722 2402 πολεμῶν
1743 2352 1798 2404 ὑφ’
1818 2351 1954 2398 ἡλικίας
1967 2351 2039 2400 (καὶ
2049 2351 2106 2390 διὰ
2116 2351 2274 2404 νεότητα)

1231 2410 1492 2461 συνιστάμενος.
1519 2404 1592 2449 ‘'⁴Hv
1613 2409 1648 2448 δὲ
1681 2411 1863 2462 βασιλικοῦ
1886 2410 1948 2460 μὲν
1972 2410 2109 2462 γένους,
2137 2413 2276 2463 Κόλχος

1230 2468 1375 2521 ἀκριὸὴς
1398 2472 1466 2507 τῶν
1492 2469 1580 2521 ὑπὲρ
1608 2470 1727 2507 Φᾶσιν
1757 2469 1817 2507 καὶ
1846 2468 2105 2522 Θερμώδοντα,
2136 2469 2275 2518 τοξότης

1232 2527 1309 2579 [δὲ]
1335 2528 1494 2580 ἄριστος,
1517 2527 1548 2566 εἴ
1566 2543 1604 2579 γε
1625 2529 1674 2579 μὴ
1695 2527 1914 2573 κατετόξευεν
1937 2528 2039 2567 αὐτὸν
2058 2528 2097 2567 τὸ
2112 2529 2274 2582 περιττὸν

1230 2590 1291 2634 τῆς
1306 2589 1449 2639 τρυφῆς.

1283 2649 1340 2683 De
1361 2647 1632 2683 Subermachio
1650 2647 1802 2683 aliunde
1820 2660 1899 2683 non
1919 2654 2076 2684 constat.
2095 2648 2276 2696 Negatio-

1726 2761 1744 2792 7
1751 2760 1784 2792 7.

1269 2813 1518 2846 Subarmacliius
1536 2813 1595 2845 fnit
1608 2813 1781 2845 satellitum
1798 2813 1882 2852 dux,
1903 2813 2104 2846 fidelissimus
2127 2814 2276 2846 eunucho

1228 2866 1401 2906 Eutropio,
1420 2866 1445 2897 si
1472 2865 1542 2905 quis
1567 2865 1671 2897 alius:
1697 2865 1752 2905 qui
1777 2865 1925 2905 quamvis
1947 2865 2019 2905 plus
2043 2866 2109 2897 vini
2131 2866 2273 2906 biberet,

1228 2927 1325 2960 quam
1345 2927 1459 2958 capere
1473 2919 1593 2958 posset,
1611 2918 1721 2949 venter
1735 2921 1842 2948 tamen
1859 2917 1927 2956 ejus
1943 2925 1999 2957 per
2011 2918 2275 2950 consuetudinem

1228 2972 1260 3003 et
1273 2971 1534 3002 exercitationem
1550 2978 1702 3009 perquam
1716 2968 1937 3000 vehementem
1948 2970 1980 3000 et
1993 2970 2157 3000 strenuam
2167 2971 2276 3002 omnia

1229 3022 1269 3054 ad
1301 3022 1481 3054 naturalem
1515 3021 1689 3052 humorum
1726 3019 1941 3052 excretionem
1976 3020 2203 3060 perooquebat.
2246 3023 2276 3053 ls

1228 3082 1353 3114 semper
1366 3074 1433 3104 erat
1451 3072 1576 3110 ebrius,
1593 3072 1661 3103 sive
1681 3073 1819 3111 potasset
1837 3070 1904 3102 sive
1918 3080 1979 3102 non
1997 3073 2147 3111 potasset.
2164 3072 2275 3104 Ebrie-

1228 3127 1328 3157 tatem
1347 3133 1428 3156 vero
1449 3123 1574 3163 tegebat
1597 3122 1688 3164 [non]
1712 3122 1866 3154 instabilis
1891 3122 1959 3162 eJus
1985 3122 2147 3162 incessus,
2172 3131 2274 3163 quum

1230 3177 1360 3217 propter
1372 3177 1500 3207 aetatem
1519 3175 1694 3214 Juvenilem
1711 3173 1800 3205 casui
1815 3173 1972 3205 resisteret
1989 3182 2194 3214 gressumque
2218 3174 2275 3207 tir-

1230 3230 1342 3262 maret.
1360 3230 1433 3261 Erat
1446 3229 1553 3260 autem
1567 3236 1679 3268 genere
1692 3227 1776 3267 regio
1791 3226 1964 3266 oriundus,
1977 3226 2115 3259 Colchus
2127 3235 2222 3258 verus
2233 3236 2274 3259 ex

1230 3282 1284 3320 iis,
1301 3281 1356 3322 qui
1380 3282 1465 3313 ultra
1484 3279 1651 3313 Phasidem
1667 3280 1699 3311 et
1720 3278 1990 3311 Thermodontem
2007 3278 2172 3317 liabitant3
2189 3278 2273 3310 idem

1230 3332 1409 3373 sagittarius
1432 3334 1591 3372 optimus,
1616 3331 1676 3364 nisi
1703 3330 2002 3363 luxusimmodicus
2024 3330 2129 3370 ipsum
2149 3329 2272 3370 sagittis

1230 3385 1296 3417 suis
1316 3384 1406 3425 qnasi
1421 3383 1604 3416 conficeret.
