2326 3724
993 178 1327 217 FRAGMENTA.

44 260 239 300 ἐλάσουσιν.
255 259 440 314 Ἔπραωιον
457 260 494 300 δὲ
508 262 540 299 οἱ
560 262 628 299 τῶν
642 259 897 312 Λογγιὸάρδων
914 258 1091 312 πρέσὸεις,

43 321 90 364 ὡς
116 319 177 358 καὶ
211 319 362 359 συνοίσει
392 325 465 364 τοῖς
497 318 655 371 Ἀὃάροις
682 318 746 366 τὴν
778 317 864 371 πρὸς
894 317 1095 369 Ῥωμαίους

45 377 272 417 ἀσπάσασθαι
301 377 437 431 μάχην·
456 378 479 425 ἢ
496 377 564 430 γὰρ
596 377 638 416 ἂν
665 378 789 416 ἐκεῖνοι
816 375 1070 430 προτερήσουσι
1081 406 1092 425 ,

46 436 108 475 καὶ
124 438 163 476 ἐκ
182 437 311 482 παντὸς
328 437 458 490 τρόπου
471 438 657 475 καθελοῦσι
674 435 736 483 τὴν
755 435 913 488 Ἀδάρων
936 434 1095 486 δύναμιν,

43 495 129 535 ὅπου
146 496 206 535 καὶ
219 499 284 548 γῆς
301 496 535 550 τυγχάνουσιν
555 495 663 539 ὄντες.

95 556 192 594 Τῶν
217 555 457 607 “Ρωμαίων
490 571 539 593 συ
551 553 768 606 μμαχούν
781 570 861 593 των
892 556 979 599 τοῖς
1016 555 1095 602 Γή-

44 627 98 651 πα
108 628 147 651 ισ
157 614 212 665 ιν]
227 632 242 648 ι
252 617 377 663 Quum
393 615 548 664 Gepidae
562 627 584 651 a
594 614 861 664 Longobardis
877 616 1098 664 gravissima

43 675 148 712 clade
167 675 293 712 affecti
312 675 471 711 fuissent
483 701 494 720 ,
519 674 570 711 ad
585 675 774 711 Justinum
791 676 886 724 imp.
914 675 1095 724 confuge-

42 741 129 779 rant
140 761 151 780 ‚
173 735 241 782 qui
266 734 500 771 Baduarium
524 746 707 783 generum
732 735 778 770 iis
802 735 945 770 auxilio
971 727 1074 770 misit
1085 761 1095 780 ,

42 800 86 829 ut
100 793 233 829 scribit
245 793 550 842 Theophylactus
563 794 614 830 VI
626 821 636 838 ‚
663 806 723 831 10.
738 795 795 830 De
811 793 886 829 hoc
905 793 1098 830 Baduario

43 850 215 900 loquitur
234 852 425 902 Corippus
441 852 481 888 in
503 852 573 888 lib.
596 853 655 888 III
672 863 682 890 :

127 926 380 968 dispositorque
393 935 500 959 novus
513 935 624 959 sacrae
638 924 843 959 Baduarius
860 927 956 959 auloe

126 982 302 1007 successor
314 973 575 1014 soceri,sactus
592 982 674 1006 mox
692 974 934 1015 curopalates.

44 1039 152 1076 Idem
167 1047 302 1089 postea
315 1041 455 1089 proelio
469 1041 591 1076 victus
604 1051 627 1075 a
642 1041 931 1089 Longobardis‚
947 1040 1046 1077 obiit
1061 1041 1101 1076 in

44 1099 60 1134 1
66 1099 176 1144 talia,
197 1110 298 1134 anno
319 1098 469 1135 decimo
492 1100 654 1144 Justini,
672 1106 716 1134 ut
735 1099 870 1135 scribit
889 1100 1019 1136 Abbas
1035 1101 1098 1136 Bi-

45 1157 237 1194 clariensis
251 1158 293 1194 in
312 1157 517 1197 Chronico.
538 1175 554 1191 2>
574 1160 769 1197 Vimsms.

538 1233 604 1272 25.

103 1310 253 1347 Ibidem
269 1323 308 1359 p.
341 1324 382 1347 11
395 1324 410 1347 1
433 1324 441 1347 :
461 1309 547 1349 t‘Ort
566 1311 584 1347 ὁ
610 1309 762 1352 Βαϊανὸς
782 1308 859 1353 τοὺς
878 1311 947 1354 τῶν
966 1311 1100 1361 Λογγι-

48 1367 186 1422 6οίρδων
206 1368 368 1420 πρέσὸεις
383 1368 567 1419 δεξάμενος
578 1368 689 1407 ἐδόκει
706 1368 849 1412 τούτους
865 1369 1099 1421 περιφρονεῖν,

48 1429 98 1480 τῷ
115 1426 302 1479 βούλεσθαί
317 1443 356 1479 γε
371 1428 474 1472 αὐτὸς
490 1427 765 1481 κερδαλεώτερον
780 1427 899 1466 θέσθαι
913 1430 960 1471 ὡς
977 1427 1101 1472 αὐτοὺς

47 1487 109 1532 τὴν
130 1486 351 1538 συμμαχίαν,
371 1486 431 1525 καὶ
448 1490 498 1539 πῇ
520 1487 583 1538 μὲν
603 1486 642 1525 τὸ
660 1486 708 1538 μὴ
730 1486 915 1534 δύνασθαι,
935 1488 986 1538 πῇ
1006 1484 1042 1524 δὲ
1061 1486 1101 1525 τὸ

47 1543 215 1583 δύνασθαι
233 1544 299 1596 μὲν
314 1542 529 1597 προίσχετο,
542 1544 591 1596 μὴ
616 1545 803 1598 βούλεσθαι
825 1545 877 1586 δέ.
900 1545 1101 1584 Ξυνελόντα

47 1603 83 1643 δὲ
110 1605 232 1652 εἰπεῖν,
254 1604 393 1643 ἅπαντα
413 1604 543 1657 τρόπον
569 1605 708 1652 ἀπάτης
728 1611 799 1650 τοῖς
826 1604 1001 1656 δεομένοις
1029 1605 1102 1642 ἐπι-

48 1662 167 1706 σείσας
186 1663 280 1709 ἔδοξε
300 1663 363 1715 μὲν
379 1664 677 1716 πείθεσθαιμόλις
690 1696 702 1716 ‚
722 1666 785 1703 οὔκ
809 1664 924 1708 ἄλλως
939 1662 1013 1711 δὲῆ
1037 1664 1099 1716 [εἰ]

46 1722 86 1761 τὸ
102 1723 353 1776 δεκατημόριον
372 1726 441 1762 τῶν
465 1723 689 1777 τετραπόδων
707 1724 876 1763 ἁπάντων
888 1754 898 1772 ,
914 1724 980 1762 ὅσα
1003 1723 1102 1776 παρὰ

49 1782 301 1836 Λογγιὸάρδοις
328 1784 499 1835 ὑπῆρχεν,
526 1782 653 1822 αὐτίκα
682 1783 906 1834 κομίσαιντο,
938 1782 998 1820 καὶ
1031 1784 1100 1829 ὡς,

48 1843 78 1880 εἷ
96 1842 247 1894 γένοιντο
268 1842 540 1895 καθυπέρτεροι,
562 1841 674 1893 ἥμισυ
693 1841 755 1892 μὲν
780 1845 842 1889 τῆς
856 1841 953 1886 λείας
969 1840 1102 1886 ἕξουσιν

49 1900 148 1939 αὐτοὶ
156 1930 168 1950 ,
197 1900 259 1948 τὴν
277 1900 313 1939 δὲ
329 1903 397 1939 τῶν
426 1900 618 1948 Γηπαίδων
634 1901 754 1954 χώραν
775 1902 822 1945 εἷς
840 1899 972 1939 τέλεον.
991 1899 1035 1939 Ἃ
1061 1899 1102 1947 δὴ

48 1961 109 1999 καὶ
140 1953 293 2012 ζἐγένετο.
332 1961 407 2000 Καὶ
443 1959 598 2014 ἐχώρουν
637 1960 796 2008 Γήπαισι
832 1959 1102 2010 πολεμήσοντες.

50 2019 196 2067 Ἐπειδὴ
225 2018 261 2058 δὲ
286 2020 431 2059 ἐπύθετο
458 2020 711 2070 Κονιμοῧνδος,
734 2019 875 2071 λέγεται
903 2019 1038 2066 δείσας,
1059 2021 1103 2062 ὡς

49 2080 109 2118 καὶ
130 2073 225 2123 αὖθις
249 2078 347 2132 παρὰ
369 2078 517 2131 βασιλέα
545 2078 733 2118 Ἰουστῖνον
759 2078 894 2131 ἔπεμψε
918 2077 1102 2131 πρέσὸεις,

51 2190 132 2222 tium
150 2199 250 2231 usque
261 2190 348 2223 ferri.
368 2190 526 2223 Dixerunt
540 2199 671 2231 quoque
685 2189 972 2231 Longobardorum
985 2188 1080 2229 legati
1094 2212 1104 2228 ,

51 2242 210 2275 Avaribus
233 2238 386 2283 expedire
397 2245 561 2275 Romanos
576 2236 670 2275 ultro
687 2242 770 2275 bello
796 2243 906 2283 petere
932 2251 941 2274 ε
961 2241 1106 2282 alioquin

51 2296 136 2328 euim
149 2296 221 2328 illos
240 2297 480 2337 praeventuros,
500 2298 533 2329 et
554 2305 687 2338 quoquo
702 2298 864 2329 terrarum
889 2299 1009 2328 Avares
1026 2304 1105 2327 oon-

53 2348 207 2390 stiterint,
219 2356 275 2381 eos
283 2349 510 2389 persecuturos
522 2350 555 2381 et
570 2357 778 2390 quacumque
794 2349 919 2381 ratione
932 2348 1105 2380 deleturos.

93 2459 232 2493 Baianus
246 2460 366 2501 legatos
381 2460 514 2501 quidem
528 2460 814 2502 Longobardorum
828 2461 967 2501 excepit,
984 2460 1038 2493 sed
1052 2469 1107 2492 eos

61 2514 143 2551 pawi
155 2514 259 2546 facere
270 2513 412 2546 decrevit
421 2538 430 2552 ,
442 2515 480 2546 ut
492 2523 530 2546 ea
542 2515 667 2546 ratione
679 2514 918 2546 conditionibus
927 2539 937 2554 ‚
954 2523 1029 2555 quae
1041 2514 1108 2546 suis

53 2565 232 2598 rationibus
258 2566 353 2598 utiles
380 2567 486 2599 essent
495 2591 504 2607 ,
523 2566 564 2598 ad
590 2575 754 2599 armorum
785 2567 972 2599 societatem
997 2575 1106 2599 secum

55 2618 309 2652 contrahendam
331 2619 506 2660 pelliceret.
535 2621 576 2652 Et
600 2619 698 2652 modo
725 2628 759 2653 se
788 2629 854 2652 non
878 2629 970 2662 posse
979 2645 987 2661 ,
1011 2620 1108 2653 modo

55 2682 158 2715 posse,
167 2674 322 2714 jactabat,
337 2674 394 2706 sed
403 2674 500 2706 nolle.
511 2676 688 2715 Quumque
701 2683 736 2707 se
748 2676 915 2715 precantes
924 2674 1011 2706 omni
1020 2675 1107 2706 frau-

54 2725 103 2758 dis
120 2735 235 2767 genere
244 2750 253 2767 ‚
266 2730 304 2758 ut
318 2726 458 2759 breviter
473 2727 578 2759 dicam
588 2750 598 2767 ,
609 2727 834 2766 concussisset,
850 2727 981 2759 tandem
994 2736 1107 2759 eorum

55 2778 200 2819 petitioni
216 2779 362 2811 assentiri
375 2778 557 2819 videbatur,
574 2778 629 2811 sed
645 2787 711 2811 non
723 2778 787 2811 alia
800 2779 996 2819 conditione,
1009 2789 1107 2821 quam

54 2830 82 2863 si
91 2830 248 2863 decimam
263 2832 388 2872 partem
397 2831 644 2872 quadrupedum
654 2856 662 2871 ‚
678 2840 753 2872 quae
765 2832 845 2863 tunc
858 2832 1012 2873 temporis
1024 2832 1107 2873 apud

56 2882 284 2923 Longobardos
295 2883 417 2924 essent,
430 2883 599 2915 confestim
613 2884 789 2924 acciperet,
801 2884 825 2915 si
841 2884 1021 2924 superiores
1034 2893 1109 2916 eva-

3 2936 9 2940 '
55 2934 168 2967 derent
178 2959 187 2975 ,
204 2934 375 2967 dimidium
401 2935 628 2967 manubiarum
654 2937 687 2968 et
708 2937 777 2968 tota
801 2935 997 2977 Gepidarum
1024 2937 1110 2978 regio

57 2988 125 3027 ejus
135 2987 201 3027 juri
215 2987 351 3020 cederet.
363 2988 469 3028 Atque
485 2988 555 3020 liaec
565 2997 667 3029 quum
680 2988 725 3020 ita
738 2991 898 3021 conventa
909 2990 1031 3029 essent,
1044 2990 1109 3021 bel-

57 3039 124 3072 lum
140 3040 259 3072 inferre
275 3040 405 3081 Gepidis
428 3040 578 3082 deinceps
600 3040 821 3074 instituerunt.
840 3045 921 3080 Quae
937 3042 992 3074 ubi
1010 3042 1109 3075 Coni-

59 3092 202 3124 mundus
218 3092 396 3133 intellexit,
410 3092 529 3125 dicitur
543 3093 660 3125 timore
675 3094 841 3134 perculsus
857 3095 976 3135 legatos
993 3095 1110 3126 iterum

60 3143 182 3176 misisse
194 3144 234 3176 ad
253 3144 416 3177 Justinum
429 3144 656 3186 imperatorem
666 3170 675 3186 ,
691 3147 723 3177 et
735 3155 810 3177 eum
826 3154 894 3178 esse
909 3146 1089 3178 obtestatus
1100 3171 1109 3185 ,

60 3197 175 3228 utnon
194 3196 320 3237 minus,
335 3205 432 3238 quam
461 3199 556 3229 antea
566 3221 575 3237 ,
605 3197 638 3229 in
663 3200 786 3238 partem
812 3198 947 3239 periculi
973 3198 1109 3230 veniret.

61 3249 143 3280 Tum
155 3257 284 3289 rursus,
295 3257 330 3281 se
341 3249 387 3281 illi
401 3249 556 3281 Sirmium
569 3250 602 3281 et
612 3258 741 3281 omnem
759 3250 918 3290 regionem
941 3259 1015 3291 quae
1028 3250 1113 3281 intra

61 3302 204 3333 Dravum
214 3300 348 3334 fluvium
357 3303 423 3342 est,
435 3311 664 3335 concessurum
677 3311 744 3335 esse
758 3303 918 3344 pollicitus
927 3304 986 3335 est.
1002 3305 1113 3344 Neque

61 3353 183 3393 pudore
195 3354 408 3394 afficiebatur,
425 3354 513 3395 quod
536 3355 621 3387 idem
636 3355 704 3394 jam
726 3356 823 3387 semel
835 3356 990 3395 jurasset,
1008 3364 1112 3396 neque

63 3405 270 3446 jurejurando
277 3407 429 3439 stetisset.
439 3409 484 3438 Ex
499 3416 564 3447 quo
578 3416 681 3447 quum
692 3408 864 3448 imperator
875 3407 1067 3448 perspiceret
1082 3409 1113 3439 et

2132 187 2202 220 231

1154 259 1213 298 καὶ
1237 263 1283 301 ὡς
1313 259 1410 299 οὐδὲν
1434 254 1556 308 ἧττον,
1589 260 1612 308 ἢ
1638 262 1824 315 πρότερον,
1855 263 2143 308 ξυνεπιλαὸέσθαι
2173 266 2205 302 οἱ

1153 321 1212 356 τοῦ
1234 317 1390 357 κινδύνου
1418 318 1570 366 ἱκέτευε,
1601 319 1661 357 καὶ
1685 320 1791 358 πάλιν
1820 320 1859 359 τὸ
1890 322 2036 374 Σίρμιον
2057 324 2117 361 καὶ
2147 322 2210 369 τὴν

1157 376 1240 415 εἴσω
1257 377 1373 430 Δροίου
1387 381 1548 428 ποταμοῦ
1562 377 1684 430 χώραν
1702 379 1936 430 ἐπηγγέλλετο
1953 380 2088 429 δώσειν,
2107 382 2212 424 αἰδώς

1155 452 1192 475 τε
1203 436 1307 475 αὐτὸν
1318 438 1380 475 οὐκ
1390 430 1482 489 εἶχεν
1499 436 1567 484 ἤδη
1584 437 1745 489 περὶτῶν
1760 439 1873 476 αὐτῶν
1884 439 2097 490 ὀμωμοκότα
2113 439 2207 484 ἅπαξ

1159 494 1220 534 καὶ
1236 500 1307 539 τοῖς
1326 494 1438 549 ὅρκοις
1455 495 1535 548 οὐχὶ
1551 495 1870 549 ἐγκαρτερήσαντα.
1889 497 1952 536 Διὸ
1973 498 2014 545 δὴ
2031 498 2091 536 καὶ
2110 502 2210 550 βασι-

1159 552 1239 597 λεὺς
1251 553 1435 597 Ἰουστῖνος
1454 548 1491 592 εὖ
1510 554 1608 597 εἰδώς
1624 570 1662 592 τε
1678 554 1739 592 καὶ
1755 555 2028 607 τεκμαιρόμενος
2042 561 2114 599 τοῖς
2129 557 2212 608 φθά-

1164 627 1282 660 σασιν,
1307 615 1354 657 ὡς
1381 612 1610 665 Κονιμούνδῳ
1634 612 1746 651 ἔνεστι
1772 613 1923 658 πίστεως
1951 614 2048 652 οὐδὲν
2080 616 2209 665 ὁτιοῦν,

1160 671 1354 719 ἀνήνασθαι
1375 671 1438 722 μὲν
1458 671 1497 711 οὔ
1518 687 1551 710 τι
1567 671 1654 725 ᾤετο
1672 675 1801 725 χρῆναι
1818 672 1880 719 τὴν
1897 672 2112 725 ξυμμαχίαν,
2130 675 2213 711 ἀνα-

1163 731 1250 784 Εολῇ
1265 718 1410 782 &effi-wc
1422 731 1689 784 παρεκρούσατο
1701 735 1760 770 τοῦ
1779 731 1957 785 βαρὸάρου
1972 731 2035 780 τὴν
2056 732 2192 779 αἴτησιν
2203 747 2210 756 ·

1163 789 1228 844 ἔφη
1264 789 1351 842 γὰρ,
1381 792 1428 835 ὡς
1458 789 1732 841 διεσκεδασμένα
1764 790 1809 829 τὰ
1838 790 2029 842 Ῥωμαϊκὰ
2063 791 2215 844 ὑπάρχει

1163 849 1432 901 στρατεύματα,
1453 849 1511 895 ξὺν
1528 851 1662 902 σπουδῇ
1686 849 1722 888 δὲ
1737 852 1783 894 ὡς
1800 844 1869 889 οἶόν
1889 851 1927 889 τέ
1943 852 2035 889 ἐστιν
2053 851 2216 904 ἀθροίσας

1165 907 1294 947 αὐτίκα
1321 908 1510 962 ἓκπέμψοι.
1545 909 1696 956 Ἀκήκοα
1726 908 1761 948 δὲ
1791 910 1871 963 περὶ
1901 909 2137 961 Κονιμούνδου
2157 911 2217 949 καὶ

1162 967 1300 1017 τοιάδε,
1319 967 1396 1019 ἐμοὶ
1417 967 1453 1007 δὲ
1467 970 1506 1006 οὗ
1525 968 1652 1007 πιστά·
1669 968 1748 1007 λίαν
1765 968 1833 1021 γὰρ
1849 969 1985 1013 ἀναιδὲς
2003 972 2142 1022 ὑπῆρχε
2157 970 2215 1008 τὸν

1160 1027 1509 1080 παρασπονδήσαντα
1528 1028 1609 1080 περὶ
1632 1030 1701 1066 τῶν
1725 1029 1839 1066 αὐτῶν
1858 1029 1990 1067 δεῖσθαι
2013 1028 2073 1067 καὶ
2093 1029 2216 1068 πάλιν.

1160 1086 1316 1136 Λέγεται
1339 1085 1375 1125 δὲ
1395 1088 1442 1131 ὣς
1462 1086 1523 1125 καὶ
1562 1086 1797 1140 Λογγίὸαρδοι
1816 1092 2009 1135 τηνικαῦτα
2030 1087 2217 1141 ἐπρεσὸεύ-

1163 1161 1270 1184 σαντο
1292 1145 1392 1199 παρὰ
1412 1146 1615 1197 Ἰουστῖνον,
1636 1146 1696 1184 καὶ
1710 1144 1762 1184 ὅτι
1778 1146 1963 1194 Γήπαιδας
1980 1150 2041 1195 τῆς
2061 1150 2107 1191 ὡς
2125 1146 2216 1201 Ῥω·γ

1165 1205 1289 1256 μαίους
1322 1205 1572 1256 ἀγνωμοσύνης
1599 1207 1748 1244 πλεῖστα
1779 1205 1844 1244 ὅσα
1884 1206 2193 1258 κακηγορήσαντες
2206 1237 2215 1253 ,

1163 1263 1226 1311 τὴν
1252 1265 1293 1302 ἐκ
1316 1263 1507 1315 Ῥωμαίων
1535 1263 1597 1315 μὲν
1631 1263 1824 1317 θηρώμενοι
1851 1266 2060 1318 συμμαχίαν
2084 1265 2216 1313 ἤνυσαν

1164 1322 1276 1371 οὐδὲν,
1297 1321 1561 1376 κατεπράξαντο
1579 1322 1615 1361 δὲ
1635 1321 1730 1374 ὅμως
1752 1322 1838 1376 πρὸς
1855 1327 1916 1363 τοῦ
1939 1325 2110 1377 βασιλέως
2129 1324 2217 1375 μηδὲ

1164 1380 1299 1434 ἑτέρους
1314 1383 1376 1428 τ’ἥς
1396 1380 1585 1432 Ῥωμαίων
1605 1382 1806 1420 ἀπολαῦσαι
1823 1382 2037 1435 ἐπικουρίας.

1538 1459 1601 1499 26.
1628 1459 1711 1509 (an.
1733 1458 1824 1496 568.
1844 1460 1854 1509 )

1218 1530 1367 1567 Ibidem·
1380 1543 1421 1580 p.
1444 1544 1458 1566 1
1471 1544 1485 1566 1
1497 1544 1512 1566 1
1539 1543 1547 1566 ε
1563 1528 1650 1568 ’Ότι
1664 1529 1815 1572 Βαϊανὸς
1829 1530 1846 1566 ὃ
1861 1531 1928 1567 τῶν
1946 1529 2104 1582 Ἀδάρων
2118 1531 2220 1581 ἡγού-

1165 1603 1282 1638 μενος,
1300 1590 1334 1627 ἐν
1352 1582 1380 1642 ᾧ
1399 1587 1515 1641 χρόνῳ
1535 1587 1574 1626 τὸ
1596 1587 1743 1639 Σίρμιον
1763 1587 1936 1635 ἠὸούλετο
1954 1588 2217 1642 πολιορκήσειν,

1166 1648 1375 1686 Βιταλιανόν
1401 1663 1438 1685 τε
1462 1647 1520 1685 τὸν
1548 1646 1702 1700 ἑρμηνέα
1727 1646 1788 1685 καὶ
1815 1649 1974 1697 Κομιτᾶν
1995 1641 2087 1700 εἶχεν
2107 1651 2140 1686 ἕν
2166 1650 2221 1687 δε-

1166 1706 1279 1756 σμοῖς.
1298 1705 1425 1759 Ἄμφω
1438 1705 1505 1759 γὰρ
1516 1705 1565 1744 τὼ
1581 1706 1683 1759 ἄνδρε
1697 1705 1810 1744 τούτω
1827 1706 2012 1750 Ἰουστῖνος
2026 1709 2042 1744 ὁ
2059 1707 2221 1759 βασιλεὺς

1166 1765 1235 1812 ἤδη
1257 1764 1395 1808 στείλας
1414 1766 1571 1817 ὑπῆρχεν
1591 1766 1637 1809 ὡς
1657 1765 1774 1813 αὐτὸν,
1800 1765 2006 1811 αἰτήσοντας
2029 1767 2154 1815 αὐτοῦ,
2176 1769 2221 1810 ὡς

1169 1823 1210 1862 ἂν
1230 1823 1317 1862 ἅττα
1335 1824 1534 1876 διαλεχθείη
1558 1825 1569 1876 (
1584 1823 1673 1862 ἅττα
1688 1824 1852 1876 ἐγκαλοίη
1869 1825 1962 1863 διαλ.
1982 1827 2083 1874 conj.
2099 1828 2162 1877 N.)
2181 1842 2221 1876 γε

1167 1884 1297 1926 αὐτοῖς.
1320 1880 1366 1921 Ὁ
1397 1881 1433 1920 δὲ
1456 1883 1554 1934 παρὰ
1584 1882 1642 1920 τὸν
1664 1882 1776 1921 κοινὸν
1797 1885 1864 1920 τῶν
1887 1882 2068 1934 πρέσὸεων
2090 1884 2218 1935 θεσμὸν

1167 1937 1258 1994 εἶχεν
1281 1942 1314 1979 ἐν
1334 1942 1487 1992 δεσμοῖς.

1533 2015 1595 2049 27.
1618 2001 1702 2051 (an.
1727 2000 1831 2052 568.)

1221 2079 1370 2115 Ibidem
1392 2091 1433 2127 p.
1462 2083 1627 2122 111-114
1660 2090 1669 2116 :
1697 2076 1784 2116 “On
1817 2079 1835 2115 ὁ
1863 2078 2013 2121 Βαϊανὸς
2042 2078 2132 2127 μετὰ
2161 2078 2222 2126 τὴν

1166 2186 1338 2227 conjiceret
1353 2195 1394 2219 ex
1410 2186 1460 2219 his
1474 2195 1548 2227 quae
1573 2188 1765 2228 evenerant,
1788 2187 1868 2220 nihil
1892 2188 1994 2221 inesse
2021 2189 2224 2223 Conimundo

1166 2239 1257 2280 fidei,
1273 2239 1406 2272 minime
1422 2239 1554 2280 quidem
1570 2240 1616 2272 illi
1638 2240 1863 2280 denegandum
1880 2242 2038 2274 auxilium
2049 2266 2058 2282 ‚
2073 2242 2127 2274 sed
2145 2242 2224 2274 dila-

1165 2293 1253 2324 tione
1269 2294 1301 2325 et
1314 2293 1603 2334 procrastinatione
1621 2294 1809 2335 petitionem
1827 2294 1897 2334 eius
1915 2295 2098 2327 ducendam
2111 2295 2224 2328 existi-

1166 2345 1279 2377 mavit.
1295 2345 1472 2386 Respondit
1485 2346 1570 2377 enim
1581 2369 1590 2385 ,
1604 2354 1660 2386 per
1675 2346 1782 2378 varias
1796 2347 1977 2387 provincias
1987 2347 2147 2388 dssspersos
2157 2357 2226 2380 esse

1165 2400 1387 2431 Romanorum
1404 2400 1566 2432 exercitus
1584 2412 1592 2431 ι
1611 2409 1685 2431 cum
1701 2400 1867 2432 celeritate
1883 2401 1915 2432 et
1933 2399 2040 2432 studio
2063 2400 2134 2432 illos
2150 2410 2224 2433 coa-

1166 2455 1295 2482 cturum
1306 2452 1339 2483 et
1351 2460 1450 2491 quam
1464 2451 1616 2484 citissime
1628 2453 1792 2493 suppetias
1805 2452 1992 2484 missurum.
2007 2455 2084 2484 Haec
2095 2462 2226 2494 quoque

1166 2504 1244 2535 mihi
1258 2503 1298 2535 de
1313 2504 1519 2536 Conimundo
1531 2504 1663 2545 audita;
1684 2505 1739 2536 sed
1757 2505 1888 2536 minime
1902 2505 2087 2536 verisimilia
2110 2505 2224 2537 viden·

1167 2557 1233 2588 tur.
1249 2555 1327 2588 Mihi
1344 2556 1430 2588 enim
1443 2556 1521 2588 satis
1540 2557 1711 2597 impudens
1725 2557 1852 2589 videtur
1863 2557 1888 2589 is
1903 2556 1969 2597 qui,
1988 2566 2089 2597 quum
2106 2557 2225 2589 soedera

1167 2608 1308 2649 ruperit,
1323 2608 1435 2640 eadem
1451 2617 1563 2640 rursus
1576 2608 1666 2650 petit.
1681 2609 1808 2641 Dicitur
1825 2618 1899 2640 vero
1910 2633 1919 2649 ,
1941 2617 2004 2640 non
2025 2609 2129 2640 solum
2147 2611 2226 2641 tunc

1168 2660 1322 2701 temporis
1346 2660 1575 2701 Longobardos
1602 2661 1723 2701 legatos
1751 2661 1793 2692 ad
1814 2664 1831 2693 J
1836 2661 1978 2692 ustinum
1998 2661 2119 2693 misisse
2130 2686 2139 2702 ,
2169 2662 2225 2693 sed

1167 2712 1283 2752 quavis
1294 2713 1417 2745 ratione
1431 2721 1486 2744 eos
1505 2712 1645 2753 Gepidas
1660 2712 1747 2753 apud
1760 2715 1921 2745 Romanos
1935 2712 2049 2752 ingrati
2063 2722 2137 2754 erga
2156 2714 2226 2745 illos

1167 2765 1267 2796 animi
1282 2765 1486 2796 insimulatos
1502 2774 1589 2804 esse,
1609 2774 1674 2805 quo
1694 2764 1794 2805 magis
1811 2764 1869 2805 ipsi
1889 2765 2010 2796 auxilio
2030 2765 2116 2805 ‹ligni
2137 2765 2226 2797 vidc-

1168 2819 1298 2858 rentur3
1313 2818 1366 2850 sed
1379 2818 1457 2850 nihil
1473 2819 1686 2859 profecerunt.
1699 2820 1767 2850 Hoc
1778 2819 1885 2850 tamen
1899 2817 1939 2849 ab
1950 2818 2142 2859 imperatore
2152 2828 2226 2850 con-

1168 2870 1270 2902 secuti
1291 2872 1384 2910 sunt,
1406 2871 1442 2902 ut
1458 2871 1574 2902 neutra
1587 2879 1664 2910 gens
1689 2879 1707 2901 a
1727 2871 1879 2902 Romanis
1892 2870 2020 2902 auxiliis
2045 2871 2224 2910 juvaretur.

1677 2925 1734 2958 26.

1211 2981 1368 3020 Baianus,
1393 2989 1458 3020 quo
1474 2982 1619 3020 tempore
1635 2980 1675 3013 de
1695 2980 1872 3013 obsidendo
1899 2981 2015 3013 Sirmio
2044 2981 2224 3022 cogitabat,

1170 3032 1368 3064 Vitalianum
1395 3031 1602 3072 interpretem
1622 3035 1654 3064 et
1681 3032 1841 3065 Comitam
1862 3033 1893 3063 in
1920 3033 2050 3064 vincula
2075 3033 2222 3071 conjecit.

1171 3087 1236 3117 Hos
1248 3086 1357 3116 autem
1371 3084 1454 3116 duos
1468 3085 1553 3116 viros
1575 3084 1724 3117 ,lustinus
1737 3084 1910 3125 imperator
1924 3084 2048 3116 dudum
2070 3085 2110 3116 ad
2133 3085 2223 3116 illuni

1171 3136 1300 3168 miserat
1311 3159 1319 3175 ,
1329 3138 1365 3167 ut
1377 3135 1501 3168 aditum
1513 3136 1553 3167 ad
1565 3135 1815 3176 colloquendum
1829 3145 1903 3167 cum
1916 3137 1968 3167 illo
1981 3136 2020 3168 de
2030 3137 2224 3176 quibusdam

1172 3189 1266 3220 rebus
1279 3189 1435 3228 peterent.
1450 3189 1480 3219 ls
1492 3189 1601 3219 autem
1615 3191 1728 3219 contra
1740 3188 1785 3219 sas
1801 3190 1832 3220 et
1841 3188 2070 3227 communejus
2083 3188 2223 3227 gentium

1172 3249 1225 3271 eos
1239 3240 1271 3271 in
1285 3239 1420 3271 vinculis
1433 3239 1557 3272 habuit.

1666 3303 1723 3334 27.

1215 3356 1355 3388 Baianus
1382 3357 1453 3396 post
1481 3365 1650 3387 murorum
1685 3356 1957 3396 oppugnationem
1988 3354 2071 3386 misit
2102 3355 2155 3394 qui
2183 3354 2222 3385 de

1174 3416 1251 3448 pace
1271 3409 1411 3447 agerent.
1436 3408 1587 3440 Nonnulli
1615 3417 1653 3439 ex
1678 3408 1726 3439 his
1743 3407 1797 3447 qui
1821 3408 1925 3439 Sirmii
1952 3407 2057 3445 erant,
2075 3406 2112 3437 ad
2131 3415 2219 3438 suin-
