2326 3724
125 231 208 294 238*

123 340 254 379 ἔνεστιν
274 340 322 383 ὡς
340 338 384 378 τὰ
404 338 518 378 πολλὰ
535 337 797 393 ἐπιχαιρεκάκῳ
816 336 902 390 οὔσῃ
921 337 1054 380 ἀόκνως
1074 352 1173 390 περι-

124 404 256 436 νοστεῖν
277 413 314 436 τε
329 398 389 436 καὶ
407 397 657 451 ὑπευρύνεσθαι
678 399 1012 450 (ὕπερευνᾶσθαιὲ).
1029 397 1083 436 Τὸ
1099 399 1175 436 ἑαυ-

98 463 102 467 “
123 459 185 504 τῆς
202 452 261 495 οῧν
285 458 493 496 ἔπιτελοῧσα
511 457 634 510 ἐφότου
653 456 790 510 [ἐφοίτα
815 471 851 495 c.
869 457 929 508 Β.]
950 454 1176 509 ψιθυρίζουσα

123 515 217 554 κατὰ
232 515 370 556 τούτου.
386 515 490 557 Ἐπεὶ
504 515 540 554 δὲ
555 515 744 569 ε’νεφώλευε
757 516 827 559 τοῖς
839 515 905 553 ὠσὶ
915 546 925 563 ,
940 515 980 553 τὸ
996 515 1178 566 ἀστάθμη·

126 574 185 613 τόν
197 590 235 614 τε
245 575 305 614 καὶ
318 576 504 614 ἀλλόκοτον
519 576 640 614 τούτου
655 576 922 628 ἐκτραγῳδοῖῖσα
933 603 943 622 ,
960 575 991 612 οἵ
1005 603 1176 614 .......

126 633 282 682 ὑπήκοον
305 633 353 689 [οἱ
374 633 466 673 κατὰ
486 633 548 681 τὴν
567 635 716 686 Περσῶν
736 632 918 686 Ἀρμενίαν
939 632 1000 671 καὶ
1018 631 1177 684 Ἰὅηρίαν

126 691 275 739 ὑπήκοοι
294 693 399 740 conj.
415 690 734 745 Νἰε1).]ἥχοοντο,
753 692 812 730 καὶ
827 692 1028 744 περιέφερον
1050 692 1085 729 ἐν
1104 689 1178 728 στό-

127 765 214 800 ματι
232 749 292 788 τὸν
322 749 480 801 ἡγεμόνα
502 749 564 789 ἅτε
585 749 819 803 ἀνοσιουργόν.

178 807 267 848 ’Ότι
291 810 310 847 ὁ
335 808 506 862 ἱστορικός
535 824 622 862 φησι
652 808 852 861 Μένανδρος
877 807 958 862 περὶΙ
988 806 1178 853 Ἶσαοζίτου

125 870 186 907 τοῦ
205 870 240 907 ἐν
261 867 409 921 Περσίδι
430 867 706 921 σταυρωθέντος,
731 867 928 921 τραγῳδίαν
957 867 1098 918 θέμενος
1117 867 1176 906 καὶ

126 926 186 965 τὸν
210 927 318 979 ἄνδρα
339 927 432 966 ε’σότι
453 927 633 978 ἀγασθείς·
652 944 667 962 κ
682 926 744 966 Ἐν
772 929 821 979 νῷ
838 923 1036 998 ἕὸαλόμην,
1050 927 1097 969 ὣς
1118 924 1179 963 καὶ

127 983 222 1029 ἄξιον
238 987 289 1023 τῶ
304 1000 365 1024 του
379 988 457 1024 θεου
477 987 672 1037 θεραπευτῃ
689 986 739 1022 τῶ
756 984 961 1037 βαρὸάρῳ’
945 999 981 1022 εν
999 983 1180 1036 ἑξαμέτρῳ

128 1043 339 1103 επίγραμμα
373 1043 482 1089 λέξαι.
518 1043 591 1084 Καὶ
616 1043 658 1091 δὴ
689 1025 851 1082 λέλεκταί
881 1057 942 1094 μοι
969 1042 1179 1096 ἐπίγραμμα

127 1102 196 1140 ὧδε
216 1103 246 1153 (*
248 1103 274 1154 )·

169 1187 231 1221 Ην
246 1188 343 1231 πάρος
357 1189 388 1221 ἐν
405 1189 562 1231 Πέρσῃσιν
577 1188 639 1230 ἐγὼ
656 1187 756 1230 μάγος
772 1187 943 1227 ’Ῑσαοζίτης

209 1237 252 1272 εἷς
269 1236 361 1274 ὀλοὴν
375 1236 498 1273 ἀπάτην
513 1236 637 1272 ἐλπίδας
649 1235 857 1277 ἐκκρεμάσας.

170 1281 250 1314 Effare
261 1283 293 1314 δὲ
307 1283 424 1324 πυρσὸς
440 1282 570 1314 ἔδαπτεν
588 1283 664 1323 ἐμὴν
679 1283 783 1321 πόλιν,
797 1283 890 1322 ἦλθον
904 1282 1013 1323 ἀρῆξαι
1023 1306 1032 1322 ,

211 1329 284 1367 ἦλθε
297 1329 330 1360 δὲ
347 1330 401 1361 καὶ
414 1331 550 1370 Χριστοῦ
564 1330 749 1367 πανσθενέος
763 1330 916 1371 θεράπων.

170 1376 274 1417 Κείνῳ
286 1375 313 1407 δ’
327 1376 461 1414 ἑσὸέσθη
479 1377 605 1417 δύναμις
620 1377 730 1416 φλογὸς
740 1400 749 1416 ,
763 1377 841 1409 ἀλλὰ
854 1378 907 1409 καὶ
925 1377 1025 1419 ἒμπης

212 1424 346 1461 νικηθεὶς
359 1423 450 1462 νίκην
463 1424 564 1462 ἤνυσα
579 1425 746 1466 θειοτερην.
763 1436 780 1453 »

182 1504 269 1546 ’Ότι
285 1509 302 1545 ὃ
323 1506 424 1551 αὖτὸς
440 1506 465 1546 Ἰ
472 1506 651 1555 σαοζίτης,
665 1506 929 1559 παραινούντων
940 1506 1043 1546 αὐτὸν
1058 1510 1182 1547 ἐσταυ-

132 1563 284 1617 ρωμένον
312 1564 396 1603 ὄντα
428 1566 461 1609 ἐς
490 1565 535 1604 τὰ
563 1566 696 1618 πάτρια
731 1566 934 1616 μεταθεῖναι
961 1565 1097 1618 νόμιμα
1125 1567 1186 1605 καὶ

133 1623 324 1671 σώζεσθαι,
342 1623 407 1676 ἔφη
438 1626 712 1674 μεταμελεῒσθαι
741 1626 807 1676 οὐχ
830 1625 884 1662 ὅτι
910 1625 945 1668 ἐς
975 1629 1077 1664 τοῦτο
1098 1625 1185 1677 ἔγνω

133 1683 309 1736 σωτηρίας
327 1685 453 1733 ἐλθεῖν,
475 1683 553 1722 ἀλλ’
569 1682 622 1722 ὅτι
639 1683 728 1734 ἔγνω
748 1683 826 1737 ὀψέ.
848 1685 971 1723 Ταῦτα
991 1683 1090 1735 ἔλεγε
1109 1687 1185 1734 γλι-

133 1742 283 1793 χόμενος
311 1741 403 1780 κατὰ
430 1741 470 1780 τὸ
503 1741 745 1796 ἀπαραίτητόν
769 1757 808 1780 τε
839 1742 900 1779 καὶ
919 1743 1086 1796 καρτερὸν
1117 1746 1185 1782 τῶν

135 1801 304 1854 οὐρανίων
330 1803 368 1840 ἐκ
389 1830 400 1841 .
432 1830 441 1839 .
471 1800 529 1839 διὰ
552 1803 714 1840 παλαιῶν
747 1800 925 1854 στεφάνων
956 1801 1001 1839 τὰ
1032 1802 1186 1855 ἆκήραια

136 1861 340 1898 ἀνακεῖσθαι
371 1859 580 1913 νικητήρια,
612 1860 672 1899 καὶ
692 1859 789 1907 ἠξίου
812 1860 852 1900 τὸ
876 1859 991 1913 βραχὺ
1013 1862 1073 1900 καὶ
1103 1862 1186 1901 ἀνό-

134 1934 238 1966 νητον
256 1923 317 1958 τοῦ
343 1919 419 1972 βίου
439 1920 552 1958 δοκεῖν
570 1918 726 1958 τίθεσθαι
754 1919 812 1958 ἐπὶ
838 1923 882 1973 ῥη
914 1950 924 1960 .

136 1977 203 2016 ἀεί.

958 1921 1187 1966 .δια..ες

188 2033 306 2075 τΌτι*
289 2053 310 2083 η
326 2037 373 2080 εἷς
387 2035 430 2075 τὰ
447 2036 594 2088 μέγιστα
612 2038 680 2075 τῶν
695 2037 960 2090 ἐγχειρημάτων
975 2038 1067 2091 ὁρμὴ
1082 2038 1189 2078 πλέον

135 2110 180 2132 πε
173 2093 269 2148 ’ρυκε
286 2095 326 2133 τὸ
348 2096 570 2147 ἀναχαιτίζον
588 2100 649 2134 τοῦ
671 2099 927 2148 παρορμῶντος
952 2096 1058 2149 ἔχειν,
1076 2098 1192 2144 ἄλλως

135 2169 172 2190 τε
188 2153 248 2191 καὶ
262 2151 304 2200 ἢν
319 2148 447 2198 αὐ()κ;”ι
465 2157 551 2193 ὠσιν
565 2155 597 2193 οἱ
615 2155 648 2199 ἐς
662 2169 839 2208 προυπτον
853 2155 1006 2194 κίνδυνον
1020 2157 1192 2203 ἐθέλοντες

138 2212 287 2265 ἀφιέναι.

182 2305 224 2345 (*)
242 2318 256 2333 «
272 2306 339 2337 Hoc
353 2306 550 2346 epigramma
562 2305 684 2338 editum
701 2306 791 2339 estin
807 2307 996 2350 Anthoiogia
1007 2310 1059 2342 (ἓν,
1069 2310 1150 2342 tom.
1165 2312 1189 2351 1,

138 2361 170 2393 p.
186 2356 239 2392 27,
256 2353 310 2384 ubi
332 2353 471 2386 hominis
484 2362 602 2385 nomen
620 2354 771 2386 scribitur
788 2355 975 2394 Ἶσὸοζήτης.
996 2370 1011 2384 υ
1026 2359 1188 2391 ΝιΕΒιίικ.

873 246 1151 289 MENANDRI
1180 245 1534 288 PROTECTORIS

1287 335 1376 377 “Ort
1393 336 1474 389 περὶ
1502 334 1704 389 Προκοπίου
1728 338 1788 375 τοῦ
1817 336 1990 389 ἱστορικοῦ
2018 335 2079 376 καὶ
2099 335 2282 390 δικηγόρου

1238 395 1342 449 φησὶν
1361 395 1604 448 ὃΜένανδρος·
1623 411 1639 428 «
1657 396 1711 434 Οὐ
1731 394 1799 447 γὰρ
1815 395 1892 445 ε’μοί
1911 411 1950 447 γε
1971 394 2131 446 δυνατὸν,
2150 395 2228 434 οὐδέ
2238 410 2278 447 γε

1238 454 1353 498 ἄλλως
1381 452 1513 506 πέφυκε
1545 456 1711 506 θυμῆρες,
1745 454 1895 505 τοσαύτῃ
1933 453 2045 505 λόγων
2073 454 2186 492 ἀκτῖνι
2220 453 2283 501 τὴν

1237 507 1389 563 ἐμαυτοῦ
1418 511 1608 583 θρυαλλίδα
1633 514 1880 565 ἀντανασχεῖν.
1911 511 2064 564 Ἀρκέσει
2091 511 2135 550 δέ
2159 527 2218 563 μοι
2247 514 2283 551 ἐν

1238 572 1373 623 μικροῖς
1403 570 1587 621 πάγκαλον
1620 570 1779 624 δεῖσθαι(
1796 587 1812 605 «
1830 574 1888 609 Ita
1906 573 2094 621 legebam.
2116 587 2133 606 ιι
2159 573 2256 608 Mai.
2274 570 2286 623 )

1237 634 1308 672 τοῖς
1327 631 1500 679 ἔμαυτου,
1518 628 1578 667 και
1599 644 1650 682 τῳ
1667 628 1843 691 Ἀσκραίῳ
1860 627 2039 684 [ἕπεσθαι]
2060 631 2188 682 ποιητῇ
2208 629 2286 676 ἦλί·

1238 686 1310 725 Οιόν
1331 702 1408 725 τινα
1440 687 1502 726 καὶ
1533 687 1742 742 παράφρονα
1771 682 1860 726 εἶναι
1887 688 2056 741 φάσκοντι
2074 687 2134 727 τὸν
2158 689 2193 732 ἐς
2210 689 2289 733 τοὺς

1238 745 1435 799 κρείττονας
1454 745 1713 797 ἁμιλλώμενον.
1738 763 1754 782 ν
1773 748 1850 785 Sic.

1295 803 1383 844 ’Ότι
1401 803 1491 854 μετὰ
1505 802 1569 852 τὴν
1588 806 1657 842 τῶν
1671 804 1829 857 Ἀὅοίρων
1847 819 1871 852 η
1892 798 2020 857 [ἧτταν
2039 804 2142 854 conj.
2160 804 2286 856 Nieb]

1243 892 1254 904 .
1276 891 1290 903 .
1308 891 1318 901 .
1342 862 1461 910 .τὴν.
1485 894 1494 902 .
1549 863 1596 900 ,ὁ
1612 864 1681 900 τῶν
1698 861 1910 915 Ἀδάρων..

1296 949 1308 962 .
1331 952 1341 962 .
1364 936 1428 972 μον
1453 921 1648 971 ἐπενεγκεῖν
1668 921 1823 972 ἐτόλμησ
1839 951 1850 962 .
1866 950 1877 962 .

1240 980 1418 1033 διφ[θέρας
1437 981 1571 1032 Nieb.]

1294 1039 1391 1077 εἰσίν·
1413 1039 1488 1076 ὅθεν
1507 1037 1756 1090 ἀναλεγόμενοι
1771 1054 1842 1090 γνω
1862 1067 1871 1077 .
1892 1066 1904 1079 .
1923 1067 1933 1077 .

1298 1097 1468 1159 χωτοίτῳ
1468 1099 1501 1140 ἐς
1516 1113 1559 1135 τα
1575 1097 1695 1150 φύλα.
1710 1097 1898 1150 ,Τιὸέριον
1926 1096 1963 1136 δὲ
1990 1096 2098 1152 φάναι
2110 1095 2290 1150 ἀμοιὸαίῳ

1299 1186 1413 1198 .....
1433 1161 1523 1195 εἶναι
1540 1155 1746 1203 ἐπιτήδειον.

1298 1219 1445 1255 Primus
1461 1219 1588 1263 locus,
1607 1219 1639 1254 si
1656 1225 1759 1255 lecte
1779 1217 2011 1255 Niebuhrius
2038 1216 2227 1266 conjecit,
2248 1216 2297 1254 de

1243 1278 1512 1314 Persai-meniis
1545 1284 1616 1322 est,
1649 1277 1728 1326 qui,
1766 1289 1885 1326 quum
1915 1289 1938 1313 a
1956 1277 2063 1313 cultu
2098 1276 2295 1326 religionis

1245 1337 1468 1374 Christianae
1506 1335 1818 1384 prohiberentur,
1861 1336 2041 1373 Surenam
2079 1335 2298 1384 praefectum

1245 1402 1449 1440 necarunt,
1475 1402 1513 1431 et
1538 1405 1560 1430 a
1588 1395 1708 1430 Persis
1724 1393 1775 1431 ad
1792 1395 1989 1431 Romanos
2008 1393 2179 1430 defecere
2198 1392 2292 1443 (571

1244 1467 1284 1503 p.
1315 1453 1358 1492 C.
1376 1453 1406 1502 ).
1431 1455 1474 1491 V.
1501 1454 1686 1502 Euagrius
1718 1454 1765 1498 V,
1796 1452 2061 1499 73Menander
2084 1452 2130 1490 fr.
2157 1451 2219 1490 36.
2243 1453 2300 1488 Ex

1245 1512 1379 1550 eodem
1407 1513 1496 1549 loco
1520 1513 1641 1562 petita
1662 1511 1807 1548 fuerint
1832 1524 1915 1560 quae
1939 1511 1986 1548 de
2008 1523 2101 1548 nece
2127 1511 2299 1548 Isaozitae

1246 1571 1452 1610 Christiani
1491 1578 1714 1619 sequuntur.
1759 1571 1923 1618 Reliqua
1963 1582 2042 1618 quo
2083 1571 2302 1619 pertineant

1245 1631 1369 1666 minus
1392 1636 1514 1678 patet.
1539 1631 1630 1676 Quae
1647 1635 1736 1678 post
1754 1629 1834 1665 haec
1861 1630 1902 1664 in
1927 1630 2016 1666 Exc.
2034 1629 2092 1665 De
2118 1635 2214 1665 sent.
2242 1629 2301 1666 le-

1245 1695 1403 1737 guntur,
1420 1688 1551 1725 eadem
1570 1687 1685 1725 habes
1701 1688 1742 1723 in
1756 1688 1848 1724 Exc.
1865 1688 1922 1724 De
1939 1687 2011 1736 leg.
2031 1687 2163 1737 fragm.
2178 1687 2244 1731 43.

1895 948 1907 962 .
1941 921 2141 975 γράμματά
2169 936 2208 960 τε
2227 920 2289 960 καὶ

1510 1791 1572 1830 36.
1594 1790 1711 1842 (571.
1738 1793 1875 1829 Justini
1891 1803 1951 1831 an.
1971 1792 2039 1842 7.)

1303 1881 1396 1917 Exc.
1414 1882 1471 1917 De
1489 1881 1562 1929 leg.
1581 1887 1681 1929 gent.
1694 1892 1733 1929 p.
1754 1879 1902 1917 115—1
1914 1891 1957 1927 ¹7
1979 1893 1990 1916 τ
2006 1877 2094 1919 Ὅτι
2111 1880 2173 1917 τοῦ
2193 1877 2297 1917 δεκά-

1251 1951 1313 1976 του
1339 1936 1434 1982 ἔτους
1463 1937 1665 1982 ἀνυσθέντος
1683 1940 1754 1976 τῶν
1772 1937 2111 1985 πεντηκοντουτίδων
2131 1939 2301 1986 σπονδῶν,

1257 1994 1348 2046 μετὰ
1365 1995 1429 2043 τὴν
1446 1995 1584 2049 σφαγὴν
1605 1995 1786 2049 Σουρήνα,
1806 1998 1841 2035 ἐν
1860 1995 1974 2049 τούτῳ
1990 1998 2011 2035 ὁ
2029 1997 2179 2052 Περσῶν
2198 1998 2303 2048 βασι·

1253 2053 1332 2099 λεὺς
1361 2055 1497 2094 στέλλει
1518 2054 1714 2107 Σεὸόχθην,
1733 2054 1841 2107 ἄνδρα
1862 2054 2022 2106 Πέρσην,
2051 2056 2085 2099 ἐς
2114 2055 2303 2108 πρεσὸείαν

1254 2114 1301 2157 ὡς
1320 2113 1504 2153 Ἰουστῒνον
1531 2114 1590 2153 τὸν
1620 2112 1787 2166 βασιλέα,
1809 2115 1878 2152 τῶν
1905 2115 1940 2151 ἐν
1970 2114 2219 2167 Περσαρμενίᾳ
2240 2114 2303 2166 μὲν

1255 2172 1563 2225 ξυνενεχθέντων”
1541 2189 1682 2224 αγνοιαν
1702 2173 1834 2219 δῆθενε
1821 2172 2108 2224 υποκρινάμενος,
2130 2173 2244 2218 ἄλλως
2266 2173 2304 2212 δὲ

1254 2230 1294 2269 τὸ
1317 2231 1592 2283 συντεταγμένον
1612 2232 1810 2282 Ῥωμαίους
1826 2231 2051 2270 κατατιθέναι
2065 2232 2220 2295 χρυσίον
2225 2235 2305 2286 βου·

1253 2289 1415 2340 λόμενος,
1443 2295 1499 2330 οἱα
1526 2290 1568 2337 δὴ
1599 2307 1663 2339 της
1688 2290 1867 2334 δεκαετίας
1893 2291 2165 2344 περαιωθείσης,
2195 2296 2236 2340 ἧς
2260 2291 2306 2331 τὰ

1255 2348 1426 2401 χρήματα
1439 2351 1483 2402 ὑφ
1487 2348 1572 2387 ’ἓνε
1557 2351 1760 2401 εκομίσατο,
1775 2354 1849 2388 εἶτα
1861 2349 2092 2400 ἐμπεδώτατα
2104 2349 2306 2395 ξυνεστοίναι

150 2417 2297 2438 ————-——-—————————-——--—--—-——-—-—-——-—--

139 2462 236 2485 suum
265 2461 443 2494 exsequens
474 2454 667 2486 circumibat
699 2454 905 2488 insusurrans
938 2457 1191 2491 criminationes.

143 2506 317 2546 Postquam
335 2514 412 2537 vero
436 2513 530 2538 aures
546 2506 713 2538 hominum
738 2506 875 2546 insedit,
893 2507 1141 2541 inconstantiam
1163 2510 1197 2542 et

142 2557 346 2598 iniquitatem
362 2556 431 2597 ejus
447 2565 543 2598 supra
556 2557 689 2589 modum
708 2557 874 2598 incusans,
891 2559 902 2599 (
916 2561 977 2600 qui
994 2562 1195 2593 Persarme-

141 2612 238 2642 niam
262 2612 296 2642 et
319 2609 471 2642 Iberiam
488 2611 728 2650 incolebant,)
752 2611 887 2643 oderant
905 2620 944 2644 ac
968 2612 1070 2645 veluti
1098 2614 1196 2646 scele-

140 2664 228 2694 stum
241 2661 434 2694 differebant
445 2661 646 2694 sermonibus
657 2661 774 2694 ducem
787 2664 971 2696 Surenam.

182 2713 235 2746 Ait
248 2713 418 2746 historicus
428 2713 602 2746 Menander
612 2713 652 2746 de
664 2714 796 2746 lsaozita
806 2714 891 2755 apud
904 2717 1014 2747 Persas
1024 2716 1056 2748 in
1067 2724 1198 2749 crucem

143 2767 228 2806 acto,
253 2765 416 2807 tragoediae
428 2766 460 2798 in
476 2766 609 2799 modum
634 2766 774 2799 hominis
801 2767 902 2800 fatum
925 2768 1038 2809 lugens
1051 2771 1083 2801 et
1096 2769 1199 2801 admi-

144 2826 240 2852 rans:
255 2830 271 2845 «
286 2818 399 2850 Eidem
411 2818 646 2851 destinaveram
659 2818 868 2859 epigramma,
879 2822 975 2860 prout
988 2820 1110 2853 famulo
1120 2821 1197 2862 Dei,

144 2877 341 2910 quamquam
362 2869 519 2910 barbaro,
541 2869 676 2911 dignum
699 2870 788 2911 erat,
810 2871 995 2904 inscribere.
1011 2873 1068 2904 Est
1089 2873 1199 2904 autem

148 2920 343 2962 epigramma
360 2922 421 2953 lioc
439 2934 447 2954 ε

217 2980 306 3007 Eram
322 2979 394 3007 olim
407 2979 487 3008 inter
499 2982 604 3009 Persas
613 2986 717 3017 magus
729 2987 786 3016 ego
798 2979 936 3016 maozim,

252 3024 310 3058 Qui
324 3025 488 3061 perniciosa
500 3026 531 3054 in
544 3025 648 3055 [raude
660 3033 743 3063 spem
756 3026 984 3056 collocaveram.

217 3071 378 3106 Quumque
391 3071 497 3100 urbem
511 3079 608 3100 meam
617 3073 695 3109 iguis
708 3073 874 3109 corripuit,
886 3075 957 3103 veni
969 3073 1182 3106 auxiliaturusz

255 3116 403 3153 venitque
415 3117 503 3146 simul
516 3119 626 3148 Christi
639 3119 745 3148 invicti
757 3119 898 3149 ramulus.

217 3161 271 3190 Ille
283 3169 353 3191 sane
366 3162 427 3190 vim
439 3163 557 3198 igneam
568 3165 726 3198 exstinxit3
740 3166 791 3194 sed
802 3167 901 3196 tamen
913 3173 971 3204 ego

254 3209 359 3238 Victus
372 3210 528 3238 victoriam
542 3211 633 3240 retuli
645 3211 838 3242 diviniorem.
849 3223 866 3239 u

194 3269 280 3302 idern
297 3269 433 3302 lsaozita
444 3294 454 3310 ‚
470 3278 572 3310 quum
583 3270 715 3311 quidam
729 3271 936 3304 hortarentur
948 3281 1022 3304 eum
1036 3272 1124 3304 cruci
1135 3270 1201 3312 jam

150 3321 306 3360 affixum,
333 3323 370 3353 ut
392 3320 431 3352 ad
457 3321 560 3361 patria
584 3330 675 3354 sacra
691 3324 854 3355 revertens
883 3324 987 3355 satum
1015 3331 1203 3365 supremum

151 3371 344 3411 declinaret,
372 3373 526 3413 poenitere
542 3381 576 3405 se
596 3373 662 3413 ait,
688 3382 753 3405 non
773 3374 858 3414 quod
873 3375 985 3407 salutis
1010 3375 1202 3416 adoptandae

153 3424 323 3456 consilium
350 3424 504 3465 cepisset,
535 3424 589 3456 sed
613 3424 701 3465 quod
728 3434 799 3457 sero
827 3426 971 3466 cepisset.
994 3428 1071 3459 Haec
1097 3426 1204 3459 aiebat

153 3475 284 3517 cupiens
307 3484 363 3518 per
390 3485 482 3508 suam
499 3476 685 3510 firmitatem
713 3478 811 3519 atque
826 3478 1040 3511 constantiam
1057 3478 1204 3512 coelestes

1256 2468 1392 2493 coronas
1407 2460 1550 2502 adipisci.
1565 2486 1573 2494 .
1589 2486 1596 2494 .
1613 2463 1646 2494 et
1656 2462 1786 2494 brevem
1802 2461 1886 2494 lianc
1898 2462 1932 2494 et
1948 2461 2096 2495 inutilem
2107 2461 2204 2495 vitam
2216 2461 2306 2504 parvi

1257 2512 1418 2545 aestimare
1430 2513 1530 2545 videri
1546 2514 1685 2546 volebat.

1299 2565 1414 2605 Magna
1437 2572 1515 2597 ausa
1544 2566 1688 2598 animum
1721 2564 1828 2606 potius
1851 2565 2025 2606 reprimere
2051 2573 2150 2606 quam
2167 2565 2309 2598 excitare

1257 2617 1378 2656 solent3
1394 2617 1491 2658 idque
1504 2618 1665 2660 praecipue
1674 2621 1701 2651 si
1715 2618 1809 2651 *sint
1821 2643 1832 2660 ,
1845 2618 1901 2687 qui
1916 2618 1958 2651 ad
1968 2619 2116 2660 apertum
2137 2619 2309 2652 discrimen

1260 2669 1427 2702 hominem
1444 2671 1625 2712 impellunt.

1301 2723 1350 2753 Dc
1368 2723 1524 2763 Procopio
1540 2723 1693 2756 historico
1702 2725 1734 2757 et
1745 2723 1884 2764 juridico
1893 2694 1939 2758 ait
1953 2722 2150 2757 Menander.
2169 2736 2186 2753 «ι
2200 2725 2311 2766 Neque

1260 2771 1340 2803 milii
1365 2773 1515 2814 possibile
1540 2775 1606 2813 est,
1628 2783 1733 2815 neque
1753 2776 1896 2818 alioquin
1915 2776 2023 2808 animo
2043 2775 2258 2815 destinatum,
2274 2776 2312 2808 ut

1260 2825 1374 2856 contra
1389 2825 1517 2856 tantum
1541 2826 1732 2866 eloquentiae
1744 2827 1947 2868 splendorem
1961 2827 2109 2868 exiguam
2123 2834 2228 2859 meam
2237 2834 2312 2859 can-

1260 2875 1366 2908 delam
1384 2877 1541 2909 attollam.
1557 2878 1641 2910 Satis
1653 2879 1714 2910 erit
1735 2879 1814 2911 milii
1838 2879 1981 2912 tenuitas
1995 2887 2091 2919 mea;
2117 2881 2312 2920 Ascraeoque

1261 2931 1356 2971 poeta
1371 2930 1504 2962 audiens
1517 2939 1591 2970 ero,
1604 2931 1660 2971 qui
1678 2939 1753 2964 cum
1779 2931 1958 2974 potioribus
1976 2932 2153 2965 certantem
2168 2932 2312 2966 stultitiae

1260 2980 1423 3014 insimulat
1435 2983 1532 3022 atque
1547 2981 1726 3015 dementiae.
1742 2995 1758 3011 ι,

1758 3047 1817 3081 36.

1305 3112 1426 3145 Exacto
1435 3111 1561 3144 decimo
1572 3111 1806 3153 quinquaginta
1815 3121 1973 3146 annorum
1991 3112 2195 3146 induciarum
2213 3122 2311 3155 anno,

1262 3166 1335 3206 post
1349 3166 1480 3197 Surenae
1497 3163 1773 3204 (Persarmene'ae
1787 3164 1968 3205 praesecci)
1985 3165 2126 3205 caedem,
2145 3167 2312 3198 Persarum

1263 3227 1322 3251 rex
1348 3215 1570 3255 Seboclithen,
1599 3215 1707 3248 virum
1734 3218 1863 3248 Persam
1876 3240 1886 3256 ,
1906 3216 2048 3257 legatum
2075 3216 2116 3249 ad
2145 3217 2312 3250 ,lustinum

1263 3270 1491 3311 imperatorem
1504 3267 1618 3301 mittit.
1636 3269 1692 3301 llle
1706 3269 1837 3310 quidem
1855 3269 2087 3310 ignorationem
2099 3277 2225 3311 eorum,
2238 3278 2313 3311 qum

1263 3323 1297 3355 in
1311 3322 1529 3356 Persarmenia
1539 3322 1626 3363 gesta
1638 3324 1746 3362 erant,
1759 3322 1909 3363 fingebat,
1924 3322 1980 3355 sed
1991 3331 2093 3364 quum
2109 3322 2220 3355 decem
2237 3322 2312 3355 anni

1263 3374 1494 3416 praeteriisent,
1519 3382 1658 3414 quorum
1685 3373 1809 3406 tributa
1833 3373 1866 3405 in
1892 3382 1991 3406 unam
2020 3374 2159 3414 collata,
2185 3374 2313 3406 fuerant

1265 3427 1389 3466 soluta,
1413 3426 1562 3466 deinceps
1582 3426 1742 3457 Romanos
1765 3433 1898 3465 aurum,
1914 3425 1955 3458 de
1981 3434 2048 3466 quo
2073 3427 2309 3465 couvenerant,

1264 3479 1408 3519 solvere,
1425 3479 1462 3510 ut
1486 3476 1664 3510 foederibus
1691 3477 1845 3519 scriptum
1862 3478 1948 3518 erat,
1975 3479 2008 3510 et
2031 3485 2142 3518 pacem
2167 3478 2314 3510 constare
