2326 3724
977 218 1311 260 FRAGMENTA.

66 316 172 368 μόνου
192 315 294 355 ἕνεκα
310 330 352 366 με
356 313 540 367 ’χιλιάδας
555 313 695 365 χρυσῶν
718 308 962 382 νομισμάτων,
985 310 1115 355 ἐπανῆ-

65 391 139 417 κεν.
162 372 461 427 Ἐμπεδωθέντων
492 371 528 410 δὲ
555 371 623 424 ἄρα
649 372 716 409 τῶν
742 369 919 416 τοιούτων,
949 366 1116 410 Εὐσέὸιος

64 437 83 474 ὁ
98 433 291 488 στρατηγὸς
306 435 340 477 ἐς
352 431 566 481 Βυζάντιον
560 429 851 468 μεταστέλλεται.

296 523 358 573 39.
393 520 507 572 (576.
540 522 677 557 Justini
707 533 768 556 an.
806 519 887 568 12.)

119 613 269 651 Ibidem
284 624 325 662 p.
346 610 444 658 157:
459 607 547 648 Ὅτι
567 608 610 653 δὴ
630 607 813 646 στέλλεται
832 606 924 645 κατὰ
940 605 1003 652 τὴν
1021 607 1116 657 Περ-

65 673 135 711 σῶν
162 670 284 744 χώραν
313 666 531 722 πρεσὸευτὴς
552 665 747 720 Τραϊανὸς,
768 667 802 705 ἐν
829 670 902 710 τοῖς
932 663 1119 718 βασιλείοις

64 729 222 783 πατράσι
254 728 363 767 τελῶν
390 725 452 766 καὶ
481 724 545 774 τὴν
577 724 770 778 λεγομένην
800 739 861 763 του
874 723 1128 799 ῗΚοιαίστορος

65 788 194 828 διέπων
211 786 337 842 ἀρχὴν,
354 786 397 834 ἣν
414 789 515 837 οἶμαι
535 786 574 824 ἐκ
593 788 654 824 τοῦ
670 784 853 832 ἀναζητειν
870 776 940 822 ωδε
939 781 1120 857 λελέχθαι

66 847 272 898 Ῥωμαίοις.
291 844 554 892 Ξυναπεστάλη
573 842 609 882 δὲ
625 860 686 883 και
700 842 903 896 Ζαχαρίας,
921 846 960 881 οὓ
975 841 1121 894 ἔναγχος

67 906 258 958 ἐμνήσθην,
279 905 331 959 ἐφ’
351 898 404 958 ᾧ,
427 906 456 943 εἷ
476 903 540 956 μὲν
560 897 656 943 οῐοίτ’
673 903 828 952 ἔσονται,
849 901 924 954 ἅμα
942 902 1121 953 ἐμπεδῶσι

67 964 159 1005 κατὰ
190 965 255 1014 τήν
288 981 327 1004 τε
361 963 453 1018 ἑώαν
488 963 549 1003 καὶ
581 963 645 1012 τὴν
675 962 858 1017 Ἀρμενίαν
889 961 983 1006 ἐντὸς
1016 978 1120 1015 τριων

68 1027 235 1064 ἐνιαυτῶν
265 1023 473 1077 ἐκεχειρίαν.
506 1022 569 1063 Ἐν
598 1021 753 1076 τοσούτῳ
773 1021 962 1068 ξυνέλθοιεν
981 1020 1015 1066 ἐξ
1037 1023 1122 1061 ἑκα-

67 1084 169 1138 τέρας
185 1083 362 1128 πολιτείας
387 1085 422 1122 ἐν
448 1088 519 1128 τοῖς
539 1082 664 1136 ὁρίοις,
691 1081 724 1121 οἳ
752 1081 955 1121 διαλύσουσι
976 1081 1020 1119 τὰ
1051 1082 1123 1132 ἀμ-

68 1144 219 1198 φίὸολα,
245 1142 492 1197 βουλεύσαιντό
517 1158 554 1182 τε
584 1142 644 1181 καὶ
663 1141 784 1196 τρόπῳ
812 1144 862 1195 τῷ
883 1140 1123 1189 καταθήσουσι

69 1203 115 1242 τὰ
140 1202 232 1242 ὅπλα
262 1205 295 1247 ἐς
313 1202 443 1242 τέλεον·
465 1203 494 1241 εἷ
515 1201 555 1241 δέ
569 1217 609 1254 γε
630 1201 680 1253 μὴ
700 1200 790 1240 οὕτω
809 1200 1032 1254 προχωροίη,
1053 1206 1123 1244 τοῖς

69 1267 152 1314 γοῦν
169 1262 255 1316 πρὸς
270 1262 369 1310 ἥλιον
388 1264 540 1301 οἰκοῦσιν
559 1261 623 1308 τὴν
643 1260 781 1300 τοιάνδε
802 1259 996 1313 ἐκεχειρίαν
1017 1259 1123 1298 παντὶ

71 1322 192 1375 τρόπῳ
208 1321 436 1368 ποιήσασθαι.
458 1320 745 1372 Παραγενόμενοι
774 1318 886 1357 τοίνυν
911 1320 942 1356 οἱ
961 1317 1125 1371 πρέσὸεις

70 1381 158 1433 πρὸς
181 1379 330 1433 βασιλέα
361 1382 523 1431 Περσῶν,
541 1381 574 1423 ἐς
591 1379 781 1426 ἐκκλησίαν
801 1393 839 1416 τε
865 1376 1122 1424 καταστάντες,

72 1440 236 1487 ἐλεξάτην
267 1438 399 1478 τοιάδε.
436 1437 585 1490 (Ζήτει
618 1440 659 1476 ἐν
676 1439 732 1490 τῷ
770 1436 879 1489 Περὶ
914 1437 1124 1487 δημηγο-

73 1502 198 1554 ριῶν.
189 1500 292 1550 .)-
312 1498 462 1538 Πολλῶν
486 1496 522 1536 δὲ
542 1496 779 1546 κεκινημένων
812 1495 937 1548 λόγων,
967 1511 1026 1534 και
1056 1511 1125 1533 των

73 1558 136 1610 μὲν
151 1559 299 1611 Περσῶν
312 1557 530 1610 μακροτέραν
544 1557 716 1595 ποιεῖσθαι
731 1555 794 1602 τὴν
809 1554 948 1608 εἰρήνην
961 1553 1122 1604 ἱεμένων,

73 1617 158 1670 ἄχρι
178 1616 214 1655 δὲ
232 1615 336 1655 πέντε
368 1618 533 1654 ἐνιαυτῶν
565 1615 728 1667 βεὸαιοῧν
747 1613 808 1662 τὴν
831 1613 1036 1667 ἐκεχειρίαν,
1056 1629 1125 1651 των

73 1675 110 1715 δὲ
131 1675 321 1725 Ῥωμαίων
341 1675 559 1727 τριετηρίδας
579 1669 667 1713 εἶναι
695 1673 914 1727 βουλομένων
934 1672 997 1717 τὰς
1021 1688 1126 1711 σπον-

74 1735 152 1785 δὰς,
168 1735 265 1779 τέλος
281 1736 344 1774 οὐκ
353 1735 505 1787 ἴσχυσαν
518 1737 549 1773 οἱ
560 1733 737 1788 πρέσὸεις,
753 1733 846 1773 καθὰ
871 1733 1122 1786 ἐπετέτραπτο,

74 1800 163 1849 σφᾶς
181 1794 397 1842 ποιήσασθαι
418 1793 480 1838 τὰς
499 1793 691 1841 συνθήκας·
711 1794 769 1833 ἐπὶ
797 1791 866 1845 [δὲ]
886 1791 988 1831 πέντε
1013 1794 1125 1831 ἐνιαυ

73 1853 152 1898 τους
181 1847 303 1892 εἶναι’
288 1853 489 1907 ερρωμένας
515 1854 702 1906 συνήρεσεν
732 1853 914 1906 ἀμφοτέρα
943 1851 1126 1904 πολιτείᾳ,

75 1911 167 1951 κατα
187 1912 229 1960 δὴ
247 1912 344 1960 τὴν
332 1911 378 1950 έω
400 1911 518 1964 μόνον,
541 1912 729 1966 τριάκοντά
757 1927 795 1949 τε
832 1910 993 1963 χιλιάδας
1027 1926 1128 1961 νομι·

76 1971 222 2021 σμάτων
236 1974 377 2024 χρυσῶν
406 1971 629 2010 κατατιθέναι
650 1970 850 2020 Ῥωμαίους
879 1969 947 2008 ἔτει
971 1970 1125 2023 ἑκάστῳ.

77 2030 259 2082 Ξυνήρεσε
282 2029 318 2068 δὲ
341 2030 386 2069 τὰ
408 2030 546 2078 τοιάδε,
569 2031 598 2068 εἷ
622 2028 785 2082 βασιλεὺς
801 2031 819 2066 ὃ
839 2028 1029 2078 Ῥωμαίων
1054 2031 1128 2067 ἐπι-

76 2089 276 2142 ψηφίσοιτο.

78 2203 171 2243 cepta
185 2203 295 2234 tamen
314 2203 482 2242 Armenia,
497 2211 552 2243 per
569 2210 692 2234 annum
710 2203 747 2234 ut
770 2201 811 2233 ab
828 2202 926 2233 armis
941 2202 1130 2241 cessaretur,

78 2255 127 2286 est
153 2255 323 2287 statutum.
348 2257 458 2293 Quum
473 2254 568 2295 igitur
591 2254 688 2294 huJus
715 2253 760 2286 rei
778 2253 1004 2286 tantummodo
1025 2261 1133 2286 conse·

78 2306 216 2347 quendae
231 2306 333 2347 gratia
342 2306 554 2348 quadraginta
569 2306 712 2347 quinque
725 2314 897 2337 aureorum
910 2306 1012 2338 millia
1024 2315 1134 2339 nume-

79 2360 197 2399 rasset,
214 2360 320 2393 rediit.
340 2362 379 2393 Et
407 2360 456 2393 liis
481 2360 650 2393 transactis
679 2358 834 2392 Eusebius
858 2359 926 2391 dux
945 2359 1134 2400 Byzantium

79 2412 260 2446 arcessitur.

573 2468 629 2501 39.

121 2522 260 2555 Mittitur
275 2522 390 2555 deinde
407 2523 440 2554 in
454 2525 623 2555 Persarum
641 2524 801 2563 regionem
821 2522 945 2563 legatus
960 2522 1116 2562 Traianus
1126 2545 1134 2560 ,

80 2574 163 2607 inter
178 2573 328 2616 patricios
349 2574 528 2615 ascriptus,
548 2574 604 2615 qui
623 2574 794 2615 quaestoris
811 2574 999 2614 magistratu
1022 2574 1135 2614 sunge-

81 2626 187 2667 batur,
210 2635 308 2668 quem
324 2635 343 2659 a
357 2626 532 2667 quaerendo
548 2635 568 2658 a
582 2626 735 2658 Romanis
756 2626 800 2658 sic
813 2625 938 2658 dictum
961 2635 1028 2658 esse
1044 2628 1134 2667 puto.

82 2679 197 2710 Missus
209 2679 257 2710 est
267 2687 331 2710 11113
346 2686 476 2719 1111011110
490 2678 677 2718 Zacharias,
691 2677 784 2718 cujus
800 2678 896 2710 antea
912 2678 1116 2714 meminimus
1126 2703 1135 2718 ‚

82 2730 131 2770 ut,
145 2729 171 2762 si
190 2730 339 2771 possent,
355 2729 456 2762 trium
475 2738 633 2761 annorum
664 2729 809 2762 inducias
831 2738 889 2771 per
913 2730 1079 2762 Orientem
1104 2732 1136 2762 et

83 2781 267 2813 Armeniam
287 2781 448 2820 facerent,
467 2782 622 2822 tantisper
643 2781 722 2813 dum
747 2781 800 2814 alii
824 2790 866 2814 ex
881 2783 1020 2823 utroque
1039 2791 1136 2823 regno

83 2832 117 2865 in
133 2832 250 2865 finibus
262 2833 487 2874 convenirent,
501 2834 556 2874 qui
570 2834 805 2866 controversias
814 2834 1001 2867 dirimerent
1014 2836 1047 2867 et
1061 2844 1137 2867 eon·

84 2884 191 2917 silium
206 2885 382 2930 haberent,
408 2894 473 2926 qua
494 2886 620 2918 ratione
639 2886 671 2917 in
689 2889 881 2927 perpetuum
894 2895 984 2918 arma
997 2887 1136 2928 depone-

86 2939 157 2969 rent
178 2949 186 2969 :
213 2936 239 2970 si
267 2937 328 2969 hoc
355 2938 488 2969 minime
515 2937 720 2978 succederet,
750 2938 888 2970 induciae
915 2939 1029 2971 saltem
1056 2939 1138 2971 tanti

84 2989 239 3030 temporis
252 2990 389 3031 probis,
405 2991 461 3032 qui
481 2991 520 3022 ad
544 2991 709 3024 Orientem
726 2991 889 3032 incolunt,
910 2993 998 3024 omni
1017 2992 1139 3024 ratione

87 3041 278 3075 obtinerent.
295 3044 406 3084 Legati
423 3044 478 3075 ubi
491 3044 530 3076 ad
554 3054 659 3085 regem
675 3048 844 3077 Persarum
869 3047 1092 3085 accesserunt,
1107 3046 1139 3077 111

88 3094 273 3132 concionem
291 3096 397 3127 vocati
409 3096 479 3127 baec
491 3096 652 3128 dixerunt.
671 3097 681 3135 (
698 3099 819 3134 Quoere
834 3099 871 3129 in
889 3099 975 3129 Exc.
996 3100 1044 3130 De
1060 3106 1138 3129 con-

88 3146 253 3179 cionibus.
268 3148 279 3188 )
290 3166 331 3172 -
342 3147 451 3179 Multis
461 3148 546 3180 ultro
556 3148 702 3188 citroque
715 3149 812 3180 motis
821 3149 1022 3180 sermonibus
1036 3151 1140 3181 Persae

89 3197 123 3229 in
140 3199 396 3240 quinquennium
412 3199 558 3232 inducias
569 3225 578 3240 ,
597 3202 732 3233 Romani
749 3211 806 3242 per
821 3202 1141 3245 trienniumsstantum

91 3249 197 3283 valere
217 3251 381 3284 volebant.
404 3253 571 3284 Postremo
588 3253 682 3293 legati
710 3256 947 3294 Romanorum,
966 3254 1050 3286 sicut
1068 3254 1143 3295 ipsis

92 3301 279 3334 mandatum
290 3305 359 3334 erat
369 3327 377 3342 ,
398 3303 432 3334 in
445 3312 482 3335 eo
499 3313 565 3336 non
581 3305 809 3346 perstiterunt,
826 3307 863 3337 ut
875 3306 974 3338 trium
985 3314 1142 3337 annorum

92 3352 229 3386 inducioe
243 3354 352 3387 tierent
362 3365 371 3394 ;
383 3354 436 3387 sed
454 3355 487 3386 in
502 3356 759 3396 quinquennium
780 3357 926 3389 inducias
942 3366 1010 3390 esse
1024 3357 1143 3398 placuit

93 3405 221 3450 utrique
236 3406 358 3438 civitati
374 3407 598 3440 tantummodo
621 3417 676 3449 per
692 3409 856 3441 Orientem
868 3433 878 3449 ,
890 3409 932 3441 ob
951 3418 1030 3449 quas
1045 3410 1142 3450 quot-

95 3457 185 3489 annis
212 3458 348 3490 Romani
364 3459 506 3500 triginta
535 3460 632 3491 millia
663 3469 835 3492 aureorum
860 3461 1054 3501 penderent3
1069 3469 1143 3500 quae

239 3523 425 3546 FRAGMENTA
448 3524 570 3548 11151011.
593 3525 648 3548 ca.
669 3535 699 3538 —
714 3525 786 3548 101.
812 3525 853 3549 1v.

2147 223 2221 256 ‘241

1673 334 1735 372 [00.

1232 436 1331 473 Ibid.
1350 448 1387 484 p.
1419 434 1503 482 157.
1528 434 1602 471 158
1624 431 1738 473 ε”Οτι
1767 433 1888 479 ἐπειδὴ
1919 434 2073 486 Τιὸερίῳ
2095 434 2162 481 ἤδη
2188 434 2232 471 τὰ

1179 496 1242 541 τῆς
1260 491 1437 537 πολιτείας
1454 491 1681 545 περιεκέχυτο
1696 490 1891 565 πράγματα
1904 521 1915 542 ,
1933 492 2108 544 Τραϊανός
2122 508 2158 531 τε
2173 495 2233 531 καὶ

1180 551 1363 604 Ζαχαρίας
1390 549 1440 590 τὼ
1468 550 1650 605 πρέσὸειε
1633 566 1679 595 ως
1696 550 1800 589 αὐτὸν
1821 550 2058 604 ἐγεγράφεσαν
2080 551 2129 601 μὴ
2154 551 2234 604 βού-

1180 613 1302 649 λεσθαι
1327 610 1471 664 Πέρσας
1496 610 1581 663 ἄχρι
1604 611 1708 662 τριῶν
1727 611 1813 649 ἐτῶν
1833 609 2049 656 ποιήσασθαι
2075 612 2136 654 τὰς
2160 610 2234 655 ξυν-

1182 670 1309 718 θήκας,
1328 669 1603 723 πενταετηρίδας
1631 669 1667 708 δὲ
1697 661 1785 707 εἶναι
1806 669 1953 719 μᾶλλον.
1984 668 2055 708 Καὶ
2075 670 2136 707 οὔκ
2156 671 2235 707 ἐπι-

1181 728 1306 773 νεύσας
1338 727 1399 782 (οὖ
1421 728 1490 781 γὰρ
1512 729 1616 768 αὐτὸν
1647 727 1777 781 ἤρεσκε
1810 727 2031 781 μακροτέραν
2062 732 2236 766 ποιεῖσθαι

1181 790 1244 835 τὴν
1277 787 1492 841 ἐκεχειρίαν)
1524 787 1713 838 ἐσήμαινεν
1746 789 1792 831 ὡς
1826 786 1950 831 αὐτοὺς
1983 786 2139 837 μάλιστα
2173 786 2235 837 μὲν

1182 848 1266 900 ἄχρι
1288 847 1348 887 δύο
1369 849 1534 887 ἐνιαυτῶν
1554 847 1616 891 τὰς
1635 846 1775 885 τοιάσδε
1797 846 1992 897 βεὸαιῶσαι
2009 846 2179 890 σπονδάς·
2205 848 2235 885 εἰ

1183 907 1220 946 δέ
1240 923 1279 959 γε
1297 905 1453 946 ἀδύνατα
1474 906 1603 959 ἔχοιεν,
1621 904 1818 958 περαιτέρω
1839 903 1887 956 μὴ
1907 905 2085 950 ἀνέξεσθαι
2102 905 2124 953 ἢ
2145 922 2237 958 τριε-

1181 967 1272 1011 τίας.
1298 966 1493 1015 Σταλείσης
1512 965 1554 1014 δὴ
1575 962 1633 1005 οὖν
1651 967 1720 1017 (ὡς)
1743 971 1811 1009 τοῖς
1829 964 1997 1018 πρέσὸεσι
2018 968 2078 1012 τῆς
2095 967 2235 1004 τοιᾶσδε

1183 1027 1389 1078 ἐπιστολῆς,
1423 1025 1483 1065 καὶ
1520 1025 1562 1074 δὴ
1599 1024 1864 1076 ἀναλεξαμένων
1912 1023 1933 1062 δ’
1968 1041 2001 1063 τι
2041 1024 2167 1071 ἐδήλου
2201 1026 2241 1064 τὸ

1184 1086 1334 1138 γράμμα
1351 1116 1362 1136 ,
1394 1084 1568 1125 Μεὸώδου
1605 1084 1663 1123 ἐπὶ
1703 1083 1815 1136 τούτῳ
1853 1083 2064 1137 ἀφικομένου
2097 1086 2131 1122 ἐν
2168 1090 2240 1128 τοῖς

1187 1145 1278 1198 ἀμφὶ
1307 1144 1345 1183 τὸ
1373 1143 1490 1197 Δάρας
1511 1143 1632 1196 ὁρίοις,
1659 1143 1914 1194 αἰσθανομένου
1939 1159 1977 1182 τε
2011 1146 2057 1188 ὡς
2077 1148 2152 1187 ταῖς
2172 1143 2241 1191 ἤδη

1186 1203 1255 1242 ὑπὸ
1275 1205 1457 1256 Τραϊανοῦ
1480 1202 1541 1241 καὶ
1561 1203 1742 1256 Ζαχαρίου
1768 1203 2051 1253 δοκιμασθείσαις
2077 1203 2243 1246 σπονδαῖς

1186 1264 1224 1301 οὔ
1247 1262 1429 1315 στέργουσι
1451 1261 1648 1313 Ῥωμαῖοι,
1667 1262 1836 1315 ἐπαφίησι
1853 1261 1911 1300 τὸν
1932 1261 2132 1315 Ταχόσδρω
2150 1262 2243 1300 κατὰ

1186 1325 1248 1369 τῆς
1265 1321 1456 1372 Ῥωμαίων
1482 1321 1717 1372 ἐπικρατείας.
1740 1320 1812 1360 Καὶ
1833 1320 1868 1364 ὃς
1897 1319 2018 1373 ἀθρόον
2040 1320 2243 1373 ἐπιδραμὼν

1187 1380 1357 1433 ἐνέπρησε
1379 1379 1424 1418 τὰ
1443 1379 1509 1418 ὅσα
1527 1379 1761 1432 πλησιόχωρα
1778 1383 1837 1417 τοῦ
1859 1379 1996 1433 Δάρας,
2015 1377 2078 1423 ἕως
2097 1379 2242 1426 ἐπείσθη

1189 1438 1363 1486 Μεὸώδης
1380 1437 1542 1482 δέξασθαι
1563 1438 1623 1482 τὰς
1638 1438 1826 1490 τριάκοντα
1840 1438 2003 1490 χιλιάδας
2019 1440 2087 1476 τῶν
2104 1440 2244 1492 χρυσῶν

1188 1497 1417 1574 νομισμάτων
1450 1497 1503 1535 ἀν’
1533 1497 1608 1540 ἔτος
1628 1500 1689 1543 τ’ῆς
1714 1497 1926 1549 τριετηρίδος
1958 1496 2058 1536 ἕνεκα
2086 1496 2244 1549 εἰρήνης,

1189 1560 1241 1611 ἐφ’
1261 1561 1290 1611 ῳ
1307 1559 1341 1596 ἐν
1357 1556 1512 1595 τοσούτω
1531 1556 1610 1599 τοὺς
1629 1555 1802 1609 ἄρχοντας
1819 1556 1986 1608 ἑκατέρας
2000 1556 2178 1600 πολιτείας
2197 1558 2244 1599 εἷς

1192 1615 1227 1655 ἓν
1242 1615 1415 1661 ξυνιόντας
1432 1613 1718 1667 βουλεύσασθαι’
1699 1630 1791 1658 οπως
1807 1614 1848 1661 δὴ
1863 1614 1907 1652 τὰ
1924 1614 2018 1653 ὅπλα
2033 1618 2161 1653 καθαθε
2155 1614 2246 1653 σθαι

1188 1675 1328 1718 τελέως.
1355 1674 1510 1728 Προνοίᾳ
1531 1674 1566 1712 δὲ
1586 1673 1627 1721 δή
1643 1690 1710 1712 τινι
1729 1673 1984 1727 στοχαζόμενος
1997 1678 2056 1713 τοῦ
2068 1674 2246 1713 συνοίσον-

1189 1749 1264 1781 τος,
1290 1733 1334 1771 τὰ
1361 1733 1476 1772 τοιάδε
1507 1733 1662 1771 ἐπετέλει
1684 1734 1876 1786 ὁΚαῒσαρ·
1897 1732 2072 1779 ἠπίστατο
2091 1732 2171 1785 γὰρ,
2200 1735 2247 1777 ὡς

1192 1792 1275 1845 ἄχρι
1297 1794 1465 1831 ἐνιαυτῶν
1486 1794 1589 1844 τριῶν
1611 1794 1808 1845 ἀποχρῶσα
1831 1793 1925 1844 αὐτῷ
1946 1791 2045 1830 ἔσται
2077 1796 2098 1839 ἡ
2131 1808 2247 1844 παρα-

1191 1851 1298 1898 σκευὴ
1321 1854 1477 1905 Πέρσαις
1495 1868 1533 1890 τε
1554 1851 1744 1904 ἀξιόμαχος
1763 1851 2040 1904 ἀναφανήσεται.
2061 1851 2249 1903 Ξυνῃσθά-

1191 1926 1287 1949 νοντο
1305 1910 1340 1949 δὲ
1361 1911 1420 1949 καὶ
1439 1911 1578 1964 Πέρσαι
1594 1914 1656 1959 τῆς
1673 1911 1813 1950 τοιᾶσδε
1834 1909 2052 1964 προμηθείας
2070 1914 2132 1949 τοῦ
2159 1911 2249 1950 Καί-

1192 1973 1386 2022 σαροςρὼς
1408 1969 1542 2014 οὐδενὸς
1563 1969 1682 2022 ἑτέρου
1700 1969 1801 2008 ἕνεκα
1822 1969 1954 2020 γίνεται
1975 1971 2069 2021 αὐτῷ
2091 1969 2247 2015 ἀναὸολὴ

1193 2028 1470 2084 ἢπροορωμένῳ
1486 2034 1546 2069 τοῦ
1573 2030 1772 2081 μέλλοντος,
1792 2030 1885 2074 ὅπως
1917 2031 1949 2073 ἐς
1978 2030 2015 2067 τὸ
2049 2029 2122 2067 δέον
2153 2032 2249 2082 αὐτῷ

1194 2090 1661 2143 προπαρασκευασθήσοιντο
1678 2092 1713 2128 αἱ
1745 2089 1921 2139 δυνάμεις.
1949 2088 2249 2141 Κατεφρόνουνδὲ

1193 2204 1288 2243 pacta
1300 2203 1410 2235 tamen
1422 2212 1487 2235 11011
1497 2203 1560 2235 3113
1573 2202 1756 2235 conditione
1766 2228 1774 2243 ‚
1789 2203 1848 2235 nisi
1859 2211 1897 2235 ea
1912 2203 2086 2244 imperator
2099 2201 2251 2242 suffragio

1193 2264 1251 2287 5110
1265 2255 1522 2297 comprobasset,
1538 2258 1608 2288 rata
1624 2256 1746 2289 forent,

1691 2312 1751 2344 40.

1236 2367 1281 2399 Ut
1293 2366 1441 2399 Tiberius
1463 2366 1666 2408 negotiorum
1688 2366 1999 2398 administrationem
2020 2365 2086 2405 jam
2103 2373 2251 2405 suscepe-

1194 2419 1265 2458 rat,
1290 2418 1448 2458 Trajanus
1466 2420 1500 2451 et
1524 2419 1696 2451 Zacharias
1711 2417 1807 2458 legati
1824 2417 1864 2449 ad
1895 2426 1972 2450 eum
2000 2417 2251 2458 rescripserunt,

1196 2472 1306 2502 Persas
1318 2470 1404 2502 nolle
1417 2470 1458 2503 ad
1472 2472 1538 2503 tres
1551 2479 1652 2503 annos
1664 2495 1674 2511 ‚
1687 2470 1741 2502 sed
1755 2469 1795 2502 ad
1809 2469 1952 2511 quinque
1966 2468 2112 2501 inducias
2122 2468 2251 2510 pacisci.

1194 2523 1277 2558 Quae
1290 2531 1393 2563 quum
1414 2531 1478 2554 non
1496 2522 1704 2563 approbasset
1722 2522 1806 2562 (nec
1827 2522 1914 2554 enim
1930 2521 1959 2553 ei
1984 2521 2018 2552 in
2032 2521 2101 2552 tam
2123 2521 2252 2561 longum

1194 2575 1323 2614 tempus
1348 2573 1493 2607 inducias
1520 2574 1625 2607 facere
1649 2573 1839 2615 placebat),
1862 2573 2030 2605 mandavit
2054 2574 2089 2605 ut
2112 2573 2145 2604 in
2172 2572 2254 2604 duos

1195 2635 1296 2660 annos
1308 2626 1559 2668 paciscerentur3
1571 2627 1620 2659 sin
1629 2626 1661 2658 id
1669 2634 1734 2658 non
1744 2625 1890 2658 obtinere
1899 2626 2039 2666 possent,
2053 2625 2130 2656 nihil
2139 2624 2178 2656 ad
2190 2626 2255 2657 tres

1194 2687 1296 2711 annos
1311 2678 1498 2719 adjicerent.
1518 2679 1615 2712 Missa
1628 2680 1676 2711 est
1690 2677 1787 2718 igitur
1801 2678 1871 2709 baec
1888 2677 1929 2709 ad
1952 2677 2073 2717 legatos
2098 2677 2231 2718 epistola
2244 2702 2253 2715 ,

1195 2733 1227 2764 et
1240 2740 1342 2773 quum
1364 2740 1421 2771 03,
1438 2740 1514 2773 quae
1530 2731 1737 2770 continebat,
1760 2730 1926 2771 legissent,
1950 2729 2120 2770 Mebodes,
2139 2730 2194 2770 qui
2214 2729 2254 2761 ad

1197 2792 1385 2825 responsum
1402 2783 1627 2824 accipiendum
1644 2782 1686 2815 ad
1708 2782 1789 2815 fines
1805 2784 1906 2814 Daras
1926 2783 2078 2822 venerat,
2104 2782 2180 2814 satis
2204 2782 2253 2813 in-

1196 2835 1339 2876 tellexit,
1366 2837 1527 2868 Romanos
1551 2834 1718 2874 inducias,
1746 2843 1828 2874 quas
1854 2833 2009 2874 Trajanus
2028 2835 2060 2866 et
2087 2833 2256 2866 Zacharias

1198 2890 1360 2929 fecerant,
1379 2898 1443 2920 non
1469 2888 1659 2929 approbare.
1684 2888 1799 2928 ltaque
1823 2887 2084 2919 Tacliosdronem
2104 2886 2254 2926 immisit,

1198 2941 1254 2982 qui
1278 2943 1381 2974 terras
1394 2940 1524 2972 ditionis
1549 2942 1770 2972 Romanorum
1790 2939 1897 2971 subito
1916 2939 2051 2979 invasit,
2069 2940 2102 2971 et
2122 2939 2254 2979 propin-

1199 3002 1263 3033 qua
1277 2993 1349 3025 loca
1364 2995 1465 3024 Daras
1480 2992 1552 3032 igne
1566 2991 1714 3023 vastavit.
1729 2991 1791 3023 Sed
1806 2990 1869 3023 fide
1880 2990 2007 3022 Mebodi
2023 2990 2097 3022 data
2107 3014 2116 3030 ,
2134 2990 2180 3022 illi
2196 2999 2255 3021 nu-

1201 3045 1360 3077 meratum
1373 3045 1412 3076 iri
1426 3043 1599 3084 quotannis
1614 3051 1671 3084 per
1685 3044 1750 3074 tres
1762 3051 1863 3074 annos
1879 3042 2008 3082 triginta
2027 3041 2127 3073 millia
2143 3050 2255 3074 aureo·

1202 3105 1273 3128 rum
1298 3105 1357 3136 pro
1377 3095 1529 3134 induciis,
1546 3095 1706 3127 statutum
1720 3095 1786 3134 est,
1810 3095 1846 3126 ut
1874 3094 1993 3126 interea
2019 3093 2176 3134 principes
2196 3093 2255 3124 viri

1201 3148 1372 3187 utriusque
1390 3146 1478 3187 regni
1490 3146 1522 3178 in
1540 3155 1642 3177 unum
1655 3146 1881 3185 convenirent,
1899 3147 1931 3178 et
1944 3145 2053 3185 aliqua
2068 3144 2191 3176 ratione
2204 3144 2254 3175 fir-

1203 3209 1290 3232 mam
1318 3208 1430 3240 pacem
1455 3199 1697 3231 constituerent.
1725 3198 1762 3231 Id
1791 3198 1871 3230 utile
1893 3199 1959 3229 suis
1987 3197 2163 3228 rationibus
2188 3196 2255 3227 sore

1203 3255 1310 3286 Caesar
1328 3252 1553 3291 existimabat,
1576 3253 1609 3284 et
1623 3251 1826 3292 providentia
1841 3250 1982 3291 quadam
1999 3249 2134 3282 faciebat
2152 3261 2158 3279 :
2175 3256 2253 3279 con-

1203 3304 1322 3336 fidebat
1335 3304 1420 3336 enim
1432 3328 1441 3344 ,
1453 3312 1486 3335 se
1501 3303 1585 3335 intra
1600 3305 1665 3336 tres
1677 3311 1778 3335 annos
1787 3302 1917 3333 idoneas
1933 3301 2040 3341 copias
2053 3301 2253 3336 coacturum,

1203 3356 1321 3397 quibus
1341 3364 1375 3388 se
1395 3355 1472 3387 satis
1489 3355 1651 3387 munitum
1668 3356 1701 3386 01
1715 3354 1910 3386 instructum
1924 3352 1964 3384 ad
1991 3351 2093 3383 Persis
2109 3350 2254 3382 resisten-

1203 3408 1281 3440 dum
1294 3407 1497 3447 ostenderet,
1513 3409 1549 3439 ut
1562 3408 1658 3439 etiam
1672 3416 1712 3439 ex
1725 3415 1820 3447 aequo
1836 3414 1911 3436 cum
1925 3404 1969 3436 eis
1980 3411 2120 3450 pugnare
2136 3403 2252 3442 posset.

1205 3460 1438 3492 praesenserant
1464 3460 1496 3491 et
1525 3461 1627 3491 Persae
1653 3458 1736 3490 hanc
1771 3456 1971 3498 imperatoris
2002 3453 2252 3495 providentiam,

2087 3515 2119 3540 16
