2326 3724
113 214 171 318 '3le

113 300 134 346 ῃ
156 296 353 350 ἐνεφέρετο,
373 299 419 339 ὡς
436 298 633 352 Ταχοσδρὼ
648 300 748 347 δηθεν
763 301 989 353 γεγραφότος,
1006 296 1095 341 οἶα’
1076 318 1158 341 ακα·

113 354 236 393 θέκτου
253 354 359 402 οὔσης
375 371 437 402 της
458 358 605 410 Περσῶν
623 364 808 412 στρατιᾶς,
828 360 926 410 μάλα
943 375 980 398 τε
995 361 1159 414 ὁρμώσης

111 411 174 461 μὲν
191 412 232 460 δὴ
251 413 416 464 ἐμὸαλεῖν
443 416 476 459 ἐς
490 415 552 462 τὴν
570 415 792 467 Ῥωμαικήν.
811 420 968 457 Ἰοιαυτα
986 419 1156 472 ψευδομέ-

109 487 168 518 νης
183 487 245 519 της
265 473 468 524 ἐπιστολης,
489 474 716 528 συνεψεύδετο
734 481 806 520 τοῖς
825 477 1082 529 γεγραμμένοις
1095 479 1158 518 καὶ

108 533 126 568 ὁ
146 531 336 584 κονιορτὸς,
360 530 396 576 ὃς
418 534 467 584 τῷ
494 534 755 588 ἀγγελιαφόρῳ,
782 534 843 573 ἅτε
868 535 948 588 ἄρτι
977 537 1157 590 ἀφιγμένῳ

110 591 150 627 ἐκ
180 592 242 637 τ’ῆς
270 590 468 642 ὁδοιπορίας
478 622 493 646 ,Ι
514 593 831 643 συμπεπλασμένος
851 610 887 633 τε
915 594 975 633 καὶ
994 596 1155 641 ἐνιζάνων

105 648 212 693 πολυς
226 665 305 703 περι
323 649 386 698 τὴν
400 649 512 701 κόμην
527 653 698 704 ὑπηρχεν.
717 652 814 704 Ἅμα
831 653 868 692 δὲ
884 653 944 692 και
961 656 978 692 ὁ
994 654 1154 707 Ἀνδίγαν

106 707 350 781 διαλεγόμενος
368 711 418 747 τῶ
437 709 544 756 ἤθει(
531 710 753 763 υπεκρίνετο,
771 727 831 750 και
847 728 890 764 τῃ
909 711 998 765 ἄλλῃ
1020 713 1154 761 κινήσει

102 782 162 806 του
180 767 342 818 σώματος
362 768 568 822 ὑπεφαίνετο
585 763 640 807 οἷα
655 768 738 821 μὴ’
723 769 900 822 εφιέμενος
916 771 1085 823 πολέμου.
1101 772 1154 812 Τὸ

104 826 195 876 μετὰ
207 830 318 864 ταῦτα
332 826 423 865 κατὰ
435 826 476 874 δὴ
492 827 550 866 τὸν
566 827 727 880 ξύλλογον
744 829 899 867 ἑαυτὸν’
880 833 1083 881 αναμιγνὺς,
1094 830 1151 870 καὶ

103 883 232 938 ἔφασκε
247 885 432 939 Ζαχαρία,
448 902 494 930 ως
512 887 720 939 ἐνοχλοῖτο<
707 887 774 926 υπὸ
793 891 854 926 τοῦ
870 888 1070 950 Ταχοσδρὼ
1091 889 1153 928 καὶ

102 946 149 987 ὡς
169 943 342 994 ἐσήμηνεν
359 946 404 992 οἱ,
420 943 481 991 τὴν
501 945 698 997 προθυμίαν
716 949 775 984 τοῦ
793 951 942 999 στρατοῦ
959 951 1048 986 εἶναι
1068 947 1152 999 ἀφό-

102 1017 220 1053 ρητον,
237 1018 276 1053 εγ
278 1003 506 1055 χαλινουσθαι
519 1019 556 1042 τε
570 1003 753 1054 ἀδύνατον,
770 1020 871 1043 τουτο
883 1003 975 1054 μὲν’
960 1021 995 1044 εν
1005 1007 1152 1051 πολλαῖς

101 1061 246 1114 μυριάσι
271 1061 524 1112 ξυνισταμένης
541 1065 604 1109 τῆς
628 1064 806 1115 Περσικῆς
832 1063 1030 1115 δυνάμεως,
1049 1062 1152 1104 τοῦτο

99 1119 135 1158 δὲ
150 1120 210 1158 καὶ
224 1122 257 1164 ἐς
269 1120 313 1159 τὰ
328 1121 483 1171 μάλιστα
499 1121 637 1171 ἱεμένης
651 1122 713 1168 τὴν
728 1121 918 1173 Ῥωμαίων
935 1122 1077 1162 ἅπασαν
1089 1124 1150 1163 καὶ

98 1179 140 1225 δὴ
158 1179 359 1231 παραυτίκα
387 1179 646 1232 πυρπολήσειν·
664 1180 723 1219 καὶ
743 1182 804 1232 ὥς,
824 1183 853 1220 εἷ
884 1181 946 1232 μὲν
972 1181 1148 1233 Ῥωμαῖοι

96 1236 245 1288 ἕλοιντο,
259 1239 337 1276 καθ’
351 1238 388 1276 ὃν
410 1237 452 1276 ἂν
470 1238 647 1291 βούλοιντο
663 1238 790 1291 τρόπον
807 1240 964 1292 Πέρσαι,
988 1242 1146 1291 ἐμπεδῶ-

100 1311 160 1333 σαι
175 1295 237 1339 τὰς
254 1296 423 1344 σπονδὰς,
439 1297 623 1351 ἀφέξεσθαι
640 1300 708 1336 τῶν
726 1297 855 1337 ὅπλων·
869 1300 899 1337 εἰ
913 1299 950 1337 δέ
962 1315 1001 1351 γε
1015 1301 1053 1338 οὗ
1073 1300 1148 1352 βού-

97 1354 223 1398 λοιντο,
245 1353 480 1407 ξυγχωρήσειν
503 1356 597 1409 αὐτῷ
615 1355 780 1406 ἕμὸαλεῒν
795 1360 1018 1410 παραχρῆμα
1035 1360 1069 1402 ἒς
1083 1358 1148 1406 τὴν.

94 1411 184 1465 ἑῴαν
203 1411 394 1463 Ῥωμαίων
407 1429 415 1437 ·
430 1413 507 1452 οὐδὲ
523 1413 589 1467 γὰρ
608 1414 757 1460 ἀνθέξειν
775 1415 898 1460 αὐτοὺς
911 1416 977 1455 κᾶν
992 1421 1073 1469 γοῦν
1087 1418 1145 1456 τὸν

94 1469 226 1509 κτύπον
242 1473 310 1509 τῶν
331 1475 510 1525 φαρετρῶν
530 1476 590 1511 τοῦ
615 1475 790 1526 Περσικοῦ
817 1474 1023 1514 ἀκούσεσθαι
1047 1476 1143 1523 πλή-

92 1532 187 1572 θους,
209 1526 344 1575 Ἄλλως
363 1546 400 1568 τε
422 1530 458 1569 δὲ
478 1531 625 1570 δεδιέναι
641 1530 704 1579 τὴν
721 1535 780 1570 τοῦ
801 1534 880 1571 κατ’
898 1532 1022 1578 αὐτοὺς
1040 1537 1141 1586 βασι-

93 1588 180 1631 λέως
199 1588 304 1640 ὀργὴν
321 1591 354 1634 ἐς
372 1590 494 1642 χρόνον
512 1590 651 1629 τοσόνδε
673 1591 978 1642 ἀναὸαλλομένους
997 1592 1056 1631 τὸν
1074 1593 1142 1631 πό-

92 1648 211 1697 λεμον.
238 1647 343 1687 Οὕτω
372 1649 435 1699 μὲν
452 1643 509 1687 οῧν
551 1651 569 1687 ὃ
589 1649 746 1702 Ἀνδίγαν
777 1650 996 1703 δολερώτατά
1021 1667 1059 1689 τε
1084 1652 1144 1690 καὶ

94 1706 382 1751 ἀλαζονικώτατα
404 1710 455 1761 τῷ
482 1707 609 1761 κόμπῳ
630 1708 851 1761 χρησάμενος
869 1712 937 1748 τῶν
958 1709 1141 1763 ῥημάτων,

94 1764 288 1804 ἐπλάττετο
305 1765 418 1804 ἑκοντὶ
436 1765 486 1816 μὴ
498 1767 702 1819 προσίεσθαι
719 1771 778 1806 τοῦ
796 1767 950 1818 πολέμου
968 1767 1006 1806 τὸ
1023 1769 1141 1814 αὐτεξ-

92 1822 221 1878 ούσιον.
257 1824 378 1868 Συνεὶς
412 1824 448 1863 δὲ
482 1825 542 1863 καὶ
578 1826 759 1878 Ζαχαρίας
789 1826 828 1865 τὸ
862 1827 1043 1875 ἀπατηλὸν
1074 1830 1142 1866 τῶν

94 1882 297 1935 εἰρημένων,
316 1882 377 1921 καὶ
404 1883 469 1931 τὴν
492 1884 730 1936 κομπολογίαν
759 1885 1024 1938 παραπέτασμα
1053 1880 1141 1925 εἶναι

146 216 164 245 {5
172 215 192 246 2
865 213 1139 262 MENANDRI
1170 215 1520 258 PROTECTORIS

1220 308 1279 343 τοῦ
1303 306 1469 358 ψεύδους,
1498 325 1513 341 «
1536 301 1588 346 Ὠ
1604 307 1771 360 Ἀνδίγαν,
1797 309 1881 362 ἔφη,
1908 311 1969 349 οὐκ
1995 313 2030 349 ἐν
2049 315 2097 351 τῶ
2123 315 2261 355 ἀπατᾶν

1218 362 1257 401 τὸ
1279 363 1423 439 ἐχέφρον
1442 366 1628 416 δηλουται,
1646 367 1799 417 μάλιστα
1819 383 1880 406 του
1899 370 2132 421 ἀπατωμένου
2153 373 2262 419 ξυνει-

1219 422 1325 466 δότος.
1347 416 1397 462 H
1417 422 1533 476 γὰρ’
1499 440 1562 462 οιει
1582 441 1626 475 με
1643 425 1693 477 μὴ
1711 418 1975 479 ἐξεπίστασθαι,
1994 431 2040 473 ὡς
2064 431 2261 483 πλάσματά

1219 480 1356 519 ἐστιτὰ
1384 482 1450 520 ὑπὸ
1477 484 1623 536 Περσῶν
1656 486 1884 560 πρασσόμενά
1911 503 1949 525 τε
1976 503 2036 525 και
2065 489 2258 541 λεγόμενα,

1218 540 1277 577 καὶ
1297 539 1394 578 οὐδὲν
1417 540 1531 594 ἕτερον
1551 541 1574 589 ἢ
1591 542 1730 590 δόκησις
1746 560 1806 583 και
1829 546 2102 597 ἀποσκιάσματα
2119 549 2180 587 καὶ
2199 565 2259 603 φε-

1216 599 1398 649 νακισμοί;
1417 599 1477 637 και
1494 602 1540 644 ὡς
1558 601 1599 639 σὺ
1617 602 1716 646 αὐτὸς
1736 601 1874 642 ἅπαντα
1894 620 2005 643 ταυτα
2021 606 2260 660 ἐδραματούρ-

1216 671 1347 707 γησας,
1389 658 1510 696 ἐννοῶν
1546 659 1750 712 ἐκφοὸήσειν
1783 660 2002 714 <Ρωμοιίους;
2050 666 2096 708 ὥς
2127 664 2170 704 ἂν
2200 661 2260 706 ουν

1218 714 1335 765 βούλει
1359 715 1419 753 καὶ
1448 716 1592 768 ἀρεστόν
1621 733 1674 756 σοι
1703 718 1776 767 εἴη,
1802 720 1925 773 ἐφίημι
1953 724 2074 760 ποιεῖν.
2100 723 2201 772 Πλὴν
2221 719 2261 764 εῧ

1214 772 1284 811 ἴσθι
1297 775 1371 821 ,ὡς
1396 790 1430 812 εν
1457 777 1582 828 ἀρχαῖς
1610 777 1708 815 τοῦδε
1736 793 1795 816 του
1815 779 1981 854 πολέμουσ
2001 780 2193 832 Ῥωμαίοις
2219 799 2260 822 τε

1217 832 1422 885 ὁπλοφορεῖν
1437 834 1694 886 φορτικώτατόν
1709 852 1743 874 τι
1758 837 1936 890 ἐφαίνετο·
1956 837 2046 878 ὥστε
2063 841 2184 887 ἀμέλει
2199 842 2259 880 καὶ

1214 890 1384 935 ἱκετείαις
1413 891 1581 944 χρώμεθα
1607 895 1653 937 ὡς
1672 896 1779 945 ὑμᾶς,
1809 895 1858 946 μὴ
1891 898 2150 946 ἀναγκασθῆναι
2171 907 2260 953 σφᾶς

1213 948 1442 988 ἐπιλαὸέσθαι
1459 949 1588 991 ὅπλων.
1610 951 1714 991 Κατὰ
1738 958 1901 992 τοσοῦτον
1921 954 2023 1007 γὰρ’
2008 972 2044 999 ες
2059 957 2098 994 τὸ
2124 959 2258 996 ἀπόλε-

1214 1022 1280 1058 μον
1297 1007 1574 1060 ἐπιρρεπέστατα
1593 1004 1738 1084 εἰχον,“
1719 1028 1766 1055 ως
1782 1013 1882 1050 καὶ’
1858 1029 1960 1066 αχρις
1976 1014 2168 1065 Ἀπαμείας
2180 1017 2260 1055 ἐλά-

1212 1080 1270 1103 σαι
1291 1066 1452 1118 Πέρσας,
1471 1067 1532 1105 καὶ
1552 1063 1668 1120 μὲντ
1629 1084 1687 1107 ουν
1704 1068 1787 1121 ἄχρι
1803 1072 1910 1118 αὐτης
1927 1087 1967 1122 γε
1987 1072 2098 1119 δήπου
2120 1074 2255 1114 Ἄντιο-

1210 1123 1321 1176 χείας.
1344 1124 1466 1176 “Υμῶν
1482 1141 1520 1164 τε
1544 1126 1629 1179 πρὸς
1648 1131 1759 1165 ταῦτα
1777 1132 1825 1178 μὴ
1853 1131 2171 1182 ὑποχαλασάντων,
2194 1135 2256 1187 ἀφ’

1210 1186 1250 1220 οὗ
1279 1184 1484 1230 ἠσπάσαντο
1514 1184 1689 1236 Ῥωμαῖοι
1707 1186 1747 1224 τὸ
1772 1189 2038 1240 ἐθελοκίνδυνον,
2070 1184 2171 1242 οἶμαι
2204 1191 2255 1242 μὴ

1210 1243 1344 1294 ἀγνοειν
1366 1242 1564 1293 Πέρσας,ε
1546 1261 1591 1287 ως
1609 1244 1687 1283 οὐδὲ
1717 1245 1840 1298 μέχρις
1861 1249 1974 1286 αὐτῶν
1994 1251 2062 1286 τῶν
2087 1250 2255 1302 μεθορίων

1211 1301 1386 1351 ἀναιμωτι
1404 1305 1469 1340 οἱοι
1489 1302 1642 1353 ἐγένεσθε
1661 1304 1857 1375 ἀφικέσθαι.
1874 1307 1948 1344 Νῦν
1965 1309 2046 1357 γοῦν
2064 1309 2254 1346 πεπαιδευ-

1210 1358 1323 1410 μένων
1345 1359 1498 1412 ἀκριὸῶς
1525 1360 1714 1410 Ῥωμαίων
1740 1362 1798 1400 τὸν
1819 1362 1985 1414 πόλεμον,
2015 1367 2199 1418 θαρραλέοι
2217 1367 2256 1406 τέ

1207 1419 1313 1469 ε’σμεν
1339 1435 1400 1457 και
1420 1417 1615 1467 εὐέλπιδες,
1638 1423 1706 1469 ὡς,
1727 1420 1797 1471 εἴγε
1823 1422 1958 1469 κινήσοι
1986 1426 2004 1461 ὃ
2036 1425 2255 1477 Ταχοσδρὼ,

1207 1476 1430 1515 ὑπαντιάσειν
1447 1478 1494 1538 ,οἱ
1519 1479 1554 1515 ἐν
1587 1479 1701 1523 αὐτοῖς
1729 1495 1768 1531 γε
1796 1479 1907 1526 δήπου
1936 1481 2006 1525 τοῖς
2037 1482 2140 1534 ὁρίοις
2172 1484 2253 1536 δόρυ

1207 1534 1410 1586 εΡωμαῖκὸν
1431 1539 1466 1573 εὖ
1484 1537 1581 1586 μάλα
1604 1538 1831 1612 τεθηγμένον,
1854 1540 2031 1594 διατιτρᾶν
2051 1541 2113 1585 τὰς
2136 1543 2253 1581 λαπά-

1206 1609 1268 1646 ρας
1287 1587 1396 1632 οἷόντε
1425 1592 1461 1632 ὂν
1483 1596 1602 1636 αὐτου,
1632 1595 1692 1640 Ὡς
1713 1590 1770 1634 ουν
1793 1591 1831 1635 ευ
1859 1597 2135 1650 ἐξεπισταμένων
2155 1600 2252 1641 Ρω-

1206 1651 1320 1703 μαίων
1349 1653 1429 1697 τους
1457 1655 1607 1707 Περσων
1636 1654 1771 1703 δόλους,
1791 1662 1923 1708 πρᾶττε
1951 1657 2055 1696 οὕτω.
2078 1659 2253 1698 »Τούτων

1205 1705 1262 1750 ουν
1291 1711 1352 1750 καὶ
1380 1711 1507 1764 ἑτέρων
1537 1712 1711 1751 πλείστων
1740 1714 1933 1766 εἰρημένων
1961 1715 2036 1765 μὲν,
2067 1717 2181 1766 μάτην
2215 1718 2253 1757 δὲ

1204 1769 1297 1820 ὅμως
1315 1771 1484 1823 (προηλθε
1502 1770 1570 1823 γὰρ
1594 1771 1690 1810 οὐδὲν
1719 1774 1853 1822 ὁτιοῦν)
1872 1803 1884 1823 ,
1904 1773 1981 1812 τότε
2005 1776 2194 1829 Μαυρικίῳ
2216 1778 2251 1814 ἐν

1203 1827 1391 1880 γράμμασι
1413 1830 1511 1877 δηλοῖ
1536 1829 1718 1890 Ζαχαρίας
1738 1831 1956 1884 ἀφικέσθαι’
1941 1848 1974 1876 ες
1997 1833 2040 1871 τὰ
2058 1834 2124 1886 πρὸ
2145 1837 2251 1874 Κων-

1204 1887 1386 1935 σταντίνης
1405 1887 1531 1939 πεδία,
1553 1882 1609 1927 οἷα
1629 1887 1671 1935 δὴ
1689 1890 1800 1927 ἐκεῖσε
1813 1889 1871 1927 τὸν
1888 1890 2041 1941 πόλεμον
2060 1891 2251 1946 ξυγκροτή

91 2000 125 2023 se
137 1992 223 2023 enim
241 1992 349 2024 solum
367 1993 597 2033 impedimento
611 1994 707 2026 fuisse
735 1994 948 2034 praedicabat,
972 1995 1144 2035 quominus

92 2045 295 2078 Tacliosdrus
313 2055 425 2078 omnes
446 2048 665 2078 Romanorum
687 2056 780 2087 agros
808 2047 871 2088 igni
900 2048 1049 2088 ferroque
1071 2057 1144 2088 pro-

91 2099 262 2131 scinderet.
279 2101 363 2131 Tum
379 2100 460 2131 sorte
477 2099 589 2131 eodem
614 2101 777 2140 tempore,
794 2109 858 2140 quo
883 2109 957 2132 cum
974 2100 1027 2132 illo
1046 2101 1144 2132 verba

92 2151 250 2191 faciebat,
265 2160 306 2183 ex
333 2151 512 2192 composito
534 2151 566 2183 in
591 2160 704 2184 eorum
725 2154 932 2192 conspectum
948 2153 1037 2184 venit
1058 2161 1144 2184 unus

91 2214 132 2236 ex
146 2205 212 2243 liis,
235 2214 374 2246 quorum
387 2206 462 2237 sunt
482 2207 586 2246 partes
602 2205 672 2238 citis
687 2207 777 2246 equis
800 2205 1001 2246 adequitare,
1016 2206 1048 2237 et
1061 2213 1143 2236 nun-

91 2258 154 2289 tios
176 2266 332 2297 equorum
346 2257 516 2289 velocitate
537 2257 689 2298 perterre,
704 2257 759 2298 qui
775 2266 809 2289 se
830 2266 849 2288 a
865 2256 1047 2290 Tachosdro
1063 2256 1141 2288 mis·

90 2318 163 2340 sum
185 2309 334 2350 tingebat.
360 2312 389 2341 ls
418 2309 562 2349 Andigan
591 2311 715 2340 secreto
733 2308 882 2347 abducit,
902 2309 935 2340 et
950 2308 1137 2348 epistolam,

90 2363 245 2402 tanquam
263 2370 282 2392 a
295 2361 478 2393 Tachosdro
491 2361 643 2400 scriptam
654 2385 663 2400 ,
689 2360 799 2393 tradit.
821 2362 888 2392 Hac
903 2360 1140 2401 continebatur,

90 2413 268 2444 exercitum
286 2415 453 2444 Persarum
466 2412 599 2444 minime
617 2412 773 2444 contineri
797 2421 909 2452 posse,
924 2412 1002 2452 quin
1021 2413 1140 2444 Roma-

90 2473 206 2495 norum
219 2466 320 2496 terras
333 2463 463 2495 invadat
486 2465 518 2496 et
540 2464 572 2495 in
586 2472 640 2495 eas
655 2464 811 2504 impetum
829 2463 935 2495 faciat.
952 2463 1034 2495 Huic
1047 2473 1140 2496 men-

90 2518 161 2549 daci
175 2517 317 2557 epistolae
331 2518 364 2549 et
384 2516 450 2556 liis,
464 2525 536 2558 quae
553 2517 584 2548 in
602 2517 657 2548 illa
679 2517 796 2556 scripta
812 2518 923 2556 erant,
944 2516 1142 2556 congruebat

92 2569 215 2609 pulvis,
233 2569 288 2609 qui
305 2569 433 2608 nuntio,
449 2571 606 2609 tanquam
624 2577 733 2600 recens
745 2568 785 2600 de
804 2568 855 2599 via
871 2568 1076 2608 adventanti,
1100 2578 1140 2600 ex

91 2621 224 2652 fictione
238 2621 359 2661 capillis
375 2620 496 2652 multus
515 2620 626 2652 inerat.
641 2619 781 2660 Andigan
801 2628 930 2660 quoque
943 2628 1017 2651 cum
1029 2620 1140 2652 nuntio

91 2673 264 2714 disserens,
280 2674 406 2706 vultum
419 2673 649 2713 componebat,
669 2674 702 2705 et
726 2672 813 2703 omni
828 2673 970 2713 corporis
984 2675 1074 2704 motu
1096 2674 1139 2704 si-

92 2728 257 2767 mutabat,
272 2736 305 2759 se
319 2727 451 2758 minime
470 2727 590 2758 bellum
605 2727 765 2767 appetere.
782 2727 821 2757 Et
837 2725 944 2766 paullo
955 2727 1026 2765 post
1039 2734 1139 2765 quum

92 2780 132 2811 ad
146 2779 342 2819 conoquium
365 2778 527 2818 rediisset,
542 2777 703 2810 Zachariae
721 2777 824 2818 dixit,
847 2777 908 2808 sibi
925 2777 1059 2808 molesta
1074 2785 1141 2809 esse

92 2842 167 2872 quae
183 2841 201 2863 a
223 2831 409 2864 'sacliosdro
436 2831 685 2863 nuntiarentur:
704 2829 822 2862 etenim
844 2838 900 2870 per
921 2829 1028 2861 literas
1048 2829 1140 2869 sigui-

93 2885 207 2924 ficare,
233 2883 454 2915 incredibilem
474 2892 542 2915 esse
560 2883 678 2915 Persici
694 2882 854 2914 exercitus
868 2880 908 2912 ad
933 2880 1139 2921 pugnandum

92 2938 309 2974 alacritatem,
333 2945 405 2976 quae
433 2936 523 2967 nullo
538 2935 633 2967 modo
655 2934 824 2975 comprimi
840 2935 965 2974 posset.
986 2935 1139 2966 Constare

93 2994 263 3023 Persarum
287 2989 387 3020 aciem
412 2989 519 3020 multis
545 2988 713 3020 hominum
738 2986 898 3025 millibus,
919 2986 1036 3027 quibus
1060 2986 1138 3017 nihil

92 3041 180 3074 aliud
205 3041 296 3073 sitin
315 3041 441 3080 animo,
459 3049 556 3080 quam
582 3040 615 3071 in
640 3042 858 3072 Romanorum
878 3037 957 3070 fines
982 3038 1138 3078 impetum

93 3095 215 3132 facere,
241 3101 356 3132 eosque
370 3092 432 3131 igni
459 3092 605 3131 ferroque
619 3093 763 3130 vastare;
792 3090 863 3122 illos
890 3089 1021 3130 quidem
1043 3090 1139 3121 armis

92 3145 327 3185 temperaturos
339 3168 346 3182 ‚
360 3143 385 3174 si
402 3143 535 3174 Romani
558 3152 595 3174 ea
608 3143 808 3179 conditione,
823 3151 888 3181 qua
908 3144 1011 3174 Persae
1032 3142 1139 3173 volue-

94 3199 176 3237 rint,
191 3196 311 3228 soedera
327 3195 471 3226 fecerint.
490 3195 544 3227 Sin
556 3195 748 3233 recusarint,
764 3204 798 3226 se
811 3194 873 3225 illis
890 3193 1137 3233 permissurum,

94 3253 131 3282 nt
147 3252 306 3282 Romanos
326 3249 367 3280 ad
385 3249 548 3280 Orientem
571 3247 828 3288 aggrederentur.
845 3246 936 3284 Quod
952 3246 977 3278 si
995 3247 1137 3286 accidat,

94 3305 254 3335 Romanos
270 3310 309 3332 ne
331 3300 442 3332 auditu
467 3299 597 3340 quidem
629 3300 696 3339 ipso
733 3299 899 3338 strepitum
918 3298 1138 3338 pharetrarum

97 3355 230 3387 Persicae
244 3353 459 3385 multitudinis
472 3354 672 3384 sustentnros
683 3361 760 3384 esse.
779 3352 816 3383 Ni
831 3352 960 3391 saciant,
973 3352 1085 3384 timere
1099 3361 1138 3384 ne

97 3407 127 3438 in
139 3408 262 3438 sciram
281 3405 359 3446 regis
375 3405 422 3437 sui
437 3405 681 3443 commoveant,
701 3404 785 3444 quod
806 3405 896 3436 tanto
918 3406 1061 3444 tempore
1076 3405 1138 3437 dis-

1203 1996 1338 2028 tulerint
1351 1997 1472 2028 bellum
1493 2005 1613 2037 gerere.
1628 1997 1676 2030 Ad
1691 1997 1775 2029 hunc
1788 1998 1922 2030 modum
1936 1999 2080 2040 Andigan
2092 2000 2202 2034 doloso
2216 2002 2250 2035 et

1204 2049 1410 2090 magniloquo
1435 2049 1612 2082 verborum
1636 2050 1719 2082 fastu
1745 2051 1858 2091 utens,
1876 2051 2046 2084 simulabat
2058 2052 2190 2086 minime
2215 2063 2250 2087 se

1206 2101 1335 2133 volente
1357 2101 1478 2133 bellum
1494 2101 1562 2134 fieri
1573 2126 1582 2142 ,
1602 2101 1691 2142 quod
1700 2103 1814 2143 sponte
1829 2105 2019 2143 erupturum
2031 2106 2124 2136 esset.
2141 2098 2250 2142 Qu'um

1203 2155 1311 2185 autem
1331 2153 1502 2186 Zacharias
1530 2154 1607 2186 satis
1629 2154 1819 2194 intelligeret
1846 2154 1990 2187 fraudem
2020 2165 2092 2196 quae
2119 2157 2251 2190 suberat

1203 2205 1252 2237 bis
1281 2213 1355 2245 quae
1381 2205 1526 2245 Andigan
1544 2205 1689 2245 dixerat,
1704 2207 1736 2237 et
1761 2206 1919 2246 exquisito
1938 2206 2110 2239 verborum
2132 2211 2248 2241 ornatu

1203 2257 1304 2297 quaeri
1324 2257 1465 2289 colorem
1483 2258 1515 2289 et
1536 2258 1731 2297 praetextum
1750 2258 1930 2297 mendacio,
1949 2270 1965 2286 ιι
1990 2260 2018 2290 0
2035 2259 2190 2300 Andigan,
2207 2260 2251 2292 in·

1203 2309 1290 2350 quit,
1311 2318 1376 2340 non
1396 2309 1428 2341 in
1442 2308 1630 2349 decipiendo
1654 2308 1823 2349 prudentia
1849 2308 2041 2350 declaratur,
2066 2311 2206 2343 maxime
2222 2312 2249 2344 si

1202 2360 1228 2392 is
1240 2362 1295 2402 qui
1309 2361 1477 2402 decipitur,
1493 2360 1525 2392 id
1538 2360 1624 2401 quod
1637 2361 1741 2400 agitur
1757 2360 1923 2400 intelligat.
1942 2363 2027 2393 Num
2043 2362 2130 2394 euim
2140 2363 2248 2394 existi·

1202 2421 1271 2445 mas
1280 2422 1331 2446 me
1341 2414 1488 2454 ignorare
1498 2437 1507 2453 ,
1521 2414 1581 2446 ista
1593 2414 1700 2446 omnia
1710 2437 1719 2453 ,
1735 2422 1807 2454 quae
1820 2416 1924 2446 Persae
1937 2414 2050 2447 dieunt
2064 2418 2096 2448 et
2111 2417 2246 2457 faciunt,

1201 2475 1269 2498 esse
1286 2475 1335 2499 res
1350 2466 1458 2506 fictas,
1476 2475 1581 2507 neque
1604 2466 1691 2498 aliud
1705 2489 1714 2506 ,
1738 2475 1835 2507 quam
1860 2467 2094 2500 simulationem
2111 2470 2142 2501 et
2163 2472 2248 2503 artes

1201 2520 1233 2550 et
1249 2520 1349 2551 tectas
1363 2519 1490 2552 fraudes
1502 2544 1510 2559 ‚
1525 2527 1605 2559 quas
1617 2520 1653 2551 tu
1673 2519 1739 2560 ipse
1753 2521 1956 2551 commentus
1968 2529 2019 2560 es,
2034 2522 2071 2552 ut
2086 2523 2248 2554 Romanos

1201 2571 1462 2610 perterrefacias?
1476 2571 1537 2604 Sed
1550 2579 1615 2603 non
1637 2571 1749 2603 faciam
1760 2595 1769 2611 ,
1786 2571 1864 2602 milii
1886 2571 1997 2611 crede,
2011 2572 2095 2611 quod
2115 2572 2202 2604 voles
2214 2574 2247 2605 et

1200 2622 1257 2653 tibi
1272 2622 1398 2654 libitum
1420 2623 1491 2655 erit.
1506 2624 1547 2655 At
1563 2624 1598 2654 tu
1612 2622 1704 2661 scito,
1721 2622 1814 2654 initio
1827 2622 1957 2663 quidem
1974 2623 2070 2662 hujus
2090 2623 2164 2656 belli
2185 2626 2247 2656 Ro-

1201 2674 1304 2705 manis
1321 2683 1416 2714 grave
1429 2675 1461 2706 et
1476 2674 1595 2706 durum
1616 2673 1711 2706 tuisse
1729 2674 1769 2705 ad
1794 2682 1883 2706 arma
1906 2675 2057 2715 gestanda
2081 2675 2244 2708 devenire.

1201 2725 1327 2757 Etenim
1342 2735 1398 2757 vos
1410 2725 1570 2766 deprecati
1579 2734 1690 2757 sumus
1699 2750 1707 2765 ‚
1719 2734 1760 2757 ne
1773 2734 1810 2757 eo
1823 2735 1888 2757 rem
1903 2726 2102 2758 adduceretis
2113 2749 2122 2765 ‚
2139 2728 2175 2758 ut
2187 2735 2247 2760 nos

1200 2786 1289 2808 arma
1305 2786 1420 2817 capere
1437 2777 1602 2817 cogeretis.
1624 2779 1715 2809 Tunc
1731 2777 1818 2808 enim
1834 2778 1968 2809 Romani
1982 2778 2022 2810 ad
2036 2779 2244 2811 cessationem

1199 2837 1218 2860 a
1234 2828 1317 2860 bello
1336 2837 1490 2869 propense
1514 2828 1710 2867 serebantur,
1737 2830 1774 2860 ut
1790 2832 1965 2868 Apameam
1978 2853 1987 2867 ,
2010 2828 2110 2860 immo
2132 2831 2165 2861 et
2177 2833 2243 2862 An-

1199 2882 1352 2913 tiochiam
1370 2890 1472 2921 usque
1502 2883 1606 2913 Persae
1629 2889 1703 2911 cum
1719 2889 1816 2911 manu
1844 2880 1973 2912 militari
1992 2881 2146 2920 progressi
2166 2881 2242 2914 sint.

1199 2935 1306 2971 Quum
1318 2934 1426 2965 autem
1442 2932 1600 2971 Romani,
1614 2932 1705 2963 vobis
1729 2941 1794 2963 non
1807 2931 1993 2963 cedentibus
2004 2955 2012 2970 ,
2027 2933 2141 2971 sponte
2159 2932 2242 2972 peri-

1199 2985 1307 3017 culum
1321 2984 1476 3024 subirent,
1491 2985 1572 3016 scire
1591 2992 1648 3015 vos
1660 2983 1786 3024 opinor,
1802 2991 1859 3014 vos
1874 2991 1938 3013 non
1953 2983 2021 3014 siue
2036 2983 2187 3022 sauguine
2201 2993 2244 3016 ne

1198 3037 1237 3068 ad
1264 3036 1343 3068 fines
1356 3035 1486 3076 quidem
1500 3034 1664 3075 pervenire
1689 3034 1841 3075 potuisse.
1860 3035 1952 3065 Nunc
1967 3034 2052 3065 enim
2068 3037 2152 3066 artes
2177 3034 2242 3066 bel·

1199 3090 1276 3122 licas
1287 3089 1464 3122 necessario
1478 3087 1604 3127 edocti,
1618 3087 1803 3119 audaciores
1816 3086 1891 3118 facti
1904 3094 2015 3118 sumus
2024 3109 2032 3124 ‚
2046 3087 2078 3118 et
2091 3095 2146 3126 spe
2155 3086 2244 3118 duci·

1199 3152 1284 3182 mur,
1298 3143 1324 3174 si
1340 3151 1373 3174 se
1387 3141 1598 3173 commoverit
1614 3139 1831 3179 Taclxosdrus‚
1850 3139 1979 3171 obviam
1995 3139 2063 3179 ejus
2076 3139 2243 3172 conatibus

1198 3195 1232 3227 in
1242 3195 1316 3235 ipsis
1327 3193 1504 3226 confinibus
1515 3193 1631 3224 ituram
1643 3194 1862 3224 Romanorum
1872 3193 2000 3222 acutam
2011 3191 2135 3222 hastam
2146 3213 2156 3228 ,
2166 3200 2242 3231 quoe

1199 3248 1283 3280 latus
1298 3248 1366 3287 ejus
1388 3246 1479 3278 facile
1494 3245 1669 3284 transfigat.
1687 3247 1794 3282 Quare
1816 3244 1860 3275 sic
1876 3252 1932 3284 age
1944 3267 1954 3283 ,
1977 3244 2014 3275 ut
2037 3243 2239 3283 memineris,

1199 3301 1359 3331 Romanos
1372 3298 1470 3338 probe
1486 3305 1577 3328 nosse
1594 3298 1761 3327 Persarum
1778 3295 1879 3327 dolos.
1899 3308 1914 3323 υ
1931 3297 1994 3326 Hos
2010 3296 2041 3326 et
2059 3295 2166 3334 plures
2179 3294 2238 3326 liu-

1197 3350 1335 3391 jusmodi
1365 3350 1448 3382 inter
1469 3358 1502 3381 se
1527 3348 1710 3380 habuerunt
1734 3356 1907 3385 sermones,
1930 3346 1986 3378 sed
2008 3347 2142 3386 frustra,
2159 3346 2237 3378 ninii

1199 3403 1283 3436 enim
1303 3402 1377 3435 inde
1397 3403 1444 3434 est
1461 3402 1679 3433 consecutum.
1696 3401 1776 3432 Tum
1794 3398 1961 3431 Zacharias
1974 3397 2162 3430 Mauricium
2180 3406 2237 3437 per
