2326 3724
936 147 1267 188 FRAGMENTA.
1864 148 1866 152 '
2133 156 2180 190 29

33 257 87 285 τες
103 237 280 280 αὐτοῦκαὶ
296 237 335 277 τὸ
348 238 435 291 πρὸς
450 236 511 282 τὰς
528 236 667 289 ὁμιλίας
682 235 848 289 εὖκρατὲς
865 235 1076 288 (εὔκρατονὲ

31 302 97 340 Β.·
88 329 98 347 ,
120 297 318 369 εὔμαρὲςῗ)
339 297 399 335 καὶ
423 297 623 350 πρόχειρον,
645 311 735 348 ταχυ
762 296 858 346 μάλα
886 294 949 341 τὴν
981 294 1075 345 ἅμα·

31 373 94 412 χον
109 373 169 396 και
188 356 338 410 φοὸερὰν
350 355 409 394 καὶ
420 356 489 398 τοῖς
500 358 578 393 νοῦν
595 354 715 406 ἔχουσι
731 351 917 391 κολακείαν
932 357 1074 392 ποιοῦν-

0 430 86 464 ..γτες
104 414 164 455 καὶ
192 413 450 467 προὸαλόμενοι
465 411 622 464 καθάπερ
640 413 695 450 ἑλε
687 411 801 450 ’πολίν
823 427 899 449 τινα
921 411 981 449 καὶ
1000 427 1075 461 μη-

29 468 184 529 ’χᾳνὴν”
161 488 330 526 αφυκτον,
346 471 496 517 ἐξέωσαν
515 486 583 509 των
617 471 783 523 ἀσφαλῶν
808 469 869 508 καὶ
896 469 1076 522 σωτηρίων

0 531 207 584 ζξλογισμῶν
233 531 290 569 τὸν
310 530 504 579 νεανίσκον,
531 528 591 568 καὶ
614 528 819 567 κατέσεισαν
840 530 887 572 εἷς
916 527 974 566 τὸν
1004 543 1076 578 μα-

32 590 137 638 νιώδη
148 589 206 629 καὶ
224 588 395 642 σφαλερὸν
415 604 477 634 της
491 587 700 640 βασιλείας”
682 603 808 640 ερωτα.

83 648 170 690 Ὅτι
185 646 467 702 φιλοχρηματίαν
489 645 574 700 φασὶ
593 646 711 695 πηγήν
731 662 808 684 τινα
825 645 940 692 πάσης
953 644 1078 688 κακίας

32 706 228 760 τυγχάνειν,
248 705 326 744 οὐδὲ
342 708 385 757 τῇ
403 705 511 758 κακία
526 703 673 755 πότιμόν
693 720 729 742 τε
754 704 814 742 καὶ
829 704 1002 757 χρήσιμον
1014 719 1022 728 ·
1043 704 1077 748 ἐξ

33 765 165 812 ἐκείνης
180 763 247 817 γὰρ
263 767 325 812 τῆς
342 765 453 816 ἀρχῆς
472 763 532 802 καὶ
549 763 618 801 ἀπὸ
637 766 697 810 τ’ῆς
711 766 779 801 τῶν
801 763 997 816 χρημάτων
1013 778 1078 800 πε-

33 826 148 878 ριττῆς
175 821 360 872 ἐπιθυμίας
375 821 414 860 τὸ
434 824 495 868 τῆς
511 823 626 875 ψυχῆς
647 822 772 874 ἄλογον
794 821 1026 874 ἀρδόμενον”
1008 837 1077 875 εριν

33 883 65 921 τ’
86 881 253 935 ἀνέφυσεν
273 880 464 932 ἀνθρώποις
484 881 544 919 καὶ
573 880 710 933 μάχην·
737 879 805 953 ἔρις
834 880 869 919 δὲ
894 880 1077 928 αυξηθεῑσα

33 940 204 991 πολέμους
223 939 464 986 ἀνεὸλάστησε
485 939 544 978 καὶ
568 939 706 992 φόνους·
725 935 835 992 φόνων
859 938 895 977 δὲ
913 942 929 978 ὃ
948 939 1079 992 φυόμε-

33 1014 88 1044 νος
103 1014 237 1052 καρπος
255 998 362 1052 φθορὰ
381 1001 441 1036 τοῦ
462 997 580 1050 γένους
594 1014 654 1036 και
675 997 829 1051 ὄλεθρος·
852 997 874 1036 ἃ
890 997 932 1046 δὴ
947 1014 1007 1036 και
1020 998 1078 1036 ἐπὶ

34 1059 227 1102 Οὐάλεντος
245 1057 512 1109 συνεπράττετο.

86 1121 143 1155 De
172 1119 246 1155 hoc
265 1117 469 1154 Theodoro
490 1124 765 1153 assentatorum
795 1118 1080 1154 adulationibus

33 1178 216 1225 malisque
236 1177 380 1212 artibus
397 1176 589 1221 adducto,
619 1183 662 1212 ut
686 1177 726 1211 in
749 1189 908 1225 regnum
929 1178 1079 1225 conspi-

33 1243 136 1272 raret
160 1234 288 1284 (374),
323 1248 360 1272 v.
375 1235 545 1271 Zosimus
562 1236 635 1280 IV,
660 1235 722 1280 13,
747 1239 797 1277 4;
829 1236 896 1272 Ἠν
915 1249 965 1277 τις
989 1233 1080 1273 Θεό,

42 1294 151 1345 δωρος
180 1298 251 1336 τοῖς
276 1293 499 1344 βασιλικοῖςε
487 1295 744 1343 υπογραφεῦσιν
770 1291 1078 1346 ἐναριθμοιίιμενος·

38 1355 160 1390 τοῦτον
187 1347 226 1389 εὖ
247 1350 309 1401 μὲν
326 1350 491 1402 γεγονότα
521 1366 559 1388 τε
580 1349 640 1387 καὶ
655 1349 846 1403 τραφέντα,
868 1349 940 1389 νέον
968 1350 1002 1389 δὲ
1030 1349 1082 1390 ἔτι

34 1410 94 1449 καὶ
112 1412 161 1463 τῷ
175 1413 235 1457 τ’ῆς
248 1408 385 1456 ἡλικίας
398 1410 514 1461 θερμῷ
530 1407 654 1461 ῥᾳδίως
673 1408 831 1447 κολάκων
847 1409 1012 1453 θωπείαις
1024 1411 1081 1450 ἐπὶ

33 1468 78 1506 τὰ
107 1467 247 1520 χείρονα
281 1466 532 1517 σαλευόμενον,
558 1468 783 1519 περιστάντες
817 1467 967 1506 τοιοῦτοί
992 1485 1080 1513 τινες

37 1525 294 1572 ἀναπείθουσιν,
315 1527 361 1568 ὡς
377 1525 535 1576 περιττοί
556 1541 644 1569 τινες
664 1525 749 1564 εἰσὶν
774 1527 808 1564 ἐν
832 1525 995 1580 παιδείᾳ,
1020 1528 1081 1567 καὶ

37 1583 277 1638 τεκμήρασθαι
293 1584 332 1622 τὸ
354 1583 481 1636 μέλλον
506 1583 544 1621 ἔκ
560 1599 650 1628 τινος
668 1584 945 1637 καθωρθωμένης
966 1587 1081 1628 αὐτοῖς

38 1643 200 1693 μαντείας
220 1642 336 1681 δεινοί.
387 1641 654 1693 ’Πυνθανόμενοι
671 1642 707 1681 δὲ
720 1643 770 1687 τίς
786 1643 875 1694 μετὰ
898 1645 1080 1684 Οὐάλεντα

38 1701 286 1754 βασιλεύσειεν,
310 1700 462 1748 ἔστησαν
481 1700 650 1753 τρίποδα,
669 1702 709 1740 τὸ
733 1702 860 1752 μέλλον
890 1704 1005 1747 αὐτοῖς
1023 1704 1080 1741 διά

35 1775 124 1804 τινος
144 1760 359 1811 σημαίνοντα
378 1761 531 1806 τελετῆς.
565 1761 730 1808 Φανῆναι
759 1762 796 1800 δὲ
817 1763 852 1800 ἐν
869 1764 918 1813 τῷ
943 1761 1080 1814 τρίποδι

36 1817 281 1871 γεγραμμένα,
297 1820 385 1866 θῆτα
403 1817 463 1856 καὶ
481 1833 496 1856 ε
512 1818 571 1857 καὶ
583 1834 600 1856 ο
612 1818 672 1857 καὶ
686 1819 743 1858 ἐπὶ
762 1819 893 1864 τούτοις
909 1819 948 1858 τὸ
964 1819 1079 1858 δέλτα.

11 1880 15 1884 “
35 1877 159 1916 Ταῦτα
180 1876 215 1915 δὲ
233 1876 415 1929 μονονουχὶ
432 1875 547 1930 φωνὴν
571 1877 715 1931 ἀφιέντα
730 1879 854 1926 δηλοῦν
873 1881 919 1923 ὡς
935 1878 1079 1918 Θεόδω-

38 1951 93 1988 ρος
105 1935 168 1983 τὴν
196 1936 376 1989 βασιλείαν
395 1935 483 1987 μετὰ
499 1936 685 1976 Οὐάλεντα
712 1937 917 1982 διαδέξεται.
936 1937 1082 1982 Τούτοις

37 1994 196 2047 ἐπαρθεὶς
210 1998 280 2039 τοῖς
298 1994 428 2042 ὕθλοις,
448 1994 515 2033 ὑπό
532 2011 569 2033 τε
582 1998 643 2042 τῆς
664 1995 752 2046 ἄγαν
773 1996 957 2046 ἐπιθυμίας
975 1995 1080 2049 ἀγύρ-

36 2068 112 2097 ταις
145 2057 299 2106 συνεχῶς
326 2053 387 2091 καὶ
406 2052 527 2104 γόησιν
559 2054 792 2106 ἐντυγχάνων,
820 2055 880 2092 καὶ
910 2055 990 2107 περὶ
1022 2059 1081 2093 τοῦ

38 2112 214 2164 πρακτέου
233 2111 467 2161 κοινούμενος,
489 2113 625 2164 βασιλεῖ
646 2113 850 2165 κατάφωρος
867 2113 1008 2164 γίνεται·
1023 2113 1083 2152 καὶ

37 2170 138 2215 αὐτὸς
159 2169 221 2222 μὲν
252 2170 352 2215 ἀξίαν
374 2170 484 2208 ἐδίδου
503 2173 565 2218 τῆς
590 2170 836 2222 ἐπιχειρήσεως
857 2171 968 2217 δίκην.
991 2176 1082 2209 Am-

36 2233 154 2269 mian.
169 2232 379 2269 Marcellin.
397 2232 548 2277 XXIX,
573 2244 587 2267 1
603 2259 613 2278 ‚
643 2231 666 2267 8
689 2244 772 2280 sqq.
787 2232 1002 2268 Tillemont.
1028 2235 1080 2278 V,

36 2302 78 2338 p.
101 2303 171 2336 107
189 2303 246 2338 sq.

527 2373 589 2422 39.

92 2465 247 2516 [Suidas
271 2478 279 2500 :
299 2464 492 2510 Φῆστος.
513 2458 625 2507 Οἷτος
636 2464 717 2514 περὶ
736 2463 814 2506 τοὺς
829 2463 973 2518 χρόνους
989 2465 1082 2504 Οὐά-

37 2522 153 2566 λεντος
178 2523 224 2565 εἷς
240 2520 303 2568 τὴν
326 2521 443 2560 Ἀσίαν
470 2521 688 2572 ἐκπέμπεται
725 2521 934 2566 ἀνθύπατος·
962 2522 1024 2569 τὴν
1045 2523 1080 2562 δὲ

40 2579 223 2633 βασιλικὴν
240 2581 403 2632 γλῶσσαν
425 2579 661 2620 ἐπεπίστευτο.
718 2580 907 2632 Πέμπεται
927 2581 963 2619 δὲ
984 2584 1077 2633 ὁμῶς

1138 234 1196 272 τὸν
1213 232 1392 281 ποιητικὸν
1407 249 1466 271 και
1487 233 1659 284 μυθώδη’
1665 237 1692 274 E
1694 251 1812 287 χετον,
1837 237 1895 275 καὶ
1910 237 1992 284 εἷδή
2012 253 2063 284 τις
2081 238 2184 280 ἄλλος

1140 294 1179 331 ἐκ
1197 292 1363 336 Σικελίας
1383 293 1406 339 ἢ
1426 292 1625 337 Θετταλίας
1650 298 1821 342 τοιοῦτος,
1837 296 1966 348 χρυσὸν
1995 297 2184 342 ἀποδείξων

1139 366 1199 390 και
1217 351 1426 404 πανήγυριν.
1439 345 1510 390 Ἦν
1528 351 1563 390 δὲ
1577 354 1599 398 ἡ
1614 352 1722 402 μανία
1735 354 1773 391 οὐ
1789 352 1945 405 θύραθεν,
1961 355 2038 392 ἀλλ’
2052 355 2184 395 ἔνδοθεν

1142 410 1274 449 ἐλύσσα
1293 426 1354 448 και
1368 410 1549 461 ἐμαίνετο,
1569 410 1656 463 ἀνὴρ
1675 410 1775 464 φύσει
1792 412 1938 460 πονηρὸς
1954 412 2015 450 καὶ
2031 414 2186 458 ἐξουσίαν

1140 468 1242 521 ἔχων,
1263 469 1324 507 καὶ
1341 469 1403 516 τὴν
1424 471 1457 507 ἐν
1477 475 1552 513 ταῖς
1565 470 1752 508 κολάσεσιν
1768 470 1958 522 ἀγριότητα
1982 472 2186 511 καταλιπὼν

1140 530 1392 578 εὐδοκιμοῦσαν
1413 531 1447 568 ἐν
1465 534 1537 572 τοῖς
1557 527 1764 580 βασιλείοις,
1781 530 1843 566 οὐκ
1867 527 1958 567 ἔστιν
1979 528 2001 567 ὅ
2017 546 2050 568 τι
2069 546 2186 584 παρα-

1140 588 1262 639 νομίας
1277 587 1426 626 ἀπέλιπε
1443 587 1503 626 καὶ
1519 587 1702 638 ἀσελγείας
1713 616 1723 634 ,
1745 588 1822 625 ἀλλ’
1839 587 1897 625 ἐπὶ
1913 587 2054 626 τοσόνδε
2068 605 2187 640 παρα-

1142 652 1250 699 φορᾶς
1272 645 1375 699 ἐρρύη
1396 646 1457 684 καὶ
1476 645 1600 698 φόνων,
1628 644 1719 683 ὥστε
1739 644 1799 683 καὶ
1820 645 1983 696 Μάξιμον
2011 645 2098 700 ξίφει
2118 647 2187 686 διέ·

1142 710 1277 759 φθειρε,
1308 704 1477 757 Κοίρανον
1506 704 1696 755 Αἰγύπτιον
1718 703 1910 757 ἐπισφάξας
1929 706 2043 757 αὐτῷ·
2062 706 2123 744 καὶ
2138 707 2188 746 ἔτι

1141 764 1264 816 θερμὸς
1283 762 1330 806 ὢν
1353 763 1413 801 καὶ
1445 762 1529 808 ζέων
1553 766 1603 817 τῷ
1621 763 1738 816 λύθρῳ
1766 763 1901 807 πάντας
1921 763 2110 817 συνανῄρει
2129 766 2190 804 καὶ

1140 822 1370 876 κατέφλεγε.]

1193 884 1367 932 Eunapio
1390 883 1520 918 locum
1546 883 1662 932 primi
1685 882 1929 919 vindicarunt
1955 884 2122 920 Valesius
2142 885 2192 921 ad

1142 943 1330 979 Ammian.
1345 942 1490 990 XXIX,
1511 955 1550 989 2,
1573 954 1638 986 22,
1655 944 1840 978 Kiisterus
1857 942 1906 978 ad
1920 942 2046 987 Suid.‚
2068 945 2186 979 Hem-

1141 1000 1346 1037 sterhusius
1376 1000 1422 1036 ad
1447 1002 1605 1038 Lucian.
1634 1002 1817 1049 Necyom.
1858 1014 1891 1039 e.
1929 1005 1965 1044 4.
1997 1003 2193 1040 Nonnulla

1142 1060 1252 1107 hujus
1284 1060 1418 1108 fragm.
1440 1059 1575 1095 suidas
1599 1061 1738 1108 repetit
1758 1073 1796 1096 v.
1812 1057 1986 1110 Ἔχετος,
2008 1058 2186 1112 Θύραθεν.

1141 1139 1196 1147 ·--
1219 1120 1276 1154 De
1305 1119 1416 1154 Festo
1435 1118 1484 1156 cf.
1513 1118 1702 1156 Ammian.
1717 1120 1837 1155 Marc.
1871 1120 2020 1170 XXIX,
2042 1132 2079 1164 2,
2101 1132 2149 1156 22
2182 1134 2189 1156 :

1142 1178 1271 1212 Festus
1300 1177 1455 1224 quc'dam
1494 1177 1733 1214 Tridentinus
1765 1179 1890 1213 ultimi
1922 1182 2120 1225 sanguinis
2157 1188 2196 1215 et

1146 1238 1280 1284 ignoti,
1317 1238 1353 1270 in
1367 1235 1504 1271 aearum
1523 1240 1789 1283 germanitatis
1808 1249 1833 1271 a
1853 1237 2072 1273 Maximino
2090 1239 2193 1274 dile-

1145 1303 1226 1329 ctus
1246 1302 1300 1348 ιιι(
1311 1295 1454 1330 sodalis
1471 1303 1510 1330 et
1524 1304 1759 1343 contegatus,
1791 1298 2070 1333 decernentibus
2088 1295 2193 1344 fatis

1145 1355 1199 1388 ad
1216 1354 1402 1389 Oridntem
1424 1351 1748 1401 transgressusest
1760 1368 1772 1389 .·
1789 1356 1912 1404 ibique
1925 1357 2194 1393 administrata

1143 1412 1170 1448 S
1164 1415 1271 1459 yria,
1307 1415 1592 1460 magisterioque
1612 1417 1799 1452 memoriae²
1812 1423 1987 1462 peracto,
2013 1416 2111 1451 bona
2133 1418 2190 1452 le-

1146 1471 1328 1506 nitudinis
1340 1479 1379 1506 et
1398 1475 1613 1507 reverentia?
1628 1473 1782 1520 reliquit
1806 1475 1982 1522 exempla
2001 1486 2011 1509 .·
2031 1475 2128 1510 unde
2137 1489 2195 1511 re-

1142 1542 1232 1576 gere
1248 1530 1380 1565 Asiam
1387 1531 1652 1578 proconsulari
1663 1530 1845 1580 potestate
1865 1544 2016 1567 exorsus
2026 1561 2034 1574 ,
2058 1534 2192 1580 velifi—

1144 1591 1290 1624 catione
1305 1590 1512 1636 tranquilla
1528 1588 1589 1637 (ut
1604 1587 1934 1639 aiunt)serebatur
1947 1592 2001 1625 ad
2014 1591 2192 1640 gloriam.

1147 1647 1309 1682 Audiens
1329 1654 1452 1682 autem
1468 1647 1726 1682 Maximinum
1751 1652 1892 1696 optimo
1908 1653 2035 1698 cuique
2050 1653 2195 1685 exitia-

1145 1707 1236 1749 lem,
1260 1706 1495 1741 obtrectabat
1510 1707 1668 1742 subinde
1688 1699 1834 1742 actibus
1860 1711 1940 1754 ejus
1959 1716 1999 1743 ut
2003 1712 2195 1757 pernicio-

1142 1767 1192 1800 sis
1207 1773 1244 1800 et
1247 1763 1388 1811 foedis.
1407 1765 1486 1801 Sed
1502 1778 1613 1813 quum
1641 1769 1756 1814 impie
1780 1775 2054 1815 peremptorum
2087 1781 2196 1804 exse-

1145 1827 1242 1872 quiis
1281 1822 1587 1871 suffragantibus
1636 1826 1690 1859 ad
1726 1823 1998 1873 praefecturam
2046 1830 2196 1862 venisse

1145 1882 1230 1918 hom
1235 1886 1333 1918 inem
1343 1881 1598 1931 comperisseti
1600 1887 1731 1919 mmeri
1734 1892 1807 1919 tum
1811 1912 1818 1928 ‚
1835 1889 1964 1920 exarsi
1968 1886 2042 1921 tad
2046 1887 2196 1935 agenda

1143 1942 1403 1988 sperandaque
1417 1943 1586 1985 similia;
1609 1950 1648 1977 et
1667 1942 1854 1978 histrionis
1868 1947 1941 1978 ritu
1970 1952 2113 1979 mutata
2137 1957 2195 1980 re-

1143 2008 1259 2048 pente
1271 2013 1453 2048 persona,
1472 2002 1594 2036 studio
1612 2002 1767 2036 nocendi
1784 2011 1970 2050 concepta,
2001 2003 2198 2038 incedebat

1147 2060 1272 2094 oeulis
1296 2062 1441 2094 intentis
1456 2071 1502 2093 ae
1525 2061 1673 2106 rigidis,
1698 2058 1968 2107 praefecturam
1997 2069 2197 2097 autumans

1148 2116 1285 2163 (affore
1315 2118 1548 2165 propediem,
1578 2121 1611 2152 si
1621 2121 1701 2165 ipse
1720 2131 1863 2166 quoque
1884 2132 1923 2154 se
1943 2123 2196 2155 contaminas-

1144 2184 1202 2211 set
1219 2179 1419 2212 insontium
1442 2180 1583 2225 paenis.
1606 2164 1657 2212 Et
1670 2190 1882 2226 quanquam
1913 2182 1991 2214 sint
2014 2181 2131 2215 multa
2157 2188 2194 2215 et

1147 2237 1281 2279 varia,
1319 2247 1421 2282 quoe,
1450 2243 1490 2270 ut
1510 2236 1622 2271 ἰθεῖα-ς
1645 2239 1935 2284 ιἠῑενρνῃεῐενηιιν
1970 2241 2050 2284 egit
2067 2250 2196 2283 asper·-

1151 2296 1274 2328 rime:
1291 2306 1422 2342 pauca
1444 2302 1568 2329 tamen
1590 2295 1666 2329 clici
1689 2294 1868 2342 sufficiet,
1896 2309 1981 2344 quoe
2004 2305 2091 2332 sunt
2106 2305 2196 2333 nota

1145 2364 1191 2386 ac
1201 2354 1440 2400 pervulgata,
1470 2353 1737 2401 philosophum
1765 2356 1950 2402 quendam
1979 2356 2195 2392 Coeranium

1149 2407 1343 2460 (Κοίρανον
1361 2412 1507 2460 Eunap.
1523 2410 1551 2462 ),
1583 2412 1687 2447 haud
1709 2415 1821 2448 exilis
1837 2417 1962 2449 meriti
1981 2418 2121 2458 virum,
2147 2428 2194 2450 ea

1144 2481 1259 2504 causa
1292 2478 1553 2507 tormentorum
1587 2475 1823 2508 immanitate
1850 2475 2006 2509 inultum
2037 2475 2186 2518 occidit,

1143 2528 1242 2574 quod
1267 2529 1322 2563 ad
1334 2533 1528 2577 conjugem
1547 2543 1652 2566 suam
1663 2529 1924 2577 familiariter
1948 2534 2130 2577 scribens,
2154 2534 2197 2568 id

1142 2597 1309 2623 sermone
1325 2589 1525 2624 addiderat
1543 2590 1693 2625 Groeco:
1713 2587 1765 2627 Σὺ
1786 2588 1821 2626 δὲ
1838 2588 1923 2639 νόει,
1939 2588 1997 2627 καὶ
2015 2589 2118 2642 στέφε
2132 2588 2194 2636 τὴν

1249 2636 1259 2648 “
1494 2649 1513 2664 ο

38 2698 105 2730 litia
118 2701 150 2731 et
167 2699 198 2730 in
212 2699 363 2731 convictu
377 2699 528 2732 facilitate
541 2708 579 2732 ac
591 2699 765 2741 docilitate,
780 2700 926 2742 protinus
935 2700 1087 2733 adhibere

38 2753 204 2791 coeperunt
218 2751 371 2783 invictam
386 2752 474 2784 illam
488 2753 520 2784 et
538 2753 732 2794 sapientibus
744 2754 839 2785 etlam
854 2754 1085 2786 formidabilem

37 2803 301 2842 assentationem,
320 2812 418 2844 quam
433 2803 479 2835 illi
493 2813 551 2836 ceu
577 2806 776 2837 tormentum
790 2805 951 2846 quoddam
965 2807 997 2838 et
1018 2815 1086 2837 ma-

37 2853 164 2885 chinam
178 2854 421 2895 insuperabilem
444 2855 652 2888 admoventes
664 2881 673 2897 ,
693 2856 846 2897 juvenem
867 2866 885 2889 e
898 2858 983 2889 sanis
999 2858 1084 2890 salu-

38 2905 212 2945 bribusque
232 2907 371 2938 consiliis
385 2906 547 2947 dejectum
572 2907 614 2939 ad
633 2908 783 2941 furiosam
809 2909 1087 2950 perniciosamque

39 2957 191 2997 regnandi
206 2958 292 2989 sitim
309 2958 527 2998 perpulerunt.

81 3008 179 3040 Aiunt
196 3009 363 3040 avaritiam
390 3010 523 3042 malitiae
549 3011 653 3042 omnis
668 3019 736 3043 esse
753 3012 891 3053 fontem3
914 3013 1012 3044 immo
1028 3022 1087 3045 nec

40 3059 98 3099 ipsi
112 3060 241 3091 malitiae
259 3059 432 3100 jucundam
448 3070 514 3093 esse
530 3062 581 3093 vel
595 3062 717 3094 utilem.
742 3064 868 3095 Etenim
885 3073 926 3096 ex
939 3064 1003 3096 hac
1015 3073 1086 3096 sca·

41 3110 177 3151 tui-igine
189 3112 287 3151 atque
298 3120 336 3143 ex
351 3112 449 3144 nimia
461 3113 603 3153 pecuniae
614 3114 806 3155 cupiditate,
823 3115 877 3147 ubi
895 3117 993 3148 semel
1016 3125 1088 3157 pars

41 3162 138 3193 animi
145 3162 283 3194 deterior
290 3163 349 3195 hac
359 3164 430 3196 labe
440 3164 564 3196 imbuta
573 3165 678 3204 fuerit,
689 3166 847 3198 discordia
854 3167 936 3199 inter
944 3168 1089 3200 homines

41 3213 178 3253 gignitur
190 3215 222 3246 et
235 3216 407 3247 contentio.
423 3216 585 3248 Discordia
601 3225 772 3257 augescens
785 3218 904 3251 bellum
923 3219 1089 3260 caedesque

44 3265 125 3305 parit
139 3275 147 3296 :
162 3265 297 3297 caedium
310 3268 419 3298 autem
435 3268 557 3299 fruetus
568 3271 615 3300 est
631 3269 760 3301 humani
778 3271 901 3310 generis
914 3271 1044 3303 vastitas
1056 3273 1089 3304 et

44 3317 186 3349 exitium.
205 3320 286 3356 Qum
298 3319 407 3351 omnia
419 3320 479 3352 sub
496 3321 630 3353 Valente
645 3324 831 3355 evenerunt.

1637 2705 1696 2737 39.

1188 2756 1301 2788 Festus
1317 2757 1518 2797 temporibus
1529 2758 1673 2790 Valentis
1690 2758 1722 2789 in
1733 2758 1840 2790 Asiam
1866 2760 2036 2799 proconsul
2056 2759 2195 2792 mittitur

1148 2805 1266 2847 (374),
1289 2808 1355 2839 fisci
1380 2809 1456 2849 regii
1467 2811 1609 2849 curator,
1622 2810 1771 2850 idemque
1787 2810 1976 2843 crudelitate
1991 2820 2047 2843 sua
2058 2812 2194 2843 effectu·

1147 2868 1217 2898 rus,
1236 2861 1272 2891 ut
1292 2861 1483 2893 Homericus
1501 2862 1555 2894 ille
1572 2863 1604 2894 et
1624 2862 1788 2894 fabulosus
1803 2862 1942 2895 Eclietus
1954 2887 1964 2903 ,
1984 2865 2017 2895 et
2033 2863 2059 2894 si
2073 2864 2126 2904 qui
2140 2864 2194 2895 alii

1146 2911 1275 2944 suerunt
1286 2913 1317 2944 in
1336 2913 1441 2946 Sicilia
1455 2915 1504 2946 vel
1522 2915 1682 2947 Thessalia
1697 2915 1837 2955 tyranni,
1852 2924 1927 2947 cum
1941 2925 1978 2947 eo
1996 2916 2190 2956 comparati,

1145 2972 1260 2995 aurum
1279 2966 1311 2996 et
1335 2965 1430 2998 ludus
1442 2966 1642 2998 viderentur.
1666 2968 1791 2999 insania
1808 2968 1916 2998 autem
1930 2969 1999 3008 ejus
2012 2976 2077 3000 nou
2093 2976 2192 3008 appa-

1145 3017 1237 3049 rebat
1251 3017 1471 3059 extriusecus,
1486 3020 1540 3051 sed
1556 3020 1683 3060 penitus
1699 3019 1785 3052 rabie
1807 3021 1897 3051 actus
1911 3020 2036 3052 furebat
2043 3043 2054 3060 ,
2075 3020 2193 3061 quippe

1146 3067 1242 3100 homo
1255 3071 1371 3101 natura
1387 3070 1511 3111 malus,
1526 3073 1596 3103 tum
1609 3080 1684 3103 vero
1701 3072 1892 3112 potestatem
1906 3072 2020 3103 nactus
2036 3071 2110 3112 :qui
2121 3081 2192 3111 sup-

1146 3121 1315 3161 pliciorum
1334 3123 1549 3164 immanitate,
1565 3133 1640 3164 quae
1653 3124 1684 3155 in
1697 3124 1773 3156 aula
1793 3124 1879 3164 regia
1894 3124 2044 3163 florebat,
2062 3123 2192 3163 relicta,

1145 3173 1272 3205 nullum
1299 3173 1477 3214 iniquitatis
1498 3177 1530 3207 et
1556 3175 1742 3216 petulantioe
1770 3184 1869 3216 genus
1896 3175 2112 3216 praetermisit.
2142 3175 2191 3206 Ad

1148 3226 1271 3256 tantam
1297 3234 1374 3257 vero
1397 3227 1554 3258 insaniam
1581 3229 1613 3259 et
1638 3227 1926 3268 sanguinolentiam
1957 3226 2126 3267 processit,
2153 3228 2191 3257 ut

1146 3278 1325 3310 Maximum
1347 3278 1451 3319 gladio
1476 3279 1687 3319 interficeret,
1717 3281 1891 3328 Coeranum
1909 3279 2091 3320 AEgyptium
2109 3277 2190 3309 caedi

1147 3330 1216 3370 ejus
1235 3331 1366 3363 addens.
1383 3333 1491 3369 Quum
1509 3334 1618 3364 autem
1641 3332 1747 3364 adhuc
1763 3341 1879 3365 cruore
1899 3333 2016 3364 caleret
2035 3333 2067 3363 et
2087 3331 2189 3362 serve-

1148 3383 1214 3418 ret,
1232 3391 1343 3415 omncs
1360 3393 1423 3416 una
1437 3384 1602 3416 occidebat
1618 3385 1650 3416 ct
1663 3383 1835 3416 cremabat.
