2326 3724
171 215 244 249 190

166 295 303 334 πολλῶν
322 295 498 348 ἐμφυλίων
515 297 680 349 πολέμων
699 297 831 350 γίνεται
847 298 969 343 αἴτιος.
993 298 1038 339 Ο
1051 298 1088 337 δὲ
1110 302 1208 352 βασι·

166 353 244 398 λευς
261 356 311 407 τῷ
331 369 369 393 τε
401 356 580 408 προσώπω
601 357 662 395 καὶ
681 360 724 410 τῇ
750 361 809 396 τοῦ
831 356 993 409 σώματος
1018 357 1153 406 κινήσει
1170 357 1210 395 τὸ

165 411 305 464 μέγεθος
317 416 379 460 τ’ἥς
395 415 500 488 ὄργης
514 415 640 464 δηλῶν,
654 415 715 454 καὶ
733 416 832 468 μόλις
845 415 992 470 φωνὴν’
973 432 1084 469 αιρεις,
1098 409 1208 455 εἶπεν·

164 489 181 505 ι
201 473 282 523 Οὐχ
297 471 386 511 οὕτω
404 472 512 526 μέχρι
526 477 588 512 τοῦ
603 474 772 527 παρόντος
790 474 1018 547 διαγενόμεθα
1035 476 1210 527 (διαγεγε-

164 529 322 580 νήμεθαῗ
344 533 388 570 Β.
401 532 433 583 ),
457 531 534 570 οὐδὲ
563 531 620 570 διὰ
639 537 742 572 τοῦτο
772 534 812 572 ἐκ
831 537 893 571 τοῦ
923 534 1077 572 ὠκεανοῦ
1105 533 1211 585 μέχρι

166 603 232 626 των
246 589 393 627 ενταῦθα
406 591 637 640 πολεμοῦντες
650 591 709 629 καὶ
722 593 881 636 νικῶντες
894 591 1104 645 ἀφικόμεθα,
1119 590 1210 630 ὥστε

165 644 214 697 μὴ
231 647 357 686 ἐθέλειν
381 647 439 686 τὸν
459 650 583 687 οἰκεῖον
602 649 762 702 γαμὸρὸν
790 650 951 689 κοινωνὸν
974 650 1066 703 ἔχειν
1084 649 1141 688 διὰ
1165 649 1210 688 τὰ

163 706 258 756 μύση
277 709 381 746 αὐτοῦ
397 707 457 746 καὶ
476 707 540 755 την
565 709 769 783 ἀγχιστείαν
802 708 1047 762 ἀπαγορεύειν,
1077 708 1211 754 εὐτελὲς

163 764 199 803 δὲ
224 765 438 819 ἀνδράποδον
462 768 538 816 μετ’
566 769 671 806 αὐτοῦ
697 769 744 812 εἷς
767 767 811 806 τὰ
833 769 995 821 βασίλειοι
1015 767 1210 821 προσδέξα-

162 826 291 864 σθαι.»
314 823 523 863 Ἒκέλευσεν
536 828 594 863 οὖν
610 825 669 863 τὸν
693 826 912 879 Μεστριανὸν
926 826 1047 865 τούτου
1067 830 1126 865 τοῦ
1148 825 1210 877 μέ·

163 896 239 932 ρους
269 884 329 928 τῆς
358 881 546 934 πρεσὸείας
571 884 810 955 ρχολάζοντα,
839 883 872 922 εἴ
894 899 928 922 τι
957 884 1072 936 ἕτερον
1102 884 1211 921 αἰτεῖν

164 939 346 991 βούλοιτο,
369 940 502 991 λέγειν·
524 956 584 979 και
611 941 703 987 ἔδοξε
732 942 790 980 τὸν
812 942 973 982 Βάλεντα
997 942 1211 989 ἐκὸληθηναι

161 1001 222 1045 τῆς
243 998 433 1050 βασιλείας.
454 1001 512 1040 Cf.
538 1002 710 1039 Zosimus
724 1004 761 1039 II
805 1015 869 1039 20.
901 1003 1118 1040 Tillemont.
1147 1003 1210 1050 IV,

161 1070 199 1106 p.
220 1058 309 1096 161.

333 1139 631 1189 6.(C0nstantii
656 1141 910 1189 an.14;350
932 1156 970 1192 p.
996 1142 1038 1182 C
1051 1142 1062 1194 )

212 1221 314 1259 Ibid.
329 1234 369 1271 p.
393 1235 457 1268 27.
485 1222 561 1261 28:
583 1220 670 1261 “Ort
690 1221 814 1274 Μαγνέ
818 1238 907 1267 ντιος
927 1223 987 1262 και
1008 1223 1208 1277 Βετρανίων

159 1275 340 1324 πέμπουσι
365 1278 496 1331 πρέσὸε
501 1295 528 1323 ις
549 1279 635 1331 πρὸς
656 1280 915 1320 Κωνστάντιον.
940 1281 996 1321 Πέ
981 1297 1151 1333 εαπονται
1173 1282 1208 1321 δὲ

160 1334 339 1389 Ῥουφῖνος
367 1337 431 1375 καὶ
457 1339 719 1389 Μαρκελλῖνος,
744 1341 763 1377 ὃ
785 1339 847 1390 μὲν
878 1339 1034 1394 ὕπαρχος
1063 1356 1111 1378 ων
1139 1343 1207 1379 τῶν

159 1395 395 1448 πραιτωρίων,
415 1399 432 1434 ὁ
453 1396 488 1435 δὲ
511 1396 626 1450 ἕτερος
651 1398 896 1451 στρατηλάτης
909 1428 920 1450 ,
942 1401 1002 1437 καὶ
1020 1398 1209 1452 Νουνέχιος

159 1454 390 1504 συγκλητικὸς
427 1455 604 1509 ὕπαρχος,
641 1456 702 1494 καὶ
736 1457 895 1508 Μάξιμος
931 1457 1016 1510 πρὸς
1047 1458 1181 1503 τούτοις
1195 1489 1207 1510 ,

157 1512 416 1563 ὖπομνήσοντες
440 1513 498 1552 τὸν
519 1514 762 1554 Κωνστάντιον
779 1515 896 1554 ὅπλων
917 1515 1134 1568 ἀποσχέσθαι
1147 1517 1207 1555 καὶ

158 1570 303 1622 πρώτην
324 1570 417 1624 ἔχειν
436 1573 471 1610 ἐν
487 1575 531 1625 τῇ
556 1573 717 1625 βασιλείᾳ
731 1574 852 1625 τιμήν.
874 1574 918 1614 Ὁ
939 1574 975 1613 δὲ
991 1574 1208 1626 Μαγνέντιος

158 1628 203 1665 δι’
233 1630 346 1667 αὐτῶν
373 1629 436 1677 τὴν
464 1630 552 1669 ἰδίαν
582 1632 754 1685 θυγατέρα
778 1635 829 1686 τῷ
861 1634 1096 1686 Κωνσταντίῳ
1127 1636 1206 1672 ὑπι-

157 1688 294 1740 σχνεῗτο
309 1688 439 1727 διδόναι
449 1689 606 1741 γαμετὴν
618 1690 675 1728 ἐπι
689 1707 739 1743 τῳ
755 1691 816 1729 καὶ
827 1692 930 1736 αὐτὸς
940 1691 1002 1739 τὴν
1014 1694 1206 1732 Κωνσταν-

158 1746 235 1785 τίαν
254 1747 357 1785 λαΕε·
329 1763 376 1785 ειν
404 1747 468 1794 τὴν
494 1748 645 1802 ἀδελφὴν
667 1752 726 1788 τοῦ
747 1751 1009 1791 Κωνσταντίου.
1040 1749 1207 1796 Ἐδέξατο

157 1808 216 1843 οὖν
235 1808 253 1843 ὁ
276 1805 438 1867 βασιλευς
457 1806 535 1851 τους
550 1807 784 1860 Βετρανίωνος
802 1809 862 1847 καὶ
883 1809 1102 1861 Μαγνεντίου
1121 1810 1205 1863 πρέ·

159 1863 304 1913 uestes
288 1880 323 1902 εν
342 1868 391 1908 οἱς
408 1868 425 1903 ὃ
442 1865 631 1918 Νουνέχιος
647 1865 782 1910 εὖθυς”
763 1883 828 1920 εφη
851 1870 899 1906 τῶ
915 1867 1088 1921 προοιμίῳ
1108 1868 1206 1921 εἰρή-

159 1937 221 1969 νην
242 1925 350 1961 αἰτεῖν
362 1922 421 1961 τὸν
440 1924 670 1975 Μαγνέντιον,
690 1925 750 1963 καὶ
769 1925 939 1970 πολλάκις
958 1929 1020 1973 τῆς
1037 1926 1117 1979 περὶ
1136 1929 1206 1965 τῶν

158 1981 340 2032 παρόντων
361 1982 580 2035 πραγμάτων
602 1982 851 2028 καταστάσεως
877 1983 935 2022 τὸν
962 1983 1207 2024 Κωνστάντιον

158 2040 427 2091 ὑπεμίμνησκε,
461 2041 604 2093 φάσκων
633 2040 682 2090 μὴ
710 2044 839 2095 χρῆναι
867 2042 971 2081 αὐτὸν
1000 2043 1209 2093 ἀπροόπτως

156 2098 217 2136 καὶ
236 2099 439 2150 κεκμηκότα
458 2100 526 2146 ἤδη
544 2102 614 2143 τοῖς
635 2100 801 2149 πολέμοις
821 2100 881 2140 δύο
900 2103 979 2140 κατ’
1000 2102 1105 2140 αὐτὸν
1126 2104 1208 2153 (αὖ-

1038 211 1190 253 PETRI
1217 209 1443 251 PATBICII

1270 300 1330 335 τοῦ
1350 295 1414 348 Β.)
1437 296 1610 348 βασιλεῖς,
1637 299 1888 348 στρατιωτικῆς
1908 312 1943 335 τε
1971 297 2166 349 ἐπιστήμης
2185 301 2313 351 ἐμπεί-

1271 369 1349 427 ρρυς
1365 354 1425 393 καὶ
1443 356 1668 402 ὁμονοοῦντας
1685 354 1848 401 ἀλλήλοις
1864 355 1924 393 καὶ
1940 354 1991 394 ἔτι
2007 357 2188 409 ἀκεραίους
2203 358 2315 407 ὄντας,

1271 413 1318 456 εἰς
1336 411 1489 462 πόλεμον
1508 413 1778 464 προκαλεῖσθαι·
1802 412 1941 462 οίτινες,
1962 415 1992 452 εἰ
2012 414 2061 464 μὴ
2081 415 2162 467 περὶ
2181 415 2317 468 εἰρήνης

1272 470 1483 519 συνδόξαιεν,
1501 472 1592 523 (ὡς)
1609 474 1722 510 ὁποῖοι
1735 472 1795 511 καὶ
1812 471 1954 519 πηλίκοι
1969 473 2061 511 κατὰ
2077 473 2136 512 τὸν
2151 473 2316 527 ἐμφύλιον

1271 528 1468 579 πόλεμον”
1448 543 1585 567 εσονται
1604 529 1927 582 παραταττόμενοι,
1944 530 2012 569 εἴτε
2030 535 2077 575 εἱς
2106 531 2226 582 μόνος,
2244 532 2313 572 εἴτε

1271 586 1402 636 ὁμοῦ”
1378 602 1485 640 αμιρω
1514 587 1783 639 παραγένοιντό,
1806 587 1855 639 μὴ
1886 588 1996 627 θέλειν
2018 589 2123 627 αὐτον
2152 589 2316 644 ἑτέρωθεν

1272 643 1432 693 μαθεῖν’*
1413 661 1436 691 η
1457 645 1496 682 ἐκ
1524 647 1592 682 τῶν
1622 645 1690 693 ἤδη
1717 646 1974 698 πεπραγμένων
1994 647 2129 698 αὐτοῖς,
2159 647 2216 687 ὅτε
2241 651 2318 693 ταῖς

1273 701 1414 740 ἐκείνων
1448 702 1684 755 παρατάξεσιν
1718 705 1814 742 αὐτῶ
1846 719 1884 743 τε
1918 705 1979 744 καὶ
2005 721 2055 758 τῳ
2088 707 2180 757 γένει
2211 707 2316 747 αὐτοῦ

1272 759 1437 812 θρίαμὸοι
1455 765 1709 814 κατωρθοῦντο.
1726 743 1869 811 Ταύτης
1883 765 1944 810 τῆς
1962 764 2184 817 πρεσ6είας’
2165 763 2316 810 ακούσας

1271 820 1289 856 ὁ
1311 818 1506 870 βασιλευς’
1491 836 1526 859 εν
1545 820 1701 873 φροντίσι
1717 815 1898 864 πολλαῖςῗ
1875 838 1930 869 ην.
1953 822 2025 862 Καὶ
2045 825 2092 866 εἰς
2113 822 2218 862 υπνον
2233 838 2315 876 τρα-

1273 892 1352 921 πεις
1368 872 1456 915 εἶδεν
1473 877 1607 931 ὅψιν,”’
1586 894 1638 917 οτι
1657 881 1676 917 ὃ
1694 878 1812 932 πατὴρ
1830 881 1935 919 αὐτοῦ
1954 879 2074 934 ὥσπερ
2091 881 2124 927 ἐξ
2139 880 2243 935 υψους
2258 897 2318 920 κα-

1273 934 1357 974 τιὼν
1377 936 1438 974 καὶ
1455 939 1500 990 τῇ
1518 937 1611 989 χειρὶ
1631 937 1789 990 κατέχων
1810 937 1869 976 τὸν
1891 938 2127 988 Κώνσταντα,
2145 939 2182 978 ὃν
2203 941 2316 979 ἀνεῖλε

1272 995 1506 1047 Μαγνέντιος,
1521 999 1642 1035 τοῦτον
1656 997 1751 1034 αὖτω
1766 996 1972 1050 προσφέρων
1987 1001 2098 1036 ταῦτα
2115 998 2200 1052 πρὸς
2212 998 2316 1038 αὐτὸν

1273 1052 1384 1091 ἐδόκει
1415 1053 1460 1092 τὰ
1489 1053 1631 1106 ῥήματα
1661 1053 1884 1107 φθέγγεσθαι·
1915 1072 1932 1091 α
1969 1056 2211 1106 Κωνστάντιε,
2242 1055 2315 1096 ἰδοὺ

1273 1110 1463 1156 Κώνστανς
1483 1115 1501 1150 ὃ
1524 1113 1662 1151 πολλων
1693 1113 1864 1165 βασιλέων
1886 1112 2075 1164 ἀπόγονος,
2102 1117 2120 1153 ὁ
2141 1114 2223 1165 ε’μος
2246 1115 2318 1160 υἱὸς

1272 1170 1333 1207 καὶ
1353 1170 1411 1214 σὸς
1431 1171 1607 1245 ἀδελρὸς,
1617 1174 1828 1224 τυραννικῶς
1852 1171 2091 1222 ἀπολλύμενος
2109 1171 2317 1225 (ἀπολόμε-

1271 1244 1325 1273 νος
1345 1230 1389 1269 B.
1401 1229 1429 1279 ).
1449 1228 1550 1276 Μήτε
1567 1223 1626 1267 ουν
1642 1228 1705 1276 τὴν
1721 1228 1901 1281 βασιλείαν
1917 1229 2207 1282 διακοπτομένην,
2227 1230 2315 1282 μήτε

1270 1287 1334 1334 τὴν
1353 1286 1531 1326 πολιτείαν
1553 1288 1838 1342 ἀνατρεπομένην
1860 1288 2036 1341 περιίδῃς,
2057 1289 2148 1340 μήτε
2163 1289 2316 1337 εὖλαὸη-

1273 1349 1333 1398 θῇς
1353 1347 1522 1393 ἀπειλὰς,
1553 1346 1646 1384 ἀλλὰ
1673 1345 1738 1394 τὴν
1766 1348 1918 1385 ἐντεῦθεν
1946 1346 2112 1398 ἐσομένην
2140 1362 2194 1386 σοι
2216 1346 2316 1392 δόξαν

1270 1405 1387 1451 πάσης
1401 1404 1577 1448 ε’κὸάσεως
1599 1403 1833 1458 προτίμησον,
1851 1404 1911 1444 καὶ
1931 1404 1980 1455 μὴ
1997 1405 2072 1458 ἴδῃς
2092 1405 2315 1452 ἀνεκδίκητον

1271 1462 1435 1516 ἀδελφόν.
1461 1480 1476 1497 »
1502 1463 1606 1502 Μετὰ
1621 1463 1751 1510 ταύτην
1764 1462 1826 1509 τὴν
1845 1463 1922 1516 ὄψιν
1939 1462 2161 1516 ἀφυπνισθεὶς
2181 1465 2200 1502 ὃ
2216 1466 2318 1503 Κων-

1269 1521 1448 1569 στάντιος,
1468 1523 1538 1559 τῶν
1556 1521 1736 1574 πρέσὸεων
1763 1521 1855 1568 πλὴν
1872 1521 2056 1574 Ῥουςρίνου
2081 1523 2220 1575 φυλακῇ
2241 1537 2319 1576 πα·-

1271 1579 1546 1632 ραδοθέντων....
1566 1582 1650 1619 Vid.
1666 1582 1884 1620 Tillemont.
1906 1582 1970 1628 IV,
1983 1594 2022 1631 p.
2045 1581 2135 1618 366.

1434 1708 1494 1744 17.
1524 1696 1755 1748 (Constantii
1771 1709 1834 1734 an.
1851 1709 1900 1734 22
1915 1710 1926 1744 ;
1944 1677 2019 1735 3'58
2035 1710 2075 1748 p.
2092 1697 2132 1737 C.

1323 1813 1422 1851 Ibid.
1439 1826 1480 1864 p.
1499 1813 1576 1851 28:
1592 1811 1714 1853 ‘'Ort’
1699 1829 1755 1851 επι
1774 1812 2021 1852 Κωνσταντίου
2039 1811 2202 1866 πρέσὸεις
2212 1806 2316 1860 ηλθον

1270 1870 1432 1923 Περσῶν.
1450 1871 1495 1911 Ὁ
1510 1871 1545 1909 δὲ
1561 1887 1623 1918 της
1637 1870 1825 1923 πρεσὸείας
1838 1871 1979 1923 ἡγεμὼν
1990 1873 2135 1945 Ναρσης
2147 1871 2186 1910 τὸ
2201 1887 2315 1924 τραχυ

1271 1931 1340 1967 τῶν
1361 1930 1580 1981 γραμμάτων
1600 1934 1648 1968 ὧν
1667 1929 1854 1983 ἐπεφέρετο
1879 1933 1924 1982 τῇ
1943 1931 2012 1968 τῶν
2032 1929 2167 1968 οἰκείων
2186 1930 2316 1982 ἡμερό-

1269 2003 1350 2035 τητι
1369 1988 1507 2040 τρόπων
1525 1988 1742 2041 συγκεράσας
1754 2018 1766 2039 ,
1787 1987 1894 2026 ἔδωκε
1915 2003 2000 2041 προς
2020 1987 2232 2038 ἀνάγνωσιν

1322 2048 1381 2083 De
1402 2047 1460 2083 his
1479 2047 1559 2084 fuse
1589 2048 1747 2097 exponit
1773 2047 2154 2087 Ammian.Ma1·cell.
2183 2048 2317 2109 XVII,

1272 2103 1308 2144 5.
1331 2108 1377 2143 V.
1400 2107 1616 2145 Tillemont.
1634 2109 1698 2153 IV,
1714 2119 1753 2156 p.
1773 2111 1863 2156 429.

158 2211 263 2245 lorum
282 2212 424 2245 civilium
446 2221 575 2245 causam
593 2214 660 2246 sore
678 2217 712 2246 et
732 2214 909 2247 auctorem.
927 2216 968 2248 At
987 2215 1162 2257 imperator
1178 2217 1211 2249 et

156 2265 252 2297 vultu
268 2267 302 2298 et
321 2266 413 2298 motu
427 2266 570 2306 corporis
581 2266 792 2299 acerbitatem
811 2267 867 2299 irae
880 2276 947 2300 suae
967 2267 1210 2308 demonstrans,

157 2318 191 2349 et
206 2326 291 2358 aegre
303 2326 412 2350 vocem
433 2319 584 2351 emittens
597 2319 679 2351 dixit
695 2328 703 2350 ε
721 2331 738 2347 «
755 2321 827 2352 Non
842 2319 887 2352 ita
901 2328 961 2352 nos
979 2320 1019 2352 ad
1033 2320 1096 2352 hoc
1108 2329 1211 2362 usque

155 2371 285 2411 tempus
303 2372 474 2412 gessimus,
502 2380 608 2413 neque
623 2372 697 2405 ideo
718 2372 760 2405 ab
773 2374 904 2406 Oceano
920 2373 985 2406 huc
1003 2373 1124 2406 bellum
1151 2382 1208 2414 ge·

159 2423 266 2455 rentes
292 2424 326 2455 et
358 2424 524 2456 vincentes
555 2425 762 2465 pervenimus
773 2449 783 2465 ,
813 2426 852 2457 ut
879 2434 1033 2466 generum
1061 2427 1209 2458 nostrum

156 2475 288 2516 propter
304 2474 426 2507 nefaria
441 2475 560 2515 flagitia
582 2484 602 2507 a
617 2476 768 2509 societate
784 2476 873 2517 regni
888 2477 1099 2509 excludamus
1113 2478 1146 2510 et
1167 2478 1211 2510 as·

157 2526 313 2560 finitatem
326 2527 394 2568 ejus
407 2527 637 2568 dissolvamus,
648 2529 681 2561 et
694 2528 757 2561 vile
771 2529 969 2570 mancipium
986 2529 998 2570 (
1012 2530 1209 2571 Valentem)

157 2588 234 2613 cum
253 2580 323 2622 ipso
345 2580 378 2612 in
402 2580 575 2623 imperium
589 2581 846 2614 introducamus.
869 2595 885 2611 »
909 2582 1011 2614 Jussit
1027 2582 1123 2622 igitur
1141 2584 1210 2615 Me-

156 2632 315 2665 strianum
325 2655 334 2671 ,
350 2632 412 2664 hac
428 2632 594 2673 legationis
608 2633 700 2673 parte
711 2633 846 2673 omissa,
859 2633 978 2674 siquid
993 2633 1081 2665 aliud
1093 2634 1209 2675 vellet,

161 2692 322 2725 promere.
334 2684 375 2716 Et
388 2683 494 2716 visum
506 2684 555 2717 est
571 2684 740 2716 Valentem
756 2683 798 2716 ab
811 2684 946 2726 imperio
964 2683 1113 2725 dejicere.

201 2793 403 2835 Magnentius
435 2794 469 2827 et
489 2793 644 2827 vetranio
667 2793 805 2826 mittunt
831 2793 953 2835 legatos
985 2793 1026 2826 ad
1054 2794 1209 2827 Constan-

160 2844 252 2877 uum.
272 2847 446 2878 Mittuntur
468 2846 576 2878 autem
589 2845 727 2878 Rufinus
738 2848 771 2878 et
781 2846 1001 2886 Marcellinus,
1028 2845 1080 2878 hic
1095 2847 1209 2887 praese·

157 2897 230 2929 ctus
243 2897 393 2937 praetorio
405 2921 414 2937 ,
431 2896 485 2929 ille
509 2897 642 2929 alterius
666 2896 802 2938 agminis
817 2897 948 2937 ductor,
967 2898 1000 2930 et
1024 2897 1210 2930 Nunechius

157 2949 286 2980 senatus
304 2948 468 2989 princeps,
489 2949 522 2980 et
540 2948 701 2981 Maximus
720 2957 795 2981 cum
812 2948 908 2990 ipsis,
923 2949 980 2990 qui
1003 2948 1211 2981 adhortaren-

157 3001 211 3032 tur
224 3000 451 3033 constantium
479 3002 515 3032 ut
536 3000 579 3033 ab
605 3002 703 3034 armis
722 3001 916 3042 abstineret,
944 3002 978 3034 et
996 3002 1135 3043 primum
1149 3002 1209 3034 lio-

158 3052 245 3085 noris
257 3051 392 3093 gradum
404 3053 438 3085 in
452 3052 585 3094 imperio
597 3053 777 3095 obtineret3
796 3054 1000 3095 Magnentius
1021 3054 1210 3088 Constantio

158 3106 257 3137 liliam
274 3105 504 3146 desponderet,
518 3107 632 3147 etipse
644 3115 780 3139 uxorem
796 3107 958 3148 acciperet
973 3107 1207 3148 constantiam,

158 3156 339 3189 constantii
356 3165 512 3190 sororem.
528 3159 642 3198 ltaque
667 3158 841 3199 imperator
857 3159 1065 3192 Constantius
1080 3158 1210 3192 admisit

158 3208 362 3242 Vetranionis
391 3209 424 3240 et
449 3209 621 3250 Magnentii
647 3209 784 3250 legatos,
809 3219 951 3251 quorum
977 3219 1079 3250 unus,
1097 3212 1208 3243 Nune-

159 3260 251 3293 chius
261 3284 271 3300 ‚
289 3260 378 3292 initio
388 3261 497 3292 statim
511 3261 726 3302 Magnentium
739 3270 848 3302 pacem
861 3262 970 3303 petere
983 3262 1135 3303 praefatus
1147 3262 1208 3302 est,

160 3313 193 3344 et
202 3312 425 3344 constantium
435 3335 444 3351 ,
463 3312 575 3353 quoin
588 3313 674 3344 statu
692 3321 743 3345 res
755 3314 788 3345 in
811 3314 981 3354 praesentia
995 3315 1100 3347 essent
1111 3338 1121 3355 ,
1134 3322 1207 3346 mo·

143 3363 232 3396 'nuit
246 3363 372 3403 dicens,
396 3371 462 3395 non
474 3364 621 3404 oportere
635 3364 740 3405 ipsum
755 3364 1007 3405 inconsiderate,
1028 3365 1206 3406 praesertim

163 3422 264 3455 quum
278 3414 448 3455 bellisjam
467 3416 634 3449 consectus
655 3417 754 3457 esset,
776 3416 858 3450 duos
884 3417 996 3450 contra
1014 3426 1048 3450 se
1070 3417 1206 3458 impera·

1270 2218 1358 2250 tores
1368 2241 1378 2257 ,
1391 2218 1438 2251 rei
1457 2218 1604 2251 militaris
1625 2218 1745 2259 peritos
1763 2219 1796 2252 et
1809 2218 1892 2250 inter
1903 2227 1938 2250 se
1953 2217 2126 2250 concordes
2141 2219 2174 2250 et
2189 2217 2319 2259 integris

1269 2269 1412 2310 viribus,
1429 2269 1471 2302 ad
1487 2269 1609 2302 bellum
1625 2279 1810 2311 provocare.
1828 2270 1910 2311 Qui,
1930 2269 1991 2302 nisi
2013 2278 2102 2302 nunc
2121 2269 2162 2302 de
2179 2277 2257 2310 pace
2270 2269 2318 2301 in·

1270 2321 1321 2354 ter
1335 2329 1390 2354 eos
1406 2322 1612 2362 conveniret,
1635 2322 1747 2363 quales
1763 2321 1941 2363 quantique
1956 2321 1989 2354 in
2007 2321 2093 2353 bello
2109 2320 2198 2352 civili
2217 2320 2317 2353 futuri

1270 2373 1392 2413 essent,
1409 2372 1478 2405 sive
1499 2381 1585 2405 unus
1599 2373 1706 2413 solus,
1733 2372 1801 2405 sive
1815 2376 1951 2413 uterque
1967 2371 2081 2411 simul,
2102 2379 2167 2404 non
2190 2371 2319 2404 aliunde

1270 2424 1328 2464 ipsi
1352 2424 1540 2456 discendum
1558 2433 1644 2464 esse,
1671 2433 1770 2466 quam
1794 2433 1836 2457 ex
1862 2423 1993 2464 egregiis
2015 2423 2226 2464 facinoribus,
2243 2431 2319 2465 quae

1270 2475 1346 2507 ante
1361 2475 1551 2516 edidissent,
1579 2476 1710 2517 quando
1729 2475 1788 2517 ipsi
1803 2476 1836 2508 et
1850 2474 1958 2516 generi
1976 2474 2046 2516 eius
2058 2483 2207 2516 prospere
2219 2475 2316 2508 rebus

1270 2527 1367 2568 gestis
1390 2527 1574 2568 triumphos
1597 2527 1802 2568 peperissent.
1815 2528 1924 2565 Quum
1948 2525 2033 2559 hanc
2051 2525 2241 2567 legationem
2263 2534 2318 2559 au·

1270 2578 1367 2611 disset
1379 2578 1565 2620 imperator,
1579 2587 1728 2620 magnam
1737 2579 1783 2611 illi
1795 2587 1833 2611 ea
1843 2587 1894 2611 res
1905 2586 2016 2611 curam
2026 2579 2059 2611 et
2072 2577 2318 2612 sollicitudinem

1270 2631 1388 2663 attulit.
1401 2633 1512 2672 ltaque
1518 2630 1559 2664 ad
1569 2640 1718 2664 somnum
1726 2639 1900 2664 conversus
1908 2654 1918 2670 ‚
1931 2629 2012 2663 vidit
2021 2630 2052 2663 in
2063 2628 2183 2664 somnis
2194 2630 2318 2671 patrem

1270 2685 1424 2725 tanquam
1437 2692 1477 2716 ex
1490 2685 1556 2717 alto
1571 2684 1828 2718 descendentem.
1848 2686 1885 2716 ln
1900 2682 2144 2716 manutenebat
2158 2682 2317 2716 constan-

1270 2738 1336 2770 tem
1350 2745 1370 2769 a
1383 2737 1566 2778 Magnentio
1578 2738 1781 2778 peremptum
1793 2761 1802 2778 ,
1821 2744 1917 2778 quem
1943 2735 2131 2770 constantio
2147 2734 2317 2768 ostendens

1271 2789 1340 2820 haec
1358 2788 1403 2821 illi
1415 2788 1521 2822 dicere
1533 2789 1622 2821 visus
1634 2790 1683 2821 est
1698 2801 1706 2820 :
1723 2801 1739 2816 «
1752 2788 1917 2821 Constanti
1926 2812 1936 2828 ,
1950 2795 2024 2820 ecce
2037 2786 2213 2827 Constans,
2229 2785 2316 2819 mul-

1270 2841 1379 2872 torum
1393 2848 1504 2881 regum
1515 2840 1680 2881 progenies
1688 2864 1698 2880 ,
1712 2848 1804 2872 meus
1815 2839 1899 2872 filius
1907 2864 1917 2880 ,
1933 2839 2031 2872 frater
2042 2839 2120 2872 tuus
2132 2837 2251 2870 nefarie
2259 2847 2318 2871 ne-

1270 2893 1381 2932 catus3
1396 2899 1502 2932 neque
1515 2891 1686 2932 imperium
1702 2891 1930 2923 labefactatum
1940 2915 1949 2930 ‚
1964 2891 2070 2931 neque
2083 2889 2316 2930 rempublicam

1270 2951 1415 2976 eversam
1425 2943 1564 2983 negligas
1573 2967 1583 2982 ,
1597 2951 1701 2983 neque
1714 2942 1820 2983 siquis
1833 2940 1891 2974 tibi
1903 2941 2055 2980 minetur,
2066 2942 2189 2974 terrore
2198 2940 2316 2973 afficia-

1270 2996 1330 3034 ris,
1345 2994 1400 3031 sed
1413 2994 1563 3036 gloriam,
1580 3002 1655 3035 quae
1670 2993 1743 3026 inde
1753 2995 1787 3026 te
1805 2994 1933 3034 manet,
1947 2992 2140 3034 cuicumque
2155 3001 2315 3033 oppugna·

1269 3047 1347 3080 tioni
1361 3054 1545 3087 praeponas,
1562 3045 1816 3086 nequeinultum
1839 3044 1971 3076 fratrem
1982 3045 2079 3076 tuum
2103 3043 2276 3084 relinquas.
2296 3056 2313 3072 »

1268 3102 1339 3133 Hoc
1354 3099 1481 3131 ostento
1494 3098 1582 3138 viso,
1604 3098 1654 3131 est
1669 3097 1910 3139 expergefactus
1923 3097 1957 3130 et
1975 3090 2099 3138 'legatos
2114 3097 2230 3138 praeter
2247 3097 2315 3129 Ru-

1269 3151 1419 3184 nnumin
1437 3149 1567 3182 vincula
1585 3149 1732 3190 conjecit.

1758 3204 1816 3237 17.

1309 3258 1375 3293 Sub
1401 3257 1587 3292 Constantio
1599 3257 1695 3298 legati
1717 3265 1737 3289 a
1755 3256 1860 3290 Persis
1879 3265 2016 3298 venere,
2035 3255 2129 3297 eujus
2147 3257 2314 3298 legationis

1267 3310 1413 3351 princeps
1441 3311 1556 3342 Narses
1583 3310 1788 3350 asperitatem
1820 3308 1985 3341 literarum
1995 3332 2005 3348 ,
2034 3317 2116 3350 quas
2140 3308 2312 3349 asserebat,

1266 3364 1397 3397 lenitate
1412 3371 1540 3396 morum
1562 3371 1693 3395 suorum
1712 3361 1921 3403 temperavit,
1947 3370 2064 3404 easque
2087 3360 2235 3403 legendas
2248 3362 2312 3394 tra-

1264 3417 1355 3450 didit.
