2326 3724
114 240 190 273 236

163 321 248 362 ’Ότι
269 321 503 376 φιλοτάραχον
528 324 651 376 χρῆμα
671 324 689 360 6
715 323 839 374 δῆμος,
859 323 920 362 καὶ
943 324 1043 377 φύσις
1063 326 1158 379 αὐτῷ

110 383 131 428 ἡ
150 380 350 432 προπέτεια.

162 437 248 478 ’Ότι
267 439 422 492 χαλεπὸν
441 440 677 491 ἀμελούμενον
698 440 736 479 τὸ
756 443 879 494 χρῆμα
904 442 1160 493 (ἀμελούμενος

110 502 333 552 παραχρῆμα
362 500 465 549 conj.
493 501 637 552 Bekk.)
660 499 720 538 καὶ
749 500 1074 552 δυσκαταγώνιστον
1096 503 1160 551 ἐμ·

110 557 229 610 φύλιος
247 557 411 608 πόλεμος.

164 615 250 656 εὈτι
266 616 423 669 ἀνδρείας
438 616 597 662 ἐπίδειξις
608 617 849 670 προερχομένη
865 617 956 656 κατὰ
972 620 1039 656 τῶν
1060 618 1160 672 φύσει

112 675 292 726 δυσμενῶν
311 675 371 713 καὶ
389 677 427 714 οὐ
448 674 540 714 κατὰ
557 678 623 714 τῶν
645 675 854 726 ὁμοδιαίτων
877 676 1090 730 ἐνδοξότερον
1109 677 1159 716 τί·

111 737 190 781 θησι
209 734 266 772 τὸν
285 733 576 785 ἐπιδεικνύμενον.

162 790 247 830 εὈτι
265 795 295 831 οἱ
310 793 433 832 Γότθοι
455 795 636 838 παντελῶς
653 793 719 831 ὑπὸ
736 792 926 844 Ῥωμαίων
938 794 1157 842 ἡττήθησαν.

112 850 183 889 Καὶ
203 851 270 901 ἐγώ
295 867 334 903 γε
364 851 410 890 τὰ
439 852 554 890 τοιάδε
583 853 720 903 ἄγαμαι
746 853 927 903 οὐδαμῶς·
948 853 1064 907 χρόνῳ
1094 853 1160 906 γὰρ

111 913 401 962 συμμορφοῦσθαι
417 910 549 963 πέφυκε
564 910 607 948 τὰ
625 910 839 963 ἀνθρώπεια,
856 911 966 965 εὕροις
980 928 1017 950 τε
1035 912 1159 964 σχεδὸν

111 966 254 1007 ἅπασαν
274 968 337 1020 (ἂν
358 975 476 1008 πᾶσαν
496 971 614 1007 Bekk.
629 971 640 1021 )
657 970 812 1023 ἱστορίαν
833 973 901 1008 τῶν
921 972 1062 1009 τοιῶνδε
1089 987 1160 1023 χα-

109 1029 227 1067 λεπῶν
249 1027 448 1079 ἀνάπλεων,
468 1028 551 1079 γένη
573 1044 609 1066 τε
628 1028 777 1079 μέγιστα
797 1029 857 1067 καὶ
878 1029 994 1073 πόλεις
1011 1034 1070 1068 νῦν
1098 1028 1160 1080 μὲν

111 1087 144 1130 ἐς
165 1086 255 1136 ἄγαν
288 1087 557 1140 εὗημερήσαντα
571 1116 580 1134 ,
602 1090 660 1124 ν’ὔν
682 1087 716 1124 δὲ
747 1088 780 1131 ἐς
797 1087 836 1125 τὸ
857 1088 905 1139 μὴ
937 1082 1024 1126 εἶναι
1054 1103 1160 1126 κατο-

109 1143 324 1191 λισθήσαντα
341 1146 532 1188 παντελῶς.
554 1145 680 1182 Ταῦτα
699 1144 762 1195 μὲν
782 1141 840 1184 οὖν
858 1145 918 1184 καὶ
935 1147 1050 1185 τοιάδε
1066 1151 1087 1194 ἡ
1103 1163 1161 1185 πε-

111 1202 235 1256 ριφορὰ
253 1218 333 1255 νεοχ
336 1206 450 1254 μοῦσα
472 1207 532 1242 τοῦ
552 1202 676 1255 χρόνου
695 1203 755 1241 καὶ
779 1203 846 1256 πρὸ
863 1208 924 1243 τοῦ
942 1204 1164 1256 ἐπεδείξατο,

109 1261 168 1300 καὶ
189 1260 259 1312 μὴν
277 1262 481 1307 ἐπιδείξεται
501 1256 618 1313 αὖθις,
639 1261 699 1300 καὶ
715 1263 981 1315 ἐπιδεικνυμένη
1011 1266 1048 1303 οὔ
1069 1264 1159 1303 παύ·

109 1335 232 1371 σεται,
253 1320 324 1359 ἔστ’
346 1321 386 1360 ἂν
406 1321 582 1375 ἄνθρωποί
602 1337 639 1359 τε
659 1315 725 1360 ὦσι
745 1322 804 1360 καὶ
827 1322 954 1375 μάχαι.

161 1377 247 1418 “Ort
267 1379 374 1433 μέχρι
401 1381 564 1420 τοσούτου
594 1379 667 1418 δέον
697 1387 828 1428 πονεῖν,
847 1381 931 1435 ἄχρι
953 1385 1014 1429 τῆς
1033 1384 1072 1420 ἐκ
1091 1384 1158 1420 τῶν

109 1437 224 1477 πόνων
243 1440 429 1492 ὠφελίας’
416 1456 450 1479 εν
475 1438 668 1479 ἀπολαύσει
688 1441 902 1479 καθεστάναι
920 1441 1060 1480 δύναιτό
1087 1457 1158 1485 τις·

109 1499 126 1534 6
145 1496 211 1550 γὰρ
228 1496 277 1546 μὴ
295 1497 385 1537 οὕτω
404 1498 582 1551 βιοτεύων,
603 1500 631 1536 εἰ
647 1498 705 1537 καὶ
721 1498 862 1538 πλέον’
843 1515 926 1552 εσχε
943 1503 1013 1538 τῶν
1028 1500 1156 1548 ἄλλων,

108 1551 250 1603 ἥττον’
232 1573 305 1609 εχει
324 1574 392 1596 των
414 1559 567 1606 ἅγαθων.

162 1615 249 1655 “’()τι
277 1619 294 1654 6
324 1615 380 1661 ξὺν
401 1620 444 1670 τῇ
476 1617 620 1668 δυνάμει
653 1619 721 1655 τῶν
750 1616 859 1661 πέλας
890 1617 1035 1665 νικήσας
1063 1617 1158 1657 οὐδὲν

109 1677 212 1719 ἧττον
231 1672 351 1728 ὥσπερ
373 1677 570 1723 νενικηκόσι
591 1682 661 1720 τοῖς
679 1676 888 1726 ἡσσημένοις
906 1677 1160 1730 παραχωρήσει

110 1737 346 1787 μεγαλαυχεῖν
365 1737 414 1788 τῶ
441 1751 527 1788 προς
556 1735 673 1783 διττὴν
705 1734 827 1779 αὐτοὺς
849 1736 1076 1786 ἀγωνίζεσθαι
1096 1736 1159 1775 δύ-

109 1808 227 1840 ναμιν.

162 1849 249 1891 (Ότι
269 1851 435 1891 κινδύνων
457 1853 553 1897 ἐλπὶς
571 1852 652 1891 ἄνευ
669 1851 834 1892 κινδύνων
851 1852 966 1900 τίθησι
985 1852 1042 1891 τὸν
1062 1852 1157 1891 ἐλπί-

110 1912 213 1955 ζοντα
233 1913 285 1964 τῷ
303 1911 587 1965 προησφαλίσθαι
610 1914 679 1951 τῶν
701 1913 877 1964 δυσχερῶν
893 1915 936 1965 τῇ
956 1911 1096 1958 δοκήσει
1115 1911 1159 1950 τὰ

108 1969 317 2021 πράγματα.
341 1972 517 2015 Πολλάκις
531 1971 598 2024 γὰρ
616 1970 676 2009 καὶ
698 1971 738 2009 τό
757 1970 789 2022 γ’
811 1970 935 2018 ἀληθὲς
955 1972 990 2009 ἐν
1017 1971 1159 2024 ὑπονοίᾳ

107 2028 291 2079 γενόμενον
312 2029 476 2080 ἀσφαλές.

161 2085 248 2127 εὈτι
262 2087 322 2126 καὶ
338 2082 433 2131 αὖθις
450 2090 468 2126 6
483 2090 552 2127 τῶν
569 2087 724 2141 Ἀδάρων
741 2087 932 2140 ἡγούμενος
947 2094 1023 2132 ταῖς
1037 2087 1158 2142 πρώην

108 2146 286 2200 ἐχρήσατο
306 2149 480 2192 ἀπειλαῖς.
502 2147 574 2187 Καὶ
592 2146 712 2195 ἐπειδὴ
728 2148 917 2198 κομπάζων
933 2148 992 2186 καὶ
1008 2149 1159 2200 μεγαλο-

150 2262 291 2302 Populus
303 2261 524 2294 tumultuandi
533 2270 644 2294 amans
654 2262 702 2294 est
715 2263 746 2294 et
762 2263 877 2294 natura
887 2271 945 2294 sua
958 2262 1158 2294 temerarius.

152 2314 279 2346 lncuria
297 2313 429 2346 difficile
440 2316 471 2346 et
484 2316 540 2346 vix
562 2313 741 2355 superabile
754 2313 875 2346 bellum
895 2313 1000 2347 civile.

150 2367 195 2397 Ea
220 2365 351 2397 demum
365 2365 518 2397 fortitudo
535 2366 610 2397 facit
626 2365 788 2397 hominem
812 2365 986 2406 inclytum,
1013 2374 1088 2406 quae
1100 2365 1159 2397 ad·

109 2427 220 2450 versus
236 2419 398 2451 naturales
420 2419 547 2458 hostes,
571 2427 635 2450 non
653 2427 725 2459 quae
741 2419 854 2449 contra
879 2418 965 2450 cives
989 2418 1158 2450 exseritur.

152 2470 249 2503 Gothi
273 2479 292 2501 a
307 2471 461 2503 Romanis
482 2470 610 2511 penitus
623 2468 736 2501 domiti
756 2470 898 2501 fuerunt.
927 2473 1038 2510 Neque
1054 2479 1112 2510 ego
1127 2470 1160 2502 id

110 2523 209 2554 miror
226 2535 233 2554 ε
251 2532 325 2555 nam
335 2532 429 2564 aeque
438 2548 446 2564 ‚
459 2525 497 2555 ut
506 2525 633 2564 tempus
643 2547 652 2562 ,
667 2532 716 2555 res
728 2523 877 2554 humanae
889 2523 1059 2555 mutabiles
1072 2525 1157 2556 sunt.

110 2575 268 2606 cunctam
284 2584 360 2607 vero
378 2575 610 2616 propemodum
627 2575 792 2607 historiam
810 2575 955 2615 gravium
975 2574 1160 2615 hujusmodi

111 2634 242 2657 casuum
256 2626 383 2666 plenam
397 2627 537 2660 invenies
546 2652 554 2668 ,
569 2627 601 2659 et
615 2626 745 2668 quidem
760 2627 914 2658 maximas
926 2629 1036 2668 gentes
1049 2627 1159 2659 urbes-

110 2686 174 2718 que
188 2679 283 2720 modo
299 2680 513 2721 felicissimas,
530 2680 626 2712 modo
643 2680 681 2712 ad
700 2680 835 2712 nihilum
851 2680 1007 2714 redactas,
1035 2683 1112 2713 Haec
1128 2682 1160 2712 et

111 2731 226 2763 similia
235 2756 244 2772 ‚
257 2732 389 2774 inquam
402 2758 411 2773 ‚
425 2734 580 2774 temporis
593 2734 800 2766 circumactio
813 2743 852 2766 ac
866 2735 1020 2775 perpetua
1035 2735 1161 2766 novitas

110 2784 181 2815 tum
197 2785 272 2816 ante
286 2793 344 2816 nos
357 2785 605 2824 demonstravit,
618 2787 688 2818 turn
705 2787 737 2818 et
752 2786 901 2827 deinceps
912 2810 921 2826 ‚
936 2786 1037 2818 donec
1053 2786 1159 2817 homi-

111 2843 191 2866 num
204 2843 303 2875 genus
321 2837 382 2867 erit
398 2838 429 2868 et
445 2837 585 2869 bellandi
602 2846 678 2870 usus
690 2862 699 2878 ,
722 2837 895 2878 spectanda
919 2837 1095 2869 exhibebit.

153 2888 295 2920 Eatenus
308 2887 519 2920 laborandum
533 2890 599 2929 est,
612 2890 772 2929 quatenus
782 2890 929 2921 laborum
946 2890 1083 2921 utilitate
1099 2890 1160 2921 frui

111 2940 184 2980 quis
199 2940 302 2980 potest
317 2952 325 2971 z
342 2940 402 2972 nisi
415 2941 499 2972 enim
516 2942 559 2973 ita
569 2942 661 2980 vivit,
675 2943 701 2974 is
713 2943 836 2975 etiamsi
847 2944 970 2974 ceteros
991 2951 1160 2984 superave-

111 2993 171 3032 rit,
183 2991 330 3024 ubertate
342 2994 450 3024 tamen
467 3002 617 3024 verorum
632 2994 788 3025 bonorum
803 2994 932 3026 inferior
945 2995 1004 3026 est.

153 3043 216 3081 Qui
226 3043 436 3075 finitimorum
448 3045 569 3076 viribus
585 3045 715 3085 adjutus
729 3046 817 3085 vicit,
828 3046 854 3077 is
867 3047 1064 3078 occasionem
1079 3055 1157 3086 prae·

111 3095 200 3128 bebit
224 3095 334 3135 victis,
355 3104 393 3127 ac
419 3095 446 3127 si
471 3098 576 3128 essent
598 3097 752 3138 victores,
778 3098 952 3138 gloriandi,
985 3098 1075 3139 quasi
1102 3098 1160 3139 ipsi

112 3148 226 3180 contra
242 3146 326 3179 vires
344 3146 443 3188 duplo
460 3147 526 3179 suis
543 3148 680 3188 maiores
690 3148 912 3189 pugnaverint.

152 3199 375 3232 periculorum
389 3200 586 3240 exspectatio
611 3202 702 3232 extra
728 3201 908 3241 periculum
923 3201 1160 3242 exspectantem

111 3251 249 3284 collocat
260 3261 270 3291 ς
281 3251 449 3292 propterea
462 3251 549 3291 quod
562 3251 742 3292 suspicione
755 3253 914 3284 malorum
926 3252 1020 3285 rebus
1033 3253 1097 3285 suis
1109 3262 1160 3285 ca·

110 3304 166 3336 vet
183 3316 192 3336 :
218 3312 303 3344 saepe
323 3303 408 3335 enim
431 3302 465 3335 id
488 3303 603 3343 etiam,
627 3304 714 3344 quod
739 3313 849 3345 reapse
869 3305 1047 3346 impendet,
1066 3306 1092 3338 si
1110 3315 1162 3338 su-

110 3355 250 3394 spicione
262 3355 516 3396 praeoccupetur,
530 3356 602 3388 tuto
616 3365 779 3388 cavemus.

153 3412 292 3440 Avarum
318 3407 385 3440 dux
401 3408 570 3449 praedictas
592 3408 699 3440 denuo
715 3408 819 3441 minas
834 3409 1004 3442 intentavit
1027 3419 1034 3440 ε
1057 3418 1160 3450 neque

111 3461 219 3492 tamen
229 3459 383 3500 jactantia
396 3460 591 3501 tumidisque
600 3460 704 3493 verbis
714 3463 874 3494 Romanos
882 3461 1029 3494 territare
1042 3463 1155 3502 potuit.

868 236 1142 277 MENANDRI
1172 236 1518 278 PROTECTORlS

1222 325 1342 378 ρήμων
1363 325 1486 364 (Ξσότιε
1474 323 1641 385 υπάρᾉων
1659 317 1771 363 οἷόστε
1786 324 1848 362 οὐκ
1862 322 1997 374 ἐγένετο
2011 323 2269 374 ἐκδειματωσαι

1220 383 1298 428 τοὺς
1314 383 1532 433 Ῥωμαίους·
1550 387 1643 422 οὗτοι
1663 382 1729 435 γὰρ
1747 381 1788 430 δὴ
1803 381 1886 435 πρὸς
1905 385 1953 425 οῖς
1971 383 2034 420 οὐκ
2050 381 2200 434 ὀρρωδία
2217 396 2268 425 τις

1223 444 1337 486 αὐτοῖς
1357 443 1542 496 ἐνέσκηψε,
1560 441 1651 480 ἀλλὰ
1671 441 1737 494 γὰρ
1760 457 1819 480 και
1849 441 2104 493 ἄπεφλαύριζον
2125 439 2186 479 καὶ
2204 455 2267 479 πε·

1223 501 1416 554 ριεφρόνουν
1433 501 1491 539 τὸν
1513 501 1701 554 βάρὸαρον,
1719 502 1756 538 οὐ
1782 500 1850 551 μὴν
1881 498 1972 538 ἀλλὰ
1999 498 2060 538 καὶ
2079 499 2268 550 κομπωδε-

1223 559 1360 611 στέραις
1379 562 1535 613 ἐχρῶντο
1556 564 1630 604 ταῖς
1651 559 1872 612 ἀντιλογίαις.

1274 617 1358 656 “On
1381 618 1576 669 μεμίσηται
1605 619 1781 671 τυραννὶς,
1802 618 1860 657 καὶ
1890 617 2078 661 ἀντίπαλος
2105 615 2159 664 εἴη
2186 616 2270 669 [αἰεὶ

1222 678 1359 730 Βε1ι1ι.]
1380 681 1397 717 6
1416 677 1699 731 τυραννούμενος.

1718 750 1780 788 31.

1276 820 1409 857 Suidas
1434 833 1443 857 ε
1467 818 1726 866 Ἐπιδουπῆ
1739 834 1835 866 σαι,
1864 819 2169 865 ἐπικτυπῆσαι....
2183 817 2270 857 ’Μέ-

1222 877 1381 930 νανδρος·
1398 894 1413 911 α
1427 878 1472 916 Οι
1491 876 1526 915 δὲ
1542 874 1687 929 Ἄδαροι
1704 876 1795 915 κατὰ
1807 876 1869 923 τὴν
1885 879 1945 914 τοῦ
1959 875 2113 926 πολέμου
2135 875 2270 923 κίνησυ

1223 935 1406 974 ἐδούλοντο
1431 939 1517 988 ἦχον
1539 937 1668 989 ἐγεῖραι
1689 935 1843 987 ξυμμιγῆ
1862 950 1900 974 τε
1919 934 2026 973 nal*
2004 950 2136 987 αγριον,
2164 933 2215 973 ἔτι
2233 934 2270 973 δὲ

1226 988 1308 1046 (οὖν)
1327 992 1384 1038 ξυν
1401 996 1450 1031 τῶ
1471 993 1698 1045 ἀλαλάγματι
1718 994 1954 1040 ἐπιδουπήσαι
1973 998 2042 1036 τοῖς
2057 992 2270 1043 τυμπάνοις,

1223 1069 1315 1096 οπως
1337 1052 1379 1091 ἂν
1400 1055 1434 1097 ἐς
1452 1057 1614 1092 τοσοῦτον
1635 1054 1750 1096 αὐτοις
1768 1055 1785 1090 6
1802 1050 1930 1094 κτύπος
1950 1051 2105 1104 ἐξαρθείη
2117 1082 2128 1099 ,
2146 1053 2192 1096 ὡς
2205 1068 2270 1091 κα-

1222 1110 1399 1158 ταπλῆξαί
1415 1127 1452 1149 τε
1469 1111 1529 1149 καὶ
1546 1111 1744 1156 δεδίξασθαι
1763 1109 1802 1149 τὸ
1820 1110 2034 1161 Ῥωμαϊκόν·
2056 1113 2168 1149 ταῦτα
2195 1109 2270 1150 ἐπεὶ

1222 1168 1380 1221 προέγνω
1402 1172 1420 1207 ὃ
1448 1172 1584 1218 Βῶνος,
1616 1168 1896 1222 προαιρηγήσατο
1922 1170 1991 1212 τοῖς
2024 1167 2272 1219 στρατιώταις,

1222 1228 1311 1266 ὥστε
1334 1228 1457 1273 αὐτοὺς
1474 1231 1523 1282 τῷ
1541 1228 1654 1281 ἀθρόῳ
1677 1227 1725 1279 μὴ
1743 1230 2035 1278 καταπλαγῆναι,
2053 1226 2145 1265 ἀλλὰ
2160 1243 2273 1280 προα-

1223 1290 1461 1330 νατυποῦντας
1475 1285 1560 1340 ὅπερ
1577 1286 1720 1337 ἔμελλεν
1736 1287 1874 1325 ἔσεσθαι
1889 1286 2056 1331 ἐθίζεσθαι
2072 1289 2116 1339 τῇ
2133 1286 2273 1331 δοκήσει

1222 1346 1282 1383 καὶ
1309 1347 1360 1398 τῷ
1397 1345 1506 1396 μήπω
1533 1344 1679 1399 παρόντι
1711 1345 1798 1398 πρὸς
1825 1346 1864 1384 τὸ
1891 1345 2064 1396 ἐσόμενον·
2097 1344 2156 1383 καὶ
2190 1345 2272 1384 ὅταν

1223 1403 1396 1442 αἴσθοιντο
1423 1405 1478 1443 τὸν
1500 1404 1658 1455 πάταγον
1684 1407 1753 1444 τῶν
1784 1405 1992 1456 τυμπάνων,
2021 1405 2272 1457 ἀντιπαταγεῗν

1222 1463 1281 1501 καὶ
1302 1462 1427 1506 αὐτοὺς
1446 1465 1522 1507 ταῖς
1543 1463 1687 1513 ἀσπίσι,
1709 1464 1769 1502 καὶ
1790 1463 2026 1508 ἐπαλαλάζειν
2041 1462 2080 1501 τὸ
2104 1463 2273 1511 ἐνυάλιον,

1221 1522 1282 1560 καὶ
1316 1521 1521 1569 παιανίζειν,
1548 1522 1608 1560 καὶ
1637 1528 1707 1566 τοῖς
1737 1522 1913 1575 ὑδροχόοις
1948 1522 2098 1573 ἀγγείοις
2132 1522 2274 1567 ξυλίνοις

1221 1575 1315 1619 οῧσιν
1339 1582 1554 1619 ἐπικτυπεῒν.
1579 1598 1594 1616 ν
1616 1584 1765 1619 Partem
1782 1584 1921 1619 horum
1951 1583 2090 1633 repetit
2111 1596 2150 1620 v.
2172 1581 2273 1620 Δεδί-

1221 1640 1359 1686 ξασθαι.

1275 1701 1429 1738 Suidas:
1445 1699 1725 1751 Ἀνάρροπον.
1740 1699 1948 1752 Μένανδρος·
1965 1717 1980 1734 ι
1996 1699 2196 1739 Κατιόντων
2205 1702 2272 1738 τῶν

1222 1758 1381 1811 Ἀὸάρων
1403 1760 1481 1797 κατ’
1502 1757 1659 1810 ὀλίγους,
1685 1759 1715 1795 οἳ
1746 1757 1934 1810 στρατηγοὶ
1966 1758 2089 1811 γνώμῃ
2120 1760 2274 1811 ἐχρῶντο

1221 1820 1442 1870 παραχρῆμα
1471 1816 1648 1855 ἐπιθέσθαι
1679 1815 1794 1870 σφίσι,
1823 1818 1893 1855 κάκ
1925 1817 2047 1856 τούτου
2076 1817 2273 1871 ἀνάρροπον

1221 1876 1349 1915 τιθέναι
1368 1876 1430 1923 τὴν
1451 1878 1518 1915 τῶν
1539 1875 1696 1929 Ἀὅάρων
1713 1875 1924 1917 κατάὸασιν
1948 1895 1963 1910 u

1429 1955 1492 1991 32.
1527 1954 1610 2004 (an
1635 1953 1725 2001 570.
1757 1955 1894 1990 Justini
1917 1967 1980 1991 an.
2004 1953 2065 2006 6.)

1232 2031 1233 2034 ’
1275 2033 1366 2069 Exc
1386 2033 1442 2068 De
1461 2032 1534 2080 leg
1557 2037 1659 2079 gent.
1679 2043 1719 2079 p.
1746 2035 1849 2072 1¹4·
1871 2028 1957 2068 “ou
1984 2028 2075 2067 ἄλλα
2098 2044 2135 2067 τε
2157 2028 2272 2067 πολλὰ

1222 2087 1317 2127 αἴτια
1336 2088 1491 2139 ἐγένοντο
1508 2092 1567 2127 τοῦ
1585 2088 1741 2138 πολέμου
1758 2087 1948 2138 Ῥωμαίων
1965 2103 2002 2126 τε
2022 2087 2082 2126 καὶ
2108 2090 2271 2142 Περσῶν,

1221 2148 1260 2186 τὸ
1279 2147 1313 2186 δὲ
1337 2148 1472 2196 μᾶλλον
1494 2149 1746 2200 ἀναπτερῶσαν
1765 2146 1952 2185 Ἰουστ-’ἶνον
1978 2146 1996 2184 ὃ
2020 2150 2161 2193 κινῆσαι
2189 2146 2292 2196 (καὶ’

1223 2264 1322 2294 Porro
1336 2261 1386 2302 hi,
1399 2261 1491 2293 nullo
1506 2261 1623 2293 timore
1639 2260 1793 2301 correpti,
1809 2269 1872 2292 non
1890 2260 1993 2292 solum
2009 2259 2181 2292 barbarum
2194 2268 2273 2292 con-

1222 2313 1410 2345 temnebant
1428 2321 1466 2344 ac
1486 2312 1577 2344 flocci
1595 2312 1765 2352 faciebant,
1781 2312 1836 2344 sed
1860 2312 1946 2344 ultro
1959 2311 2055 2344 etiam
2077 2311 2274 2352 jactantiori-

1222 2365 1282 2397 bus
1295 2365 1452 2405 responsis
1465 2374 1529 2396 non
1543 2363 1775 2405 temperabant.

1261 2418 1418 2459 Tyrannis
1437 2418 1537 2450 invisa
1552 2418 1618 2457 est,
1641 2425 1834 2459 semperque
1860 2413 2026 2458 inimicus,
2053 2416 2108 2457 qui
2129 2417 2287 2458 tyranni--

1221 2469 1293 2502 dem
1310 2469 1440 2511 patitur.

1714 2521 1771 2554 31.

1263 2579 1382 2608 Avares
1410 2575 1470 2607 sub
1495 2575 1621 2607 initium
1648 2575 1751 2616 proelii
1774 2574 1938 2606 dissonum
1964 2575 1996 2606 et
2023 2574 2189 2606 horridum
2211 2574 2274 2607 cla-

1222 2637 1342 2660 morem
1369 2629 1499 2668 tollere,
1518 2631 1550 2661 et
1572 2638 1646 2661 cum
1678 2628 1804 2660 fremitu
1826 2628 1940 2660 bellico
1958 2629 2113 2668 tympana
2137 2636 2266 2668 quoque

1223 2681 1351 2720 pulsare
1370 2681 1569 2718 statuerant,
1589 2682 1626 2711 ut
1651 2680 1780 2720 inopino
1802 2679 1856 2710 illo
1877 2680 2122 2720 vehementique
2135 2679 2271 2720 strepitu

1222 2735 1381 2765 Romanos
1406 2733 1616 2773 percellerent
1641 2742 1678 2764 ac
1692 2732 1888 2764 territarent.
1907 2734 1948 2765 At
1978 2734 2084 2765 Bonus
2099 2731 2131 2764 id
2151 2740 2272 2773 praeco-

1223 2785 1347 2825 gnitum
1365 2784 1521 2816 militibus
1531 2784 1598 2824 jam
1611 2784 1823 2824 praedixerat,
1839 2793 1880 2815 ne
1902 2793 1936 2816 re
1949 2784 2115 2816 subitanea
2127 2785 2271 2816 conster-

1223 2839 1396 2876 narentur;
1413 2837 1468 2869 sed
1484 2837 1634 2878 opinione
1649 2837 1866 2877 praecipientes
1879 2837 1910 2868 id
1931 2837 2016 2878 quod
2031 2837 2175 2868 futurum
2191 2839 2272 2877 erat,

1223 2890 1442 2921 assuescerent
1461 2889 1490 2921 ei
1505 2888 1592 2929 quod
1609 2888 1751 2919 nondum
1767 2888 1927 2920 acciderat
1947 2897 1956 2920 ε
1977 2889 2009 2920 et
2030 2888 2084 2919 ubi
2100 2888 2270 2928 strepitum

1221 2942 1450 2981 tympanorum
1467 2940 1647 2979 audissent,
1667 2939 1724 2980 ipsi
1738 2948 1867 2980 quoque
1878 2939 2014 2971 vicissim
2029 2939 2127 2971 scutis
2139 2947 2269 2971 concre-

1221 2994 1350 3034 parent,
1365 2994 1396 3025 et
1411 3001 1521 3034 paeana
1535 2993 1706 3031 canerent,
1717 2993 1749 3024 et
1763 2991 1867 3023 situlis
1881 2991 1989 3032 ligneis
2010 2991 2094 3024 inter
2106 2999 2141 3024 se
2154 2991 2270 3024 collisis

1220 3045 1388 3085 strepitum
1402 3044 1543 3076 ederent.

1262 3099 1371 3134 Quum
1380 3099 1496 3128 Avares
1506 3093 1731 3135 manipulatim
1744 3093 1990 3133 descenderent,
2005 3095 2111 3126 visum
2123 3095 2171 3127 est
2180 3093 2267 3126 duci-

1221 3147 1282 3179 bus
1296 3147 1382 3179 illico
1394 3155 1447 3179 eos
1466 3146 1610 3186 aggredi,
1627 3147 1724 3186 atque
1750 3145 1795 3177 ita
1813 3145 2031 3186 retrogradam
2053 3145 2181 3178 efficere
2197 3145 2268 3178 ino-

1221 3208 1294 3231 rum
1306 3198 1534 3231 incursionem.

1714 3247 1774 3280 32.

1262 3303 1374 3336 Multae
1389 3302 1517 3344 quidem
1530 3302 1601 3334 aliae
1615 3301 1691 3334 belli
1707 3310 1812 3333 causae
1829 3301 1913 3333 inter
1928 3302 2091 3333 Romanos
2109 3300 2142 3332 et
2157 3302 2269 3332 Persas

1220 3356 1431 3396 exstiterunt,
1445 3355 1586 3387 maxime
1602 3363 1679 3386 vero
1698 3356 1879 3387 Turcorum
1895 3362 1972 3394 gens
1984 3353 2138 3394 impulit·
2129 3361 2267 3394 impera-

1219 3410 1324 3440 torem
1335 3431 1344 3447 ,
1360 3408 1397 3439 ut
1413 3409 1525 3439 contra
1539 3408 1649 3439 Persas
1661 3414 1750 3437 arma
1767 3407 1922 3437 moveret.
1942 3405 2068 3437 Etenim
2084 3404 2180 3436 Turci
2203 3405 2266 3436 Me-

1220 3461 1306 3493 diam
1320 3460 1501 3493 invaserant
1514 3460 1546 3492 ct
1560 3459 1743 3500 depopulati
1760 3459 1862 3492 erant.
1877 3459 1987 3499 ltaque
1996 3459 2012 3490 J
2018 3457 2158 3490 ustinum
2171 3454 2267 3489 missa
