2372 3704
1022 221 1359 267 FRAGMENTA.

116 297 301 352 κρουκέναι
319 297 550 350 νομισθέντων
570 299 682 353 αὗτῷ.
700 299 952 353 Βαρυνομένων
971 301 1009 340 δὲ
1027 302 1166 342 πάντων

115 358 174 397 ἐπὶ
191 361 235 410 τῇ
262 364 374 412 πικρᾷ
398 358 575 411 τυραννίδι
600 359 899 411 συναναμιχθείσῃ
925 360 1084 412 νεότητι,
1105 362 1167 401 καὶ

113 416 230 456 πάντα
248 418 404 469 ἐκμελῶς
422 417 482 456 καὶ
503 417 586 470 δίχα
601 419 771 470 λογισμοῦ
787 418 989 472 πραττούσῃ
1003 419 1056 461 **.

595 495 684 535 163.

163 563 259 604 Exc.
276 567 335 602 De
353 565 425 602 ins.
448 578 486 615 p.
507 565 557 603 60
578 578 588 605 ε
608 562 694 604 Ὅτι
714 564 869 617 Καρίνου
897 564 1166 618 βασιλεύσαντος

109 625 171 662 τοῦ
187 623 263 661 υἱοῦ
283 621 423 675 Κάρου,
439 622 500 661 καὶ
514 623 631 662 πάντα
649 625 803 675 ἐκμελῶς
819 625 878 663 καὶ
892 626 1062 676 λογισμοῦ
1082 625 1164 678 δίχα

44 727 47 730 ¹
109 680 344 734 πράττοντος,
366 681 593 734 ἀγγελθείσης
623 683 693 727 τοῖς
710 685 744 722 ἐν
770 681 907 736 Ἰταλίᾳ
932 686 994 731 τῆς
1018 685 1164 735 Νουμε-

110 743 228 792 ριανοῦ
249 741 411 787 τελευτῆς
423 771 434 792 ,
453 740 510 779 ἐπὶ
523 744 568 794 τῇ
590 741 745 795 Καρίνου
765 741 845 795 περὶ
864 743 981 782 πάντα
1000 742 1164 796 ἐκμελείᾳ

109 798 170 836 καὶ
182 799 340 849 ὠμότητι
355 798 628 852 δυσχεράναντες
643 802 675 838 οἱ
695 802 765 838 τῶν
786 801 898 838 ἐκεῖσε
917 800 1163 853 στρατοπέδων

108 856 317 908 ἡγούμενοι,
346 856 492 910 Σαὸινῷ
528 857 712 912 Ἰουλιανῷ
748 858 812 905 τὴν
849 857 1007 912 ὕπαρχον
1046 859 1160 914 ἀρχὴν

109 913 227 967 ἔχοντι
260 914 452 967 βασιλικὴν
488 916 614 964 στολὴν
643 916 859 969 περιθέντες,
892 917 1070 970 μάχεσθαι
1100 918 1161 956 σὺν

107 974 205 1027 αὐτῷ
229 974 423 1012 διενοοῦντο
447 973 606 1028 Καρίνῳ.
638 975 788 1028 Καρῖνος
806 974 842 1014 δὲ
867 975 967 1026 γνοὺς
991 975 1054 1022 τὴν
1074 978 1163 1015 ἐπα-

105 1030 298 1079 νάστασιν,
327 1031 385 1070 ἐπὶ
410 1031 475 1077 τὴν
505 1032 662 1072 Ἰταλίαν
686 1033 882 1075 ἐστέλλετο.
912 1034 1002 1074 Τότε
1031 1034 1074 1081 δὴ
1094 1037 1162 1073 τῶν

105 1093 333 1142 στρατιωτῶν
366 1094 612 1144 συμφρονῆσαι
648 1091 765 1147 σφίσιν
797 1091 875 1137 τοὺς
913 1092 983 1131 ἀπὸ
1014 1095 1161 1147 Περσῶν

104 1149 359 1194 ἐπανελθόντας
384 1150 671 1199 ἀναπεισάντων,
696 1150 950 1199 Διοκλητιανὸν
970 1150 1039 1200 ἤδη
1068 1150 1162 1190 κατὰ

104 1207 170 1255 τὴν
205 1208 449 1259 Νικομήδειαν
478 1208 542 1256 τὴν
573 1209 762 1262 ἁλουργίδα
789 1209 1012 1263 περιθέμενον
1039 1210 1163 1261 ἄγουσι

107 1265 202 1305 κατὰ
216 1266 279 1313 τὴν
295 1266 462 1308 Ἰταλίαν.
483 1265 567 1308 Ἔτι
587 1268 623 1307 δὲ
642 1268 737 1313 ὄντος
754 1270 859 1307 αὐτοῦ
879 1269 972 1308 κατὰ
990 1270 1054 1316 τὴν
1070 1270 1161 1318 ὁδὸν,

104 1325 297 1376 συμὸαλὼν
315 1328 333 1365 ὁ
352 1327 502 1379 Καρῒνος
519 1332 588 1371 τοῖς
606 1327 760 1367 Σαὸινοῦ
773 1327 967 1367 Ἰουλιανοῦ
987 1328 1160 1382 στρατιώ·

102 1399 201 1430 ταις,
219 1383 280 1422 καὶ
297 1385 451 1438 στρέψας
471 1386 505 1423 ἐν
531 1388 575 1438 τῇ
596 1387 697 1438 μάχῃ
715 1386 873 1435 τούτους,
893 1389 962 1425 τῶν
979 1386 1041 1425 σὺν
1067 1388 1162 1440 αὐτῷ

101 1443 206 1481 τινῶν
219 1443 447 1491 ἐπελθόντων,
469 1444 637 1497 αἰφνίδιον
656 1448 870 1498 ἀναιρεῖται,
886 1447 955 1483 τῶν
966 1445 1162 1498 χιλιάρχων

102 1499 194 1547 ἑνὸς,
230 1495 270 1540 οὗ
301 1500 365 1550 τὴν
393 1502 544 1554 γυναῖκα
576 1503 776 1557 διαφθείρας
808 1503 953 1557 ἔτυχεν,
985 1505 1163 1550 ἀνελόντος

107 1558 227 1600 αὐτόν.

423 1638 831 1679 ΔΙΟΚΛΗΤΙΑΝΟΣ.

587 1732 676 1777 164.

153 1811 256 1852 Ibid.
275 1824 315 1861 p.
341 1812 392 1849 60
408 1823 417 1852 :
432 1810 521 1852 ΙὈτι
539 1811 597 1850 ἐπὶ
616 1813 871 1860 Διοκλητιανοῦ
890 1812 1090 1865 Καραύσιός
1107 1828 1159 1857 τις

101 1868 190 1923 ἀνὴρ
209 1869 341 1921 τεχθεὶς
363 1870 427 1920 μὲν
454 1872 489 1909 ἓν
511 1871 734 1924 ἀφανεστάτῃ
756 1871 875 1920 πόλει,
893 1871 973 1924 περὶ
995 1870 1031 1909 δὲ
1051 1887 1158 1924 στρα-

99 1928 246 1967 τιωτικὰ
265 1930 398 1982 σπουδῇ
417 1929 477 1969 καὶ
491 1930 709 1980 γενναιότητι
726 1930 900 1984 διαφέρων
925 1930 1016 1969 κατὰ
1033 1930 1157 1983 μικρὸν

100 1987 201 2032 δόξαν
225 1988 369 2040 ἀρίστην
388 1989 630 2040 κτησάμενος,
653 1992 692 2028 ἐκ
711 1989 876 2036 τοιαύτης
896 1989 1009 2033 αἰτίας
1028 2005 1154 2027 νεωτε-

101 2046 204 2098 ρίζειν
225 2046 369 2101 ἤρξατο.
399 2047 569 2099 Βελγικὸν
586 2048 802 2099 καλούμενον
822 2049 955 2098 κλῖμα,
982 2047 1074 2086 κατὰ
1091 2047 1153 2094 τὴν

2189 246 2261 279 601

1228 309 1291 354 τῆς
1314 307 1502 361 ἁλμυρίδος
1533 309 1733 364 θάλασσαν,
1763 314 1925 367 Φρᾶγκοι
1952 331 1989 355 τε
2015 318 2075 356 καὶ
2105 318 2270 367 Σάξονες,

1229 364 1307 413 ἔθνη
1329 367 1502 415 Κελτικὰ,
1520 368 1760 422 διετάραττον,
1777 374 1972 424 ληϊζόμενοι
1983 374 2060 421 τοὺς
2080 377 2270 430 ἐμπόρους,

1227 423 1373 462 καὶτῶν
1389 426 1539 484 ,χωρίων
1560 431 1764 479 πορθοῦντες
1785 430 1828 468 τὰ
1856 433 2100 473 ἐπιθαλάσσια.
2124 437 2271 480 Σταλεὶς

1227 481 1341 520 τοίνυν
1371 485 1469 526 οὗτος
1489 485 1528 521 ἐκ
1555 485 1730 530 Βονωνίας
1755 487 1888 532 πόλεως
1914 492 2129 541 Γαλατικῆς,
2152 494 2270 541 ἐπειδὴ

1226 538 1374 584 πολλοὺς
1391 540 1454 591 μὲν
1474 543 1541 579 τῶν
1564 543 1751 596 βαρὸοίρων
1780 546 2007 599 ἐχειρώσατο,
2033 549 2095 597 τὴν
2123 551 2159 590 δὲ
2174 551 2270 590 λείαν

1227 597 1290 645 τὴν
1307 600 1346 637 ἐκ
1365 603 1426 637 τοῦ
1442 599 1597 651 πολέμου
1620 601 1698 640 οὔτε
1715 608 1785 647 τοῖς
1801 605 1950 649 ἐποίκοις
1966 609 2033 645 τῶν
2050 611 2153 647 ἐθνῶν
2175 612 2270 648 ἀπε-

1227 655 1322 695 δίδου
1339 656 1418 696 οὔτε
1434 658 1506 702 τοῖς
1523 661 1726 710 βασιλεῦσιν
1752 662 1977 713 ἀπέπεμπεν,
1998 666 2160 710 ἑκουσίως
2182 683 2271 718 προ-

1227 715 1380 766 πέμπειν
1395 715 1473 760 τοὺς
1486 718 1674 767 πολεμίους
1685 720 1909 768 ὑπωπτεύθη·
1925 723 2144 776 ἀναιρεθῆναι
2159 725 2270 764 τοίνυν

1226 774 1292 813 ὑπὸ
1306 779 1367 814 τοῦ
1385 775 1592 829 Ἑρκουλίου
1607 780 1858 831 προσταχθεὶς,
1877 781 1942 827 τήν
1958 797 1995 819 τε
2012 781 2190 836 πορφύραν
2207 800 2271 822 πε-

1227 832 1375 885 ριέθετο,
1391 834 1452 872 καὶ
1474 834 1536 881 τὴν
1556 837 1770 888 Βρεττανίαν
1796 839 2076 889 καταλαμὸοίνει.
2104 842 2176 880 Καὶ
2193 842 2273 881 τού-

1227 907 1284 930 του
1303 896 1405 930 τοῦτο
1430 895 1655 947 πεπραχότος
1667 925 1678 947 ,
1708 895 1770 935 καὶ
1792 897 2028 948 κεκινημένων
2047 900 2186 938 πάντων
2205 903 2273 938 τῶν

1225 951 1465 1003 πραγμάτων,
1485 951 1546 990 καὶ
1566 953 1746 1005 Ἀχιλλεὺς
1768 954 1860 994 κατὰ
1880 956 1943 1003 τὴν
1965 956 2142 1009 Αἴγυπτον
2171 961 2274 998 ἐνεωε

1225 1008 1375 1061 τέριζεν,
1394 1010 1454 1049 καὶ
1472 1013 1495 1057 ἡ
1513 1010 1657 1064 Ἀφρικὴ
1676 1012 1762 1065 πρὸς
1780 1013 1883 1053 πέντε
1899 1016 2056 1068 ἀνδρῶν,
2078 1018 2108 1057 Γ
2109 1020 2272 1056 εντιανῶν

1224 1066 1287 1114 τὴν
1304 1069 1538 1121 προσηγορίαν
1549 1099 1561 1119 ,
1582 1071 1837 1122 ἐπεπολέμητο.

1712 1153 1798 1191 165.

1277 1228 1371 1265 Exc.
1393 1228 1451 1264 De
1469 1228 1558 1267 virt.
1580 1241 1623 1278 p.
1647 1229 1722 1272 834
1743 1243 1751 1266 ε
1773 1225 1861 1268 “On
1878 1228 2127 1277 Διοκλητιανὸς
2149 1229 2272 1282 μνήμῃ

1225 1283 1284 1321 καὶ
1298 1285 1383 1338 ὀργῇ
1392 1286 1461 1323 τῶν
1469 1284 1550 1335 περὶ
1557 1284 1620 1333 τὴν
1630 1284 1741 1338 ἀρχὴν
1750 1288 2038 1340 νεωτερισθέντων
2050 1287 2128 1341 περὶ
2138 1286 2200 1334 τὴν
2213 1288 2274 1326 Αἴ-

1223 1358 1376 1394 γυπτον,
1396 1344 1434 1381 οὗ
1457 1343 1605 1397 μετρίως
1625 1345 1701 1382 οὐδὲ
1723 1345 1862 1398 ἡμέρως
1880 1348 1930 1396 τῷ
1950 1351 2087 1400 κρατεῖν
2113 1347 2272 1398 ἀπεχρή-

1227 1416 1335 1453 σατο,
1358 1401 1449 1440 ἀλλὰ
1469 1409 1686 1456 προγραφαῖς
1709 1419 1747 1441 τε
1775 1403 1835 1442 καὶ
1864 1403 1976 1457 φόνοις
2003 1407 2071 1443 τῶν
2091 1405 2272 1455 ἐπισήμων

1226 1459 1372 1510 μιαίνων
1389 1462 1521 1507 ἐπῆλθε
1531 1459 1593 1507 τὴν
1605 1460 1799 1512 Αἴγυπτον.
1812 1461 1903 1501 ‘'Ote
1919 1461 1961 1508 δὴ
1976 1461 2035 1501 καὶ
2055 1461 2098 1500 τὰ
2112 1463 2191 1515 περὶ
2200 1478 2271 1515 χη-

1224 1518 1325 1569 μείας
1339 1520 1488 1572 ἀργύρου
1505 1519 1563 1558 καὶ
1579 1523 1709 1572 χρυσοῦ
1727 1522 1796 1563 τοῖς
1808 1521 1969 1564 παλαιοῖς
1987 1522 2100 1559 αὐτῶν
2116 1537 2277 1575 γεγραμη

1224 1577 1311 1628 μένα
1333 1578 1453 1630 βιὸλία
1482 1577 1786 1630 διερευνησάμενος
1803 1578 1949 1626 ἔκαυσε,
1973 1579 2059 1631 πρὸς
2077 1579 2116 1618 τὸ
2145 1580 2272 1630 μηκέτι

1223 1637 1372 1675 πλοῦτον
1381 1635 1587 1688 Αἰγυπτίοις
1598 1637 1638 1675 ἐκ
1651 1639 1712 1683 τ’ἧς
1723 1636 1885 1684 τοιαύτης
1899 1636 2134 1689 περιγίνεσθαι
2150 1637 2274 1690 τέχνης

1227 1696 1318 1747 μήτε
1338 1696 1533 1749 χρημάτων
1551 1696 1674 1740 αὐτοὺς
1691 1700 1901 1749 θαρροῦντας
1918 1697 2099 1750 περιουσίᾳ
2124 1701 2183 1736 τοῦ
2201 1701 2272 1736 λοι-

1222 1759 1289 1794 ποῦ
1314 1754 1506 1806 Ῥωμαίοις
1535 1757 1724 1809 ἀνταίρειν.
1754 1755 2002 1802 Διοκλητιανὸς
2031 1756 2093 1806 μὲν
2120 1755 2273 1799 ποικίλος

1221 1830 1271 1858 τις
1290 1814 1351 1852 καὶ
1372 1818 1565 1866 πανοῦργος
1584 1808 1625 1861 ἦν
1639 1844 1650 1862 ,
1671 1816 1721 1868 τῷ
1740 1814 1776 1852 δὲ
1792 1813 1870 1852 λίαν
1894 1817 2024 1867 συνετῷ
2040 1813 2099 1852 καὶ
2118 1813 2187 1859 ὀξεῖ
2207 1818 2270 1861 τῆς

1220 1871 1362 1923 γνώμης
1388 1872 1609 1910 ἐπεκάλυπτε
1639 1872 1810 1916 πολλάκις
1836 1872 1880 1911 τὰ
1901 1876 1961 1919 τῆς
1980 1873 2107 1916 οἰκείας
2137 1872 2269 1924 φύσεως

1220 1931 1469 1982 ἐλαττώματα,
1494 1937 1612 1969 πᾶσαν
1630 1931 1784 1983 σκληρὰν
1800 1931 1923 1983 πρᾶξιν
1943 1931 2068 1984 ἑτέροις
2085 1931 2267 1974 ἀνατιθείς.

1219 1989 1414 2039 Ἐπιμελὴς
1436 1990 1472 2028 δὲ
1493 1989 1587 2040 ὅμως
1612 1989 1670 2027 καὶ
1699 1989 1807 2041 ταχὺς
1826 1991 1860 2028 ἐν
1894 1995 1968 2033 ταῖς
1990 1993 2057 2028 τῶν
2085 1991 2269 2042 πρακτέων

1219 2047 1424 2099 ἐπιὸολαῖς,
1457 2048 1518 2086 καὶ
1543 2048 1658 2086 πολλὰ
1686 2051 1755 2086 τῶν
1782 2051 1844 2094 τῆς
1875 2049 2057 2099 βασιλικῆς
2085 2047 2268 2100 θεραπείας

98 2174 142 2182 -·
159 2158 389 2199 πραττούσῃ
401 2158 462 2200 **]
482 2161 516 2191 ln
540 2159 643 2191 media
659 2160 816 2191 sententia
838 2161 1009 2200 excerptor
1025 2159 1185 2197 substitit,
1204 2159 1290 2198 quod
1307 2168 1379 2198 quae
1395 2160 1610 2199 sequebantur
1624 2168 1674 2199 ap.
1693 2162 1870 2198 Joaunem,
1889 2161 2050 2191 reservata
2066 2164 2169 2191 essent
2195 2161 2264 2195 Ex-

98 2206 216 2246 cerptis
230 2207 276 2238 De
289 2206 480 2243 Yirtutibus.
505 2207 634 2239 Excidit
647 2207 854 2247 probabiliter
866 2207 997 2239 solenne
1022 2206 1109 2238 istud
1127 2216 1135 2238 :
1152 2206 1243 2243 Ζήτει
1262 2207 1293 2237 ἐν
1310 2209 1372 2242 τοῖς
1390 2207 1462 2246 Περὶ
1477 2207 1584 2246 ἀρετῆς
1598 2208 1650 2238 καὶ
1667 2206 1791 2242 κακίας.

140 2254 193 2285 Fr.
219 2256 288 2285 163.
312 2252 435 2294 Σαὸίνῳ
454 2253 546 2285 Ἰουλ.
563 2252 575 2294 ]
593 2253 728 2294 Σαὸινίῳ
741 2253 775 2285 Ἰ.
792 2253 825 2284 h.
841 2253 863 2285 l.
879 2252 992 2284 codex.
1008 2251 1144 2284 sabinus
1161 2253 1310 2284 Julianus
1323 2252 1467 2284 venetiae
1480 2253 1651 2292 praefectus
1664 2255 1744 2284 erat.
1759 2270 1801 2275 —
1813 2252 1876 2284 ἐπὶ
1889 2252 1959 2289 τὴν
1975 2251 2172 2295 Ἰταλίαν]
2188 2252 2263 2284 sort.

98 2299 158 2332 suit
174 2300 223 2331 ἐπὶ
236 2300 292 2337 τήν
305 2299 466 2341 Ἰλλυρίαν.
488 2300 627 2332 carinus
643 2300 675 2331 in
692 2300 829 2340 illyriam
843 2299 979 2331 tetendit
995 2302 1106 2330 contra
1120 2299 1354 2331 Diocletianum
1367 2310 1376 2339 ;
1390 2300 1422 2331 in
1444 2300 1513 2340 ipso
1528 2300 1640 2332 itinere
1659 2300 1786 2331 obviam
1802 2300 1905 2331 factus
1918 2300 1946 2331 ei
1973 2299 2141 2340 Julianus,
2167 2309 2265 2343 quem

97 2346 139 2378 ad
163 2348 323 2378 veronam
340 2347 453 2387 proelio
471 2348 593 2378 victum
607 2347 744 2386 occidit3
759 2346 874 2378 deinde
896 2346 983 2387 apud
1003 2349 1147 2386 Margum
1162 2356 1238 2378 cum
1252 2347 1450 2378 Diocletiano
1466 2356 1651 2388 ceressus
1667 2356 1771 2388 pugna
1785 2347 1885 2378 vincit
1903 2346 2050 2387 quidem,
2065 2347 2121 2379 sed
2141 2348 2265 2379 hostem

97 2401 294 2434 persequens
309 2402 329 2425 a
342 2394 534 2426 centurione
547 2418 556 2433 ,
571 2394 664 2434 cujus
678 2402 813 2425 uxorem
829 2395 1048 2434 stupraverat,
1062 2394 1232 2426 occiditur.
1249 2394 1301 2426 Sic
1317 2393 1425 2425 Aurel.
1446 2394 1531 2425 Vict.
1550 2395 1632 2425 Caes.
1650 2402 1679 2425 c.
1699 2397 1750 2426 39.
1773 2393 1871 2426 Aliter
1888 2395 2016 2433 Noster,
2031 2394 2128 2425 modo
2144 2394 2267 2434 integra

100 2440 142 2473 sit
158 2439 311 2472 narratio.
326 2459 368 2466 -
386 2440 583 2482 στρέψας]
598 2441 619 2472 s.
639 2441 700 2481 leg.
719 2442 845 2482 τρέψας.

139 2489 192 2518 Fr.
222 2482 299 2519 164ss
314 2487 490 2527 Eutropius
509 2489 571 2527 lx,
595 2490 628 2519 13
655 2500 662 2519 z
684 2489 754 2519 Per
775 2488 846 2520 neec
863 2488 1016 2528 tempora
1037 2489 1145 2520 etiam
1166 2488 1379 2527 Carausius,
1400 2488 1462 2528 qui
1479 2487 1650 2519 vilissime
1667 2488 1792 2525 natus,
1813 2487 1965 2518 strenuae
1987 2486 2123 2518 militiae
2144 2485 2266 2518 ordine

89 2533 235 2574 famam
256 2536 430 2574 eqreqiam
444 2533 575 2573 fuerat
589 2537 809 2574 consecutus,
826 2543 934 2575 quum
950 2535 1048 2574 apud
1064 2536 1256 2567 Bononiam
1276 2543 1338 2574 per
1363 2536 1498 2566 tractus
1520 2534 1665 2574 Belqicae
1686 2535 1718 2565 et
1733 2535 1918 2565 Armoricae
1939 2532 2140 2573 pacandum
2163 2541 2265 2565 mare

96 2582 305 2621 accepisset,
321 2581 414 2621 quod
430 2583 561 2613 Franci
585 2583 618 2613 et
632 2583 787 2613 Saxones
801 2581 1041 2622 infestabant,
1055 2583 1180 2615 multis
1195 2581 1358 2614 barbaris
1380 2589 1468 2621 saepe
1481 2582 1593 2620 captis
1603 2604 1613 2620 ,
1629 2589 1689 2612 nec
1702 2579 1820 2620 proeda
1836 2581 1974 2618 inteyra
1988 2581 2052 2611 aut
2063 2581 2265 2619 provincia-

96 2627 189 2660 tibus
203 2627 347 2659 reddita
356 2651 365 2667 ,
381 2629 445 2660 aut
459 2627 730 2667 imperatoribus
745 2629 853 2660 missa
863 2652 873 2668 ,
888 2636 997 2669 quum
1008 2629 1154 2668 suspicio
1167 2635 1237 2659 esse
1250 2629 1407 2668 coepisset
1418 2652 1426 2667 ‚
1440 2627 1596 2659 consulto
1609 2627 1652 2659 ab
1666 2627 1729 2659 illo
1742 2625 1885 2658 admitti
1901 2626 2079 2670 barbaros,
2094 2628 2134 2658 ut
2148 2627 2263 2658 trans·

95 2675 217 2707 euntes
230 2675 421 2715 exciperet,
441 2676 547 2715 atque
560 2673 676 2706 hacwse
689 2677 863 2707 occasione
886 2674 1040 2711 ditaret,
1057 2684 1080 2707 a
1095 2676 1313 2708 Maximiano
1328 2676 1449 2716 jussus
1470 2673 1578 2706 occidi
1589 2698 1598 2714 ‚
1608 2682 1810 2715 purpuram
1830 2675 1980 2714 sumpsit
1996 2676 2030 2705 et
2048 2675 2258 2705 Britannias

94 2724 291 2763 occupavit.
316 2740 357 2745 -
382 2724 440 2754 lta
458 2730 567 2763 quum
584 2730 646 2762 per
661 2723 778 2755 orbem
796 2724 973 2754 terrarum
988 2731 1042 2754 res
1062 2722 1212 2754 turbatae
1228 2723 1358 2757 essent,
1380 2723 1414 2753 et
1435 2723 1624 2754 carausius
1641 2724 1678 2752 in
1703 2722 1901 2752 Britanniis
1921 2719 2124 2759 rebellaret,
2144 2720 2259 2752 Acliil-

96 2770 170 2802 leus
186 2771 224 2801 in
247 2770 411 2810 AEyyptm
431 2768 593 2808 Africam
615 2771 936 2811 Quinqueqentiani
952 2769 1182 2810 infestarent,
1195 2771 1350 2802 Narseus
1377 2769 1512 2800 Orienti
1530 2766 1658 2798 bellum
1679 2765 1830 2805 inferret
1852 2774 1863 2796 .·
1883 2765 2124 2797 Diocletianus
2141 2766 2262 2797 Maxi-

97 2818 263 2849 mianum
291 2815 498 2849 Herculium
519 2824 564 2849 ex
594 2818 729 2850 caesare
743 2818 834 2857 jecit
857 2818 1052 2858 Auqustum
1076 2819 1139 2850 etc.
1154 2835 1197 2841 —-
1211 2819 1235 2850 B
1246 2818 1316 2856 ελγ
1328 2827 1337 2847 ι
1348 2815 1444 2856 κὸν]
1468 2814 1611 2846 Σελὸινὸν
1633 2813 1704 2846 cod.
1729 2833 1770 2839 —
1789 2812 2064 2853 κεκινημένων
2082 2811 2262 2854 πάντων]

99 2874 133 2896 κ.
153 2863 252 2896 ὄντων
265 2862 339 2895 eod.
808 2888 818 2897 ,

140 2912 197 2943 Fr.
221 2914 293 2943 165.
315 2909 437 2942 Eadem
460 2910 575 2943 suidas
590 2919 622 2943 V.
637 2911 858 2949 Διοκλητιανὸς
871 2935 880 2950 ,
898 2911 954 2944 ubi
973 2923 981 2943 z
1000 2911 1090 2948 οὗτος
1104 2912 1121 2943 ὁ
1137 2911 1227 2948 ἄνους
1243 2911 1295 2943 καὶ
1314 2909 1513 2951 μισόχριστος
1537 2909 1640 2949 μνήμῃ
1655 2908 1707 2940 καὶ
1724 2907 1800 2948 ὀργῇ
1816 2909 1879 2940 etc.
1898 2906 2065 2939 Antecedit
2077 2906 2159 2938 alius
2173 2907 2262 2938 locus

95 2956 137 2989 de
151 2956 354 2990 Diocletiano
367 2957 566 2990 Christianos
579 2958 731 2990 atrociter
744 2960 955 2999 persequente
964 2982 973 2997 ‚
988 2959 1096 2990 nescio
1110 2968 1150 2990 an
1163 2967 1203 2990 ex
1216 2958 1330 2990 eodem
1344 2958 1467 2987 Joanne
1481 2955 1644 2994 repetitus.
1660 2972 1700 2980 -
1716 2956 1848 2995 Eutrop.
1864 2955 1906 2986 lX
1916 2977 1925 2992 ,
1945 2957 1979 2986 15
1995 2965 2004 2985 ι
2025 2952 2260 2984 Diocletianus

94 3004 268 3036 obsessum
285 3004 514 3036 Alexandriae
530 3004 725 3037 Achilleum
741 3007 863 3038 octavo
871 3005 953 3045 sere
967 3013 1082 3037 mense
1093 3006 1289 3045 superavit,
1303 3010 1448 3042 eumque
1464 3001 1645 3041 interfecit.
1666 3003 1816 3033 Victoria
1829 3000 1949 3032 acerbe
1963 3008 2048 3032 usus
2062 3001 2111 3031 est
2125 3010 2136 3031 :
2154 3001 2260 3030 totam

93 3052 286 3091 AEqyptum
303 3050 796 3091 qravibus·proscriptionibus
813 3050 1031 3092 caedibusque
1045 3050 1210 3092 soedavit.
1229 3052 1282 3082 Ea
1298 3052 1414 3081 tamen
1428 3049 1604 3090 occasione
1616 3047 1798 3080 ordinavit
1809 3046 1953 3088 provide
1967 3046 2082 3078 multa
2096 3047 2130 3078 et
2144 3046 2259 3085 dispo·

94 3098 188 3137 suit,
205 3105 282 3138 quae
294 3097 343 3129 ad
355 3099 513 3130 nostram
526 3099 666 3130 aecatem
688 3100 845 3130 manent.
861 3118 902 3126 —
918 3109 965 3140 χη
979 3098 1116 3140 μείας]
1135 3097 1251 3139 χημίοις
1268 3097 1339 3128 cod.
1357 3095 1487 3137 χυμείας
1509 3095 1599 3127 Suid.
1616 3105 1648 3128 v.
1667 3096 1775 3127 Διοκλ.
1789 3120 1798 3134 ,
1814 3095 1947 3136 χημείας
1961 3103 1986 3126 s.
2003 3102 2035 3126 v.
2052 3094 2170 3135 χημεία
2181 3117 2190 3129 ,
2203 3093 2259 3127 ubi

95 3143 128 3175 11.
146 3143 168 3176 Ι.
186 3143 355 3184 repetitur.
382 3155 398 3171 (ι
414 3145 525 3176 Herm.
544 3145 698 3185 Conring.
717 3147 764 3177 De
778 3145 914 3177 licrmet.
935 3145 1051 3178 medic.
1063 3170 1073 3183 ,
1090 3154 1191 3186 quum
1208 3143 1344 3176 nesciret
1360 3151 1400 3173 ex
1413 3150 1479 3181 quo
1494 3143 1648 3181 scriptore
1663 3141 1732 3173 haec
1748 3141 1855 3173 forent
1874 3141 2019 3173 derivata
2032 3163 2041 3178 ,
2059 3140 2168 3171 suidae
2194 3148 2258 3170 non

96 3198 164 3222 esse
180 3189 376 3222 credendum
391 3191 515 3222 censuit
537 3191 690 3223 audacius
702 3200 799 3232 quam
820 3200 878 3232 par
894 3193 974 3224 erat.
999 3194 1080 3224 Eum
1096 3191 1211 3223 refellit
1233 3191 1285 3223 Ol.
1311 3189 1455 3221 Borrich.
1474 3188 1506 3219 in
1525 3190 1670 3221 Hermet.
1694 3190 1727 3220 et
1746 3190 1872 3229 AEgypt.
1901 3188 2044 3221 Cliemic.
2069 3195 2136 3226 sap.
2158 3186 2255 3217 vind.

97 3246 128 3278 p.
147 3239 187 3270 84
203 3246 274 3278 sqq.
291 3250 309 3267 υ.
329 3237 571 3270 Hemsterhus.
589 3238 629 3270 ad
643 3239 734 3271 Suid.
747 3257 790 3263 —
803 3240 1093 3276 Διοκλητιανὸς
1111 3239 1217 3279 μὲν...
1233 3239 1456 3277 πανοῦργος
1475 3235 1541 3277 ἦν]
1558 3235 1596 3275 ἢν
1612 3236 1644 3267 δὲ
1661 3236 1696 3267 τὸ
1717 3235 1830 3274 ἦθος...
1848 3239 2020 3276 πανοῦργος
2042 3233 2166 3265 suidas.
2190 3234 2257 3263 Eu-

97 3285 222 3325 tropius
237 3285 301 3324 ΙΧ,
322 3288 360 3317 16
385 3297 393 3317 2
412 3285 651 3317 Diocletianus
667 3288 825 3318 moratus
845 3286 1081 3325 callidefuit‚
1100 3292 1213 3324 saqaoe
1224 3285 1418 3324 praeterea,
1435 3284 1469 3314 et
1489 3281 1679 3314 admodum
1694 3282 1832 3314 subtilis
1851 3284 2006 3321 inuenio,
2025 3282 2057 3311 ct
2076 3280 2136 3319 qui
2162 3285 2254 3330 seve·

97 3334 246 3364 ritatem
257 3340 359 3364 suam
375 3332 494 3364 aliena
519 3332 655 3364 invidia
672 3333 774 3365 vellet
795 3333 944 3372 explere.
965 3332 1260 3372 Diliqentissimus
1284 3332 1399 3362 tamen
1424 3330 1458 3361 et
1481 3330 1744 3362 sollertissimus
1764 3331 1926 3369 princeps
1940 3351 1949 3367 ‚
1978 3329 2012 3359 et
2029 3328 2090 3367 qui
2111 3326 2254 3364 imperio

98 3380 252 3410 Romano
265 3379 402 3417 primus
420 3379 524 3418 reqiae
538 3378 820 3412 consuetudinem
837 3380 948 3419 maqis
963 3386 1069 3420 quam
1087 3380 1245 3412 Romana
1263 3378 1431 3412 libertatis
1449 3378 1603 3414 invexit,
1624 3376 1836 3418 adorarique
1849 3384 1884 3408 se
1905 3376 2032 3416 jussit,
2053 3379 2158 3413 quum
2173 3371 2253 3402 ante

99 3433 179 3457 eum
197 3425 315 3457 cuncti
335 3425 592 3458 salutarentur.
