2372 3704
107 256 180 288 ⁴04

727 250 931 298 EPAPHI,
960 250 1288 302 EPARCfflDIS,
1318 252 1639 303 ΕΡΙΜΕΝΙΒΙΒ,

106 338 321 386 Empedus?
357 337 463 384 cujus
494 338 658 374 nominis
685 339 961 392 Pythagoreum
980 339 1149 388 philoso-
1211 336 1330 377 Ἐπα
1343 353 1395 390 ρχ
1407 338 1417 376 ί
1425 318 1526 386 δης,
1550 340 1569 377 ὁ
1589 338 1784 392 Πράμνιος.
1803 338 1909 379 Ἔστι
1929 338 1965 377 δὲ
1993 334 2089 383 οὗτος
2105 340 2200 392 γένος
2218 355 2252 378 τι

105 397 225 445 phum
245 402 430 431 memorat
447 397 642 432 Iamblich.
659 398 735 434 Vit,
759 397 873 445 Pyth.
901 397 963 435 36.
981 399 1041 434 An
1061 398 1146 432 Em-

105 456 236 505 pyius,
255 454 361 502 cujus
373 455 538 491 nominis
551 456 768 503 scriptorem
787 456 949 491 vidimus
970 464 1061 493 tom.
1077 457 1148 501 ΙΙΙ,

105 526 146 562 p.
169 513 268 560 327?

524 637 738 651 —w—

462 709 802 767 EPAPHUS.

454 839 483 872 E
513 837 663 873 LIBRO
691 837 808 874 XVII.

164 936 381 972 Macrobius
401 935 478 971 Sat.
511 936 589 979 ΙΙΙ,
617 934 640 969 6
663 946 672 971 :
707 931 888 982 Epaphus
916 942 1058 977 autem,
1097 937 1159 969 vir

109 997 287 1045 plurintoe
305 996 482 1037 lectionis,
502 994 595 1028 libro
612 994 916 1041 septimodecimo
931 997 988 1028 ait
1003 992 1157 1040 Delphis

113 1056 272 1103 quodam
295 1061 456 1101 tempore
476 1055 653 1094 evemffle,
675 1059 717 1086 ut
732 1052 918 1099 templum,
943 1053 1156 1098 religiosum

113 1121 227 1148 antea
247 1120 286 1147 et
298 1115 492 1153 mulctum,
526 1111 726 1158 spoliatum
755 1113 1013 1158 incensumque
1034 1113 1099 1154 sit;
1123 1119 1161 1145 et

114 1173 269 1217 adjicit,
293 1170 429 1204 multas
447 1171 548 1203 circa
575 1167 787 1203 Corinthum
815 1165 919 1203 urbes
951 1169 1159 1215 insulasque

111 1233 309 1278 proximas
323 1236 432 1263 tert-ce
453 1235 551 1262 mom
575 1227 750 1270 lzaztstas‚·
771 1227 889 1262 Delon
911 1238 1029 1273 neque
1047 1235 1159 1262 antea

115 1301 231 1336 neque
243 1295 374 1336 postea
393 1286 462 1322 hoc
478 1286 705 1320 incommodo
724 1293 914 1327 vexatam,
937 1286 1006 1320 sed
1017 1298 1163 1334 semper

115 1348 242 1383 eodem
257 1357 407 1380 manere
420 1357 526 1381 saxu.
547 1344 684 1380 Eadem
699 1350 830 1378 narrat
843 1343 993 1378 Servius
1008 1344 1056 1379 ad
1070 1345 1156 1379 AEn.

116 1407 170 1440 ΙΙΙ
183 1431 192 1449 ,
225 1403 288 1446 34.
322 1403 497 1441 Ceterum
532 1402 746 1449 cujusmodi
777 1413 874 1450 opus
912 1401 986 1437 hoc
1015 1403 1162 1450 Epaphi

116 1463 248 1508 fuerit,
274 1463 415 1498 nescio.

534 1578 748 1593 -αοοῡοῦ-

410 1702 881 1759 EPARCHIDES.

174 1850 373 1886 Athenaeus
393 1849 451 1893 ΙΙ,
472 1861 512 1896 p.
536 1848 581 1883 61
597 1876 606 1892 ,
647 1849 678 1883 A
701 1858 710 1884 ;
737 1845 957 1897 Ἐπαρχίδης
974 1845 1165 1897 Εὐριπίδην

123 1906 220 1957 φησὶ,
232 1906 288 1944 τὸν
301 1905 464 1952 ποιητὴν,
478 1906 696 1954 ἐπιδημῆσαι
708 1908 749 1957 τῇ
765 1904 905 1956 Ἰκάρῳ,
918 1904 991 1952 καὶ,
1006 1905 1167 1956 γυναικός

119 1979 208 2008 τινος
227 1963 316 2014 μετὰ
330 1963 460 2002 τέκνων
482 1963 574 2002 κατὰ
590 1962 667 2006 τοὺς
685 1963 830 2015 ἀγροὺς,
855 1962 914 2001 δύο
930 1962 993 2013 μὲν
1013 1963 1165 2015 ἀρρένων

120 2023 274 2075 τελείων,
296 2029 376 2074 μιᾶς
395 2022 430 2060 δὲ
449 2021 635 2075 παρθένου,
663 2022 840 2074 φαγούσης
864 2021 1076 2072 θανασίμους
1100 2022 1166 2073 μύ·

121 2097 249 2130 κητας,
270 2081 330 2120 καὶ
360 2081 611 2132 ἀποπνιγείσης
643 2079 731 2131 μετὰ
751 2083 818 2119 τῶν
847 2080 988 2129 τέκνων,
1022 2084 1168 2128 ποιῆσαι

121 2141 215 2179 τουτὶ
230 2140 268 2178 τὸ
286 2140 494 2193 ἐπίγραμμα
508 2155 515 2163 ·

167 2249 224 2287 “Ω,
239 2249 291 2280 τὸν
309 2248 479 2289 ᾰγήραντον
494 2247 589 2279 πόλον
606 2246 742 2286 αἰθέρος,
761 2247 846 2286 ἥλιε,
873 2247 1005 2287 τέμνων,

206 2296 254 2336 ἆρ’
270 2295 345 2331 εἶδες
358 2295 469 2326 τοιόνδ’
485 2295 600 2335 ὄμματι
613 2293 728 2334 πρόσθε
743 2295 856 2334 πάθος;

165 2342 284 2381 μητέρα
300 2342 485 2382 παρθενικήν
501 2352 534 2372 τε
548 2341 642 2381 κόρην
655 2341 780 2377 δισσούς
793 2352 828 2372 τε
846 2341 1015 2382 συναίμους

186 2389 242 2418 ’ἐν
259 2388 363 2428 ταύτῷ
377 2388 480 2427 φέγγει
496 2388 637 2428 μοιριδίῳ
651 2388 823 2428 φθιμένους.

126 2485 293 2531 Sequens
307 2482 557 2531 fragmentum
577 2494 694 2529 quum
709 2483 797 2518 item
813 2483 859 2519 de
879 2485 989 2519 Icaro
1016 2483 1082 2520 ins.
1104 2484 1166 2528 sit,

127 2540 174 2577 de
197 2542 268 2576 hac
289 2542 369 2589 ipsa
390 2540 620 2588 Eparchides
634 2567 643 2585 ‚
666 2542 817 2577 aliunde
836 2542 929 2576 mihi
948 2554 1027 2577 non
1045 2549 1169 2587 notus,

127 2601 314 2648 scripsisse
330 2599 494 2634 videtur.

184 2657 290 2692 Idem
310 2657 347 2702 Ι,
370 2669 409 2705 p.
431 2656 535 2701 3o‚B
550 2669 563 2692 μ;
594 2654 734 2693 Γίνεται
755 2653 790 2692 δὲ
822 2656 855 2692 ἐν
878 2654 1026 2707 Ἰκάρῳ,
1066 2655 1169 2707 φησὶν

1213 395 1302 434 οἴνου
1316 412 1324 420 ·
1344 397 1403 435 καὶ
1421 396 1512 435 ἔστιν
1541 392 1638 441 οὗτος
1667 396 1744 436 οὔτε
1770 397 1898 449 γλυκὺς
1922 397 1999 436 οὔτε
2016 398 2151 450 παχὺς,
2175 400 2253 438 ἀλλ’

1213 455 1382 507 αὐστηρὸς
1413 455 1474 493 καὶ
1507 455 1675 508 σκληρὸς,
1700 455 1760 494 καὶ
1788 454 1933 506 δύναμιν
1962 455 2052 508 ἔχων
2073 455 2252 509 διαφέρου-

1213 528 1324 554 σαν...
1354 513 1540 553 Ἐκαλεῖτο
1556 514 1591 552 δὲ
1622 517 1644 560 ἡ
1663 513 1803 567 Ἴκαρος
1830 512 1996 566 πρότερον
2030 514 2253 566 Ἰχθυόεσσα,

1215 570 1270 609 διὰ
1290 571 1328 609 τὸ
1363 573 1396 610 ἐν
1419 573 1507 623 αὐτῇ
1544 573 1612 609 τῶν
1638 571 1766 623 ἰχθύων
1801 573 1950 622 πλῆθος,
1985 574 2031 615 ὡς
2066 572 2126 611 καὶ
2151 572 2255 625 Ἐχι-

1215 630 1312 672 νάδες
1325 629 1395 667 ἀπὸ
1408 632 1475 667 τῶν
1496 629 1632 682 ἐχίνων,
1651 630 1710 668 καὶ
1736 629 1877 676 Σηπιὰς
1894 630 1985 681 ἄκρα
2000 629 2068 668 ἀπὸ
2087 633 2155 668 τῶν
2176 630 2256 683 περὶ

1216 687 1324 735 αὐτὴν
1358 690 1515 738 σηπιῶν,
1551 697 1660 727 etc...
1706 687 2012 740 Προσαγορεύεται
2056 686 2113 735 δὲ,
2152 688 2255 742 φησὶν

1215 746 1436 799 Ἐπαρχίδης
1451 775 1461 793 ,
1481 749 1503 792 ἡ
1529 745 1684 796 ἄμπελος
1703 748 1725 792 ἡ
1742 745 1799 783 τὸν
1818 745 1967 797 Ἰκάριον
1989 745 2171 797 Πράμνιον
2190 746 2256 799 φέ-

1219 819 1324 856 ρουσα
1343 804 1410 842 ὑπὸ
1429 806 1498 842 τῶν
1514 803 1618 848 ξένων
1639 803 1701 853 μὲν
1721 803 1840 855 ἱερὰ,
1867 803 1933 841 ὑπὸ
1953 803 1988 841 δὲ
2003 806 2070 842 τῶν
2085 804 2256 844 Οἰνοαίων

1217 862 1409 906 Διονυσιάς.
1434 862 1542 909 Οἰνόη
1563 861 1599 900 δὲ
1616 862 1714 905 πόλις
1733 863 1767 901 ἐν
1787 862 1938 914 τῇνήσῳ
1959 861 2045 900 ἔστί.

1631 1013 1847 1030 ——w—

1511 1144 1961 1203 EPIMENIDES.

1275 1286 1516 1336 Epimenides
1542 1295 1645 1323 vates
1665 1288 1848 1324 Cretensis
1867 1287 1971 1335 apud
1989 1285 2102 1335 Diog.
2122 1288 2249 1326 Laert.

1222 1348 1255 1391 Ι,
1276 1359 1291 1382 1
1304 1359 1347 1382 12
1361 1373 1371 1391 ‚
1398 1353 1535 1396 praeter
1563 1347 1715 1394 poetica
1744 1345 1825 1395 (De
1852 1346 1997 1393 origine
2021 1344 2200 1383 Curetum
2227 1353 2264 1382 et

1224 1404 1505 1452 Corybantum,
1539 1404 1796 1451 Theogoniam
1820 1410 1858 1439 et
1876 1404 2019 1439 Iasonis
2042 1404 2265 1452 Expeditio-

1223 1474 1326 1507 nem,
1342 1464 1398 1498 De
1414 1463 1543 1497 Minoe
1563 1470 1600 1498 et
1622 1460 1935 1510 Rhadamantho)
1954 1473 2067 1510 prosa
2094 1463 2264 1498 oratione

1225 1521 1412 1570 scripsisse
1430 1520 1654 1569 perhibetur
1668 1533 1676 1556 :
1690 1518 1779 1571 Περὶ
1790 1520 1929 1567 θυσιῶν,
1940 1517 2000 1555 καὶ
2014 1520 2074 1564 τῆς
2089 1519 2124 1556 ἐν
2138 1518 2263 1571 Κρήτῃ

1225 1577 1413 1620 πολιτείας.

1279 1639 1347 1674 His
1357 1638 1518 1686 scriptis,
1537 1637 1685 1673 serioris
1710 1637 1777 1673 aevi
1793 1637 1964 1681 foetibus,
1985 1648 2073 1672 usus
2095 1643 2149 1672 est
2171 1637 2264 1673 Dio·

1227 1698 1342 1734 dorus
1365 1696 1437 1745 (.V‚
1466 1695 1557 1740 80‚4
1574 1695 1602 1742 )‚
1619 1696 1685 1743 qui
1713 1708 1816 1731 suam
1842 1695 1888 1731 de
1915 1695 2145 1731 Cretensium
2165 1696 2266 1730 anti-

1227 1755 1433 1804 quitatibus
1451 1755 1704 1789 narrationem
1720 1753 2022 1789 accommodasse
2040 1765 2079 1788 se
2102 1753 2193 1788 dicit
2218 1753 2265 1789 ad

1227 1827 1269 1851 ea
1296 1827 1378 1862 quae
1403 1812 1629 1848 tradiderint
1654 1812 1893 1861 Epimenides
1928 1811 2149 1860 theologus,
2175 1813 2264 1847 Do-

1227 1873 1346 1910 siades
1358 1899 1368 1917 ,
1409 1871 1615 1918 Sosicrates
1634 1878 1671 1907 et
1689 1870 1970 1907 Laosthenidas.

1279 1932 1442 1979 Diogen.
1461 1931 1500 1978 1,
1528 1932 1623 1967 115:
1643 1926 1813 1976 Γεγόνασι
1835 1926 1871 1965 δὲ
1894 1926 1954 1965 καὶ
1971 1926 2265 1976 Ἐπιμενίδαι

1228 1988 1352 2027 ἄλλοι
1395 1986 1485 2025 δύο·
1531 1986 1551 2023 ὅ
1589 2001 1632 2024 τε
1673 1985 1953 2037 γενεαλόγος,
1999 1984 2072 2023 καὶ
2119 1985 2266 2038 τρίτος

1228 2049 1245 2085 ὅ
1301 2044 1488 2097 Δωριστὶ
1544 2043 1769 2097 γεγραφὼς
1834 2042 1944 2095 Περὶ
1971 2041 2154 2082 “Ρόδου.

1572 2155 1925 2209 ΓΕΝΕΑΛΟΓΙΑΙ.

1742 2294 1775 2317 1.

1283 2369 1342 2404 Ad
1359 2369 1488 2405 Rhodi
1512 2369 1710 2404 historiam
1726 2367 1858 2404 referri
1880 2367 1999 2416 possit
2016 2366 2134 2403 schol.
2156 2365 2266 2402 Pind.

1230 2428 1290 2463 Ol.
1316 2429 1406 2472 VII,
1439 2431 1485 2469 24
1510 2440 1517 2462 :
1547 2425 1734 2477 Ἡρόφιλος
1767 2423 1804 2462 δὲ
1829 2424 2047 2466 Ποσειδῶνος
2065 2421 2125 2461 καὶ
2143 2421 2270 2474 Ἀφρο-

1231 2483 1325 2530 δίτης
1353 2485 1415 2529 τὴν
1446 2483 1566 2523 Ῥόδον
1591 2477 1676 2521 εἶναί
1691 2498 1808 2533 φησιν,
1837 2481 2064 2532 Ἐπιμενίδης
2094 2479 2130 2518 δὲ
2160 2478 2269 2526 αὐτὴν

1232 2541 1404 2580 Ὠκεανοῦ
1419 2544 1638 2592 γενεαλογεῖ,
1653 2543 1712 2594 ἀφ’
1728 2536 1769 2588 ἧς
1785 2540 1844 2579 καὶ
1858 2539 1919 2587 τὴν
1936 2539 2036 2578 πόλιν
2053 2535 2268 2589 ὠνομάσθαι.

1231 2604 1280 2637 At
1303 2600 1542 2650 probabilius
1575 2601 1724 2638 fluxisse
1749 2614 1794 2638 ex
1823 2600 2070 2650 genealogiis,
2099 2599 2149 2635 ad
2177 2609 2269 2646 quas

1232 2660 1326 2695 alter
1349 2659 1514 2706 ejusdem
1537 2660 1742 2696 scholiastae
1761 2661 1866 2695 locus
1884 2659 2074 2708 pertinere
2101 2656 2268 2692 videtur.

634 2769 666 2800 1.

171 2822 363 2862 Eparchides
378 2824 499 2862 narrat,
517 2831 616 2863 quum
635 2822 801 2864 Euripides
811 2824 901 2863 poeta
920 2823 952 2854 in
968 2825 1059 2854 Icaro
1071 2822 1170 2854 insula

129 2873 242 2914 hospes
255 2875 353 2911 esset,
372 2874 522 2906 accidisse
536 2876 572 2906 ut
586 2875 700 2906 mulier
713 2874 862 2915 quaedam
882 2883 955 2905 cum
966 2874 1073 2906 liberis
1087 2874 1172 2914 (duo

130 2924 185 2956 filii
212 2926 302 2956 erant
317 2925 438 2963 adulti,
455 2926 486 2957 et
504 2934 567 2957 una
587 2926 651 2957 filia
667 2926 778 2966 virgo)
793 2926 941 2957 comestis
958 2926 991 2957 in
1006 2934 1082 2966 agro
1100 2925 1171 2957 leti-

130 2976 203 3008 feris
215 2976 318 3016 fungis
334 2977 487 3009 suffocata
501 2978 595 3009 simui
606 2987 679 3010 cum
691 2978 797 3010 liberis
810 2978 926 3019 periret
938 2988 946 3017 ;
956 2977 1001 3009 ibi
1017 2979 1086 3010 tum
1102 2987 1173 3018 poe-

130 3030 196 3059 tam
211 3029 273 3060 tane
286 3029 482 3068 epigramma
498 3030 715 3070 composuisse
730 3042 737 3061 :

203 3105 228 3130 0
242 3102 303 3131 sol!
319 3103 369 3138 qui
381 3103 444 3131 coeli
460 3104 561 3140 polum
575 3105 788 3140 sempiternum
799 3111 952 3141 peragraS,
965 3131 976 3133 ff

237 3157 275 3177 an
290 3150 376 3178 talem
390 3157 529 3186 umquam
540 3151 633 3178 oculis
645 3151 740 3179 vidisti
754 3152 970 3180 calamitatem?

203 3196 325 3222 Matrem
334 3215 342 3228 ‚
358 3194 446 3222 filiam
459 3195 614 3230 virginem,
627 3195 758 3232 filiosque
768 3196 842 3225 duos
851 3218 859 3230 ‚

238 3239 343 3269 codem
358 3239 437 3268 fatali
451 3240 499 3269 (lie
509 3248 525 3269 e
541 3241 614 3268 vivis
628 3241 782 3277 abreptos!

648 3310 680 3340 2.

176 3375 324 3407 Nascitur
339 3374 370 3405 in
387 3377 494 3414 icaro,
511 3376 547 3406 ut
567 3375 756 3416 Eparchides
772 3375 835 3415 ait,
851 3375 962 3407 vinum
978 3375 1175 3408 Pramnium.

136 3426 229 3464 Quod
248 3426 310 3457 vini
327 3435 427 3467 genus
450 3435 554 3466 neque
571 3426 664 3459 dulce
686 3435 789 3467 neque
817 3426 970 3467 densum,
991 3427 1046 3460 sed
1072 3429 1176 3459 auste-

474 3494 535 3513 „fl

1229 2776 1301 2798 rum
1312 2769 1344 2799 et
1353 2768 1470 2799 durum
1480 2792 1489 2807 ‚
1504 2769 1536 2799 et
1551 2768 1703 2808 insignem
1717 2768 1837 2799 habens
1847 2767 1952 2798 vim...
1969 2766 2046 2798 Erat
2057 2766 2165 2797 autem
2179 2766 2270 2796 lcaro

1229 2818 1341 2850 insuiae
1355 2818 1441 2859 prius
1457 2827 1572 2851 nomen
1590 2819 1791 2859 Ichthyoessa
1807 2818 1966 2858 (Piscosa
1977 2820 1987 2857 )
1999 2825 2019 2849 a
2034 2816 2167 2857 piscium
2179 2815 2270 2856 copia

1230 2869 1285 2908 qui
1310 2869 1394 2901 circa
1417 2878 1487 2901 eam
1515 2869 1689 2910 gignuntur
1713 2882 1720 2901 ι
1746 2868 2019 2909 quemadmodum
2035 2867 2068 2899 et
2091 2865 2271 2899 Echinades

1230 2920 1271 2951 ab
1278 2920 1397 2952 echinis
1409 2929 1524 2952 nomen
1532 2920 1649 2952 habent
1661 2944 1670 2958 ‚
1684 2921 1716 2951 et
1729 2920 1839 2960 Sepias
1846 2917 2100 2959 promontorium
2117 2925 2136 2948 a
2151 2917 2268 2956 sepiis..

1231 2971 1312 3003 Vitis
1324 2973 1431 3003 autem
1447 2980 1520 3012 quae
1536 2972 1595 3003 sert
1611 2973 1748 3003 Icarium
1763 2970 1946 3002 Pramnium
1955 2993 1965 3008 ‚
1979 2969 2020 3000 ab
2031 2968 2150 3000 exteris
2162 2970 2272 3000 Sacra

1235 3024 1423 3064 appellatur,
1436 3025 1473 3055 ut
1488 3023 1532 3055 ait
1551 3023 1756 3064 Eparchides‚
1775 3022 1815 3053 ab
1828 3020 2042 3054 OEnoensibus
2053 3027 2130 3051 vero
2141 3021 2273 3059 Diony-

1232 3076 1312 3107 sias.
1329 3075 1386 3107 Est
1401 3075 1509 3107 autem
1522 3077 1627 3106 OEnoe
1639 3073 1780 3114 eiusdem
1795 3073 1908 3104 insulae
1921 3070 2085 3113 oppidum.

1570 3158 1932 3199 GENEALOGIAE.

1743 3247 1774 3279 1.

1278 3320 1466 3362 Herophilus
1481 3319 1620 3360 Neptuni
1641 3319 1674 3350 et
1689 3318 1823 3351 Veneris
1848 3317 1945 3350 tiliam
1963 3315 2114 3348 Rhodum
2137 3323 2206 3347 esse
2224 3314 2274 3347 di-

1237 3374 1299 3412 cit,
1316 3371 1517 3414 Epimenides
1526 3380 1602 3403 vero
1624 3379 1694 3402 eam
1717 3369 1835 3403 Oceani
1846 3369 1942 3402 filiam
1959 3367 2054 3407 dicit,
2068 3375 2087 3399 a
2100 3375 2165 3408 qua
2177 3366 2273 3399 etiam

1240 3426 1370 3459 Rhodus
1385 3425 1461 3457 urbs
1476 3431 1592 3457 nomen
1609 3422 1735 3456 habeat.
