2326 3724
108 259 186 312 268ι

106 338 166 375 καὶ
194 336 238 376 τὰ
271 338 415 375 τοιαῦτα
436 333 728 388 ἀποφηναμένων,
760 333 819 371 καὶ
847 332 1151 384 ξυμφωνησάντων

105 397 266 447 οὐδαμῶς
285 394 369 447 πρὸς
390 392 544 446 εἰρήνην,
564 391 754 444 διαρρήδην
779 392 924 443 Θεόγνις
951 391 1155 445 ἀπειρηκὼς

105 457 177 492 τῶν
211 454 369 492 σπονδῶν
386 452 452 505 ἔφη
469 453 516 496 ὡς
534 451 592 489 τὸν
614 450 766 490 Βαϊανὸν
784 452 977 503 ἀναχωρεῖν
994 466 1032 488 τε
1051 450 1155 488 αὐτὸν

105 513 164 551 καὶ
180 511 264 565 πρὸς
283 511 439 561 πολέμου
459 509 654 562 παράταξιν
681 508 942 557 ἐξοπλίζεσθαι,
958 508 1018 547 ἅτε
1037 508 1155 561 ἁῦριον

104 571 165 610 καὶ
184 572 247 610 οὐκ
266 572 300 615 ἐς
323 568 500 617 ἀναὸολὴν
521 567 770 622 ἀναρρήξοντος
796 569 900 607 αὐτοῦ
922 566 984 615 τὴν
1015 567 1151 620 μάχην.

106 629 192 669 Ἐπὶ
208 629 341 674 τούτοις
358 628 633 679 ἀπηλλάγησαν.

511 710 736 761 66.(58ι.)

156 811 247 848 Exc.
266 811 323 845 De
342 809 415 857 leg.
438 809 552 844 Rom.
578 821 617 856 p.
643 810 730 853 174.
754 805 825 852 175
844 818 852 841 ε
874 801 961 843 εὈτι
980 803 1036 841 ἐπὶ
1065 804 1157 853 τρεῖς

103 866 242 917 ἡμέρας
263 864 458 916 (ἐνιαυτοὺς
476 863 544 915 Ν.)
566 863 717 914 πόλεμος
744 860 938 912 Ῥωμαίοις
966 860 1027 899 καὶ
1046 859 1154 899 Ἀδά-

104 939 173 977 ροις
193 922 444 975 συνεκροτήθη,
457 923 630 973 μηδεμιᾶς
647 920 827 971 δυνάμεως
846 920 1054 970 Ῥωμαϊκῆς
1065 917 1157 957 κατὰ

102 981 165 1028 τὴν
186 998 272 1035 προς
291 980 482 1035 Δαλματία
508 980 661 1033 γέφυραν
684 978 931 1032 ἐπιφανείσης,
954 977 1069 1016 καίτοι
1093 992 1156 1015 σα-

103 1040 254 1094 θρότατα
286 1039 448 1092 ἔχουσαν.
524 1037 631 1077 Αλλὰ
662 1036 728 1089 γὰρ
750 1036 810 1074 καὶ
840 1038 858 1074 ὁ
891 1036 995 1106 Ἀψὶχ
1026 1035 1086 1075 καὶ
1118 1036 1157 1074 τὸ

105 1102 186 1138 κατ’
207 1098 310 1138 αὐτὸν
331 1096 515 1167 Ἀδαρικὸν
531 1098 636 1135 αὐτοῦ
652 1093 890 1149 ἐφεδρεύοντες
909 1094 1077 1148 πρότερον
1097 1110 1157 1134 το-

104 1156 238 1204 σαύτην
276 1155 536 1210 καταφρόνησιν
573 1153 792 1199 ἐπεδείξαντο
825 1154 917 1192 κατὰ
949 1153 1155 1204 Ρωμαίων,

103 1213 193 1253 ὥστε
215 1217 468 1266 μετενεχθῆναι
489 1219 579 1267 σφᾶς
595 1212 692 1251 κατὰ
711 1211 752 1259 δὴ
767 1211 831 1259 τὴν
848 1211 968 1265 ἑτέραν
988 1212 1156 1265 γέφυραν,

105 1274 215 1322 ἄλλην
245 1289 283 1312 τε
312 1273 463 1324 δύναμιν
493 1274 728 1326 προστεθῆναι
746 1273 789 1324 τῇ
818 1271 963 1321 δυνάμει
986 1273 1154 1310 Βαϊανοῦ.

105 1333 332 1384 Πιεζομένων
351 1335 535 1384 τοιγαροῦν
558 1328 677 1384 [τῶν]
695 1332 729 1368 ἐν
754 1332 804 1384 τῷ
826 1330 966 1383 Σιρμίῳ
986 1331 1080 1383 λιμῷ
1095 1345 1157 1380 με·

103 1391 231 1444 γίστῳ,
249 1392 317 1439 ἤδη
338 1407 375 1429 τε
396 1389 602 1441 ἁπτομένων
625 1389 799 1440 ἀθεμίτων
815 1391 951 1442 τροφῶν
984 1391 1034 1442 τῷ
1059 1390 1157 1427 ἐστε-

105 1453 232 1503 ρῆσθαι
252 1452 320 1488 τῶν
342 1449 544 1500 ἀναγκαίων
559 1448 619 1486 καὶ
637 1449 898 1500 γεγεφυρῶσθαι
917 1445 980 1494 τὴν
995 1447 1156 1486 διάὸασιν

103 1512 163 1547 τοῦ
181 1511 291 1557 Σαοῧ,
305 1508 364 1548 καὶ
377 1510 586 1558 Σολομῶνος
606 1507 712 1558 [τοῦ]
731 1510 924 1554 τηνικαῦτα
943 1508 1158 1559 προεστῶτος

103 1571 164 1606 τοῦ
185 1566 335 1620 Σιρμίου
356 1565 598 1618 ἐκμελέστατά
615 1581 690 1609 πως
702 1566 958 1611 διατελοῦντος,
974 1563 1034 1602 καὶ
1049 1563 1157 1615 μηδὲν

103 1629 217 1665 ὁτιοῦν
248 1625 461 1678 στρατηγίας
492 1624 658 1677 ἐχόμενον
689 1622 988 1674 ἐπιδεικνυμένου·
1017 1623 1102 1676 πρός
1117 1639 1157 1676 γε

103 1685 164 1723 καὶ
184 1686 252 1723 τῶν
276 1687 338 1731 τῆς
355 1683 491 1726 πόλεως
512 1681 753 1734 ἀπειρηκότων
775 1687 845 1725 τοῖς
863 1681 1052 1733 χαλεποῖς,
1074 1682 1156 1719 ὄλο-

104 1744 308 1796 φυρομένων
326 1758 362 1780 τε
386 1757 447 1781 και
465 1743 498 1784 ἐς
515 1741 578 1785 τὰς
603 1740 756 1793 ἐσχάτας
772 1739 914 1784 ἐλπίδας
930 1739 1158 1787 ἐξωλισθηκό-

103 1818 188 1852 των,
219 1800 551 1855 καταμεμφομένων
588 1815 626 1838 τε
659 1800 729 1843 τοῖς
766 1798 957 1850 Ρωμαίων
988 1798 1156 1851 ἡγεμόσι,

104 1859 291 1912 Θεόγνιδός
321 1875 360 1898 τε
391 1860 499 1898 αὐτοῦ
537 1857 770 1911 ὄλιγοχειρίαν
807 1860 1005 1901 νοσοῦντος·
1046 1861 1156 1896 ταῦτα

107 1920 232 1972 [ἐπεὶ]
263 1918 426 1972 Ἰιὸέριος
455 1921 473 1956 ὁ
495 1916 660 1970 βασιλευς
686 1915 897 1967 κατέμαθεν,
927 1916 1155 1969 αἱρετώτερον

105 1978 328 2030 ἡγησάμενος
349 1976 398 2028 μὴ
419 1977 814 2032 συναιχμαλωτισθῆναι
833 1977 877 2027 τῇ
895 1974 996 2013 πόλει
1015 1977 1084 2013 τῶν
1105 1976 1158 2014 οἷ-

105 2037 263 2088 κητόρων
277 2052 336 2075 τον
355 2034 516 2086 ὅμιλον]
502 2052 536 2074 εν
552 2034 740 2106 γράμμασι
756 2033 890 2073 κελεύει
906 2034 1069 2085 Θεόγνιδι
1087 2049 1156 2072 κα-

105 2096 254 2133 ταλῦσαι
272 2109 330 2132 τον
346 2093 534 2143 πόλεμον’
518 2093 575 2131 επὶ
587 2093 803 2139 σπονδαῖς(
785 2108 831 2136 ως
841 2091 1038 2137 ὑπεξελθεῖν
1053 2107 1155 2142 παμ-

105 2200 240 2240 debere,
257 2209 291 2232 se
308 2199 416 2231 faciles
429 2201 589 2231 Romanos
605 2198 646 2230 ad
663 2207 719 2237 ea,
734 2207 807 2238 quae
821 2198 916 2237 velit,
935 2198 1156 2238 reperturum.

107 2256 186 2286 llaec
203 2253 287 2285 inter
303 2261 337 2285 se
349 2252 582 2284 altercantibus
596 2253 628 2283 et
641 2250 921 2290 concertantibus,
936 2252 1045 2291 aperte
1058 2250 1161 2282 foedus

106 2304 266 2345 'lheognis
287 2305 370 2336 icere
387 2304 546 2336 recusavit
569 2305 602 2335 et
619 2303 701 2335 dixit
718 2303 859 2342 Baiano,
882 2304 920 2334 ut
944 2311 979 2334 se
1000 2302 1041 2334 ab
1057 2302 1158 2334 oculis

108 2359 329 2390 Romanorum
346 2356 561 2396 subduceret,
576 2357 608 2388 et
622 2364 711 2387 arma
725 2355 766 2387 ad
780 2363 918 2396 pugnam
933 2354 1160 2396 capessendam

109 2410 257 2451 caperet,
278 2411 436 2449 tanquam
447 2407 586 2440 crastina
603 2407 654 2439 die
664 2407 730 2439 sine
741 2407 807 2439 ulla
818 2407 971 2439 dilatione
983 2415 1100 2438 manus
1116 2406 1160 2438 illi

107 2470 218 2494 secum
235 2459 423 2493 conserendi
439 2460 631 2501 potestatem
645 2458 872 2491 facturus.11is
885 2458 980 2491 dictis
994 2458 1156 2490 abierunt.

604 2514 664 2547 66.

151 2570 288 2604 Romani
309 2571 344 2603 et
364 2572 484 2603 Avares
502 2578 558 2611 per
582 2570 649 2602 tres
664 2568 732 2601 dies
750 2568 762 2610 (
769 2577 878 2601 annos
886 2570 922 2608 Ρ)
939 2568 1161 2608 decertarunt,

108 2623 165 2656 sed
172 2632 274 2664 quum
285 2622 383 2654 nullae
393 2624 614 2655 Romanorum
625 2621 726 2662 copiae
736 2629 871 2652 numero
880 2620 1057 2652 sufficiente
1066 2628 1159 2660 appa·

111 2676 237 2715 rerent,
251 2683 325 2715 quae
335 2676 480 2715 pontem,
492 2682 556 2714 qua
569 2673 652 2705 itur
644 2682 676 2704 ιιι
688 2672 894 2711 Dalmatiam,
905 2671 1032 2703 tametsi
1047 2680 1161 2712 parum

110 2727 254 2760 munitus
266 2730 366 2766 esset,
386 2727 628 2768 oppugnarent,
645 2725 802 2766 Apsichus
815 2726 847 2756 et
860 2724 915 2765 qui
930 2733 1005 2755 cum
1019 2733 1056 2755 eo
1070 2726 1161 2755 erant

111 2784 250 2818 Avares,
265 2779 321 2819 qui
343 2779 407 2810 illic
428 2779 516 2819 prius
537 2778 576 2809 ad
602 2777 708 2818 pontis
729 2776 909 2808 custodiam
925 2775 1158 2814 consederant,

110 2834 179 2864 tam
197 2831 285 2872 parvi
302 2832 464 2862 Romanos
482 2829 656 2868 faciehant,
672 2830 709 2860 ut
725 2827 766 2860 ad
779 2828 878 2860 aliurn
891 2829 1023 2868 pontem
1035 2835 1070 2859 se
1081 2835 1161 2858 con-

113 2884 247 2921 ferrent,
273 2883 306 2913 et
330 2889 430 2913 novas
455 2882 562 2920 copias
583 2879 682 2920 copiis
704 2878 815 2911 Baiani
833 2877 1019 2918 adjicerent.
1039 2878 1080 2908 At
1106 2876 1161 2917 qui

113 2934 146 2965 in
166 2933 282 2966 Sirmio
304 2933 396 2964 erant
418 2930 537 2972 ingenti
562 2930 646 2962 same
671 2929 835 2971 oppressi,
860 2928 940 2960 cibis
962 2926 1106 2959 nefandis
1128 2935 1162 2959 se

113 2986 357 3023 sustentabant,
368 2985 442 3024 quia
454 2992 562 3016 rerum
574 2983 825 3015 necessariarum
837 2982 943 3022 inopia
957 2980 1164 3019 laborabant,

115 3040 148 3069 et
164 3037 271 3069 hostes
285 3038 415 3077 pontem
436 3036 470 3067 in
492 3038 555 3067 Sao
572 3036 722 3066 fecerant.
741 3037 901 3067 Praeterea
922 3033 1093 3072 Salomon,
1109 3032 1164 3072 qui

115 3091 194 3120 tunc
209 3088 362 3128 temporis
375 3087 490 3118 Sirmio
504 3087 662 3126 praeerat,
682 3094 797 3126 parum
812 3085 979 3126 diligenter
996 3093 1046 3117 res
1058 3083 1164 3116 admi-

116 3142 294 3180 nistrabat,
308 3149 415 3181 neque
428 3148 461 3172 se
476 3139 578 3171 ullum
595 3140 639 3171 rei
654 3139 801 3175 militaris
813 3148 909 3171 usum
930 3138 1047 3171 liabere
1061 3138 1167 3169 osten-

117 3193 225 3225 debat.
242 3195 355 3233 ltaque
373 3192 459 3224 cives
475 3192 507 3222 et
524 3190 611 3222 urbis
627 3191 741 3222 incolae
758 3191 819 3222 hac
835 3190 1018 3222 calamitate
1034 3188 1165 3229 afflicti,

118 3245 338 3286 ejulabantur,
367 3245 400 3276 et
415 3251 518 3284 quum
546 3241 585 3274 ad
604 3244 766 3274 extremas
793 3251 864 3282 spes
891 3241 1013 3274 redacti
1041 3242 1165 3281 essent,

118 3298 264 3330 omnium
277 3297 413 3329 istorum
435 3295 596 3327 malorum
612 3303 744 3326 causam
758 3294 791 3326 in
804 3294 906 3326 duces
919 3297 1079 3327 Romanos
1092 3294 1167 3333 reji-

119 3350 258 3382 ciebant.
287 3349 453 3381 Postremo
475 3347 633 3387 Theognis
647 3347 811 3387 paucitate
828 3347 966 3378 militum
987 3345 1165 3378 laborabat.

124 3405 202 3435 nnec
216 3401 271 3433 ubi
287 3400 435 3433 'liberius
447 3399 576 3438 didicit,
591 3398 698 3438 potius
711 3406 778 3430 esse
794 3397 907 3438 duxit,
925 3397 1044 3429 civium
1061 3397 1167 3429 multi-

129 3454 271 3489 tudinem
292 3461 356 3486 non
370 3461 443 3486 cum
457 3452 524 3492 ipsa
549 3450 627 3483 urbe
647 3450 679 3482 in
698 3449 893 3483 deditionem
908 3450 1043 3483 venire:
1062 3450 1170 3489 itaque

1155 2727 1202 3490 l

849 246 1134 306 ¹MENANDRI
1163 245 1513 286 PROTECTORIS

1213 331 1339 380 πληθεὶ
1361 332 1438 376 τοὺς
1456 333 1540 385 τῇδε
1557 333 1738 377 οἰκοῦντας
1751 362 1763 384 ,
1781 332 1890 384 μηδὲν
1912 333 2178 387 ἐπιφερομένους
2191 336 2260 374 τῶν

1214 390 1349 429 οἰκείων
1379 390 1402 438 ἢ
1424 391 1527 442 μόνον
1562 391 1601 430 τὸ
1623 393 1684 438 ζῆν
1704 391 1764 431 καὶ
1784 391 1968 445 παρασχὸν
2000 391 2091 431 οὕτω
2117 393 2260 446 περιὸό·

1213 450 1311 488 λαιον
1332 448 1382 490 ἕν.
1421 450 1494 489 Καὶ
1513 449 1556 497 δὴ
1576 450 1773 498 συνέδησαν
1791 452 1849 489 ἐπὶ
1871 452 1946 495 ταῖς
1962 453 2115 490 τοιαῖσδε
2136 451 2262 499 ξυνθή-

1214 524 1310 558 καις,
1330 509 1390 548 καὶ
1409 509 1453 548 τὰ
1469 514 1528 549 τοῦ
1545 510 1700 561 πολέμου
1714 510 1907 565 ἐλώφησεν,
1927 512 1980 564 ἐφ’
2001 505 2029 564 ᾧ
2044 515 2265 566 παραχωρῆ-

1217 583 1278 606 σαι
1303 568 1366 618 μὲν
1387 567 1588 618 εΡιιιμαίους
1602 568 1761 622 Ἀὅάροις
1778 573 1840 616 τῆς
1858 569 2013 617 πόλεως,
2037 570 2204 623 Ἀδάρους
2226 569 2262 609 δὲ

1218 625 1414 677 Ῥωμαίοις
1430 630 1490 665 τοῦ
1510 629 1545 666 ἐν
1565 630 1610 680 τῇ
1626 628 1727 667 πόλει
1746 628 1910 676 πλήθους,
1923 628 2003 667 ἄνευ
2013 631 2087 679 ὑτῶν
2105 630 2170 668 ὅσα
2181 630 2264 668 ἑκά·

1217 701 1288 738 στιγι
1308 686 1343 723 ἐν
1363 685 1547 739 περιουσίᾳ
1576 688 1748 739 ὑπῆρχεν.
1775 687 1961 734 Ἐπεζήτει
1996 687 2032 725 δὲ
2063 690 2081 725 ὃ
2101 687 2264 739 Χαγάνος

1217 744 1277 782 καὶ
1295 745 1399 797 τριῶν
1416 745 1501 782 ἐτῶν
1522 745 1790 799 παρῳχημένων
1809 746 1966 799 χρυσίον,
1981 740 2029 785 ὧν
2050 747 2114 785 οὔκ
2130 746 2264 798 εἰλήφει

1217 819 1251 841 τι
1267 801 1359 841 κατὰ
1375 802 1414 840 τὸ
1432 802 1595 852 σύνηθες,
1615 807 1683 842 τῶν
1703 805 1955 857 παρεχομένων
1979 807 2076 859 αὐτῷ
2100 804 2188 858 υπὲρ
2204 810 2264 845 τοῦ

1218 860 1268 912 μὴ
1287 864 1442 914 χρῆ-σθαι
1462 859 1595 906 ὅπλοις.
1617 856 1738 901 Ἦσαν
1769 863 1805 902 δὲ
1836 862 1880 902 τὰ
1903 866 2062 917 εἰρηναῖα
2093 864 2265 917 χρήματα

1218 919 1358 972 ἑκάστῳ
1387 919 1457 958 ἔτει
1477 920 1568 974 ἀμφὶ
1585 921 1746 972 χιλιάδας
1766 922 1980 974 ὄγδοηκοντα
2002 924 2160 1000 χρυσίου
2167 939 2267 974 νομι-

1218 978 1377 1029 σμάτων.
1395 975 1444 1018 F
1446 994 1480 1017 τι
1499 995 1538 1030 γε
1560 979 1629 1030 μὴν
1649 979 1709 1018 καὶ
1723 979 1784 1018 ἕνα
1800 981 1879 1019 τινὰ
1894 983 1963 1020 τῶν
1982 984 2042 1020 ὑπ’
2069 983 2163 1036 αὐτῶ
2179 998 2264 1021 τατ-

1217 1037 1385 1087 τομένων,
1402 1036 1438 1080 ὃς
1423 1037 1699 1110 προσεχώρησε
1717 1041 1759 1089 τῇ
1777 1038 1968 1090 Ῥωμαίων
1981 1039 2154 1094 πολιτεία,
2170 1040 2262 1079 καθὰ

1217 1093 1372 1146 λέγεται,
1401 1098 1445 1148 τῇ
1462 1095 1603 1147 γυναικὶ
1637 1100 1697 1134 τοῦ
1720 1098 1908 1136 Βαῖανοῦ’
1893 1115 1925 1142 ες
1943 1099 2129 1152 ἀφροδίσια
2145 1103 2267 1138 συνελ-

1218 1151 1297 1193 θών.
1319 1153 1441 1206 Ταύτῃ
1461 1170 1514 1194 τοι
1531 1154 1760 1205 κατάδηλον’
1744 1156 1888 1203 εποίησε
1904 1156 2068 1208 Οεόγνιδι
2080 1157 2268 1204 ἐκδοθῆναί

1220 1214 1251 1250 οἱ
1277 1212 1335 1250 τὸν
1356 1213 1567 1264 αὐτόμολον·
1595 1217 1617 1261 ἠ
1638 1213 1705 1266 γὰρ
1720 1213 1762 1252 ἂν
1783 1215 1898 1259 ἄλλως
1917 1214 1967 1267 μὴ
1990 1215 2169 1260 ἀνεξεσθαι
2185 1216 2268 1255 ἰδεῖν

1219 1271 1251 1314 ἐς
1271 1271 1434 1316 σπονδάς.
1457 1272 1501 1311 Ὁ
1522 1273 1558 1311 δέ
1593 1288 1633 1325 γε
1654 1273 1906 1325 ἀντεσήμηνεν,
1927 1277 1973 1318 ὡς
1988 1277 2010 1321 ἡ
2030 1277 2075 1326 γῆ
2096 1278 2155 1314 τοῦ
2176 1274 2270 1314 Ῥω·

1220 1329 1332 1379 μαίων
1355 1330 1527 1382 βασιλέως
1548 1331 1697 1383 μεγίστη
1715 1331 1755 1371 τέ
1778 1334 1852 1371 ἐστι
1872 1332 1933 1371 καὶ
1953 1332 2120 1382 ἄπλετος,
2146 1333 2206 1372 καὶ
2222 1335 2270 1378 ὡς
2318 1345 2323 1349 “

1219 1388 1424 1441 δυσεύρετόν
1441 1405 1473 1427 τι
1487 1389 1596 1443 φυγὰς
1620 1388 1708 1443 ἀνὴρ
1727 1391 1763 1428 ἐν
1781 1392 1870 1444 αὐτῇ
1892 1390 2091 1442 ἀλώμενος,
2114 1391 2221 1444 τυχὸν
2233 1391 2269 1430 δὲ

1219 1445 1271 1485 ὅτι
1301 1448 1361 1485 καὶ
1379 1448 1509 1501 ὀλέθρῳ
1527 1448 1617 1496 ἥλω.
1642 1448 1735 1502 Πρὸς
1760 1453 1873 1488 ταῦτα
1894 1449 2069 1496 ἀντέλεξεν
2087 1453 2106 1489 ὁ
2121 1451 2271 1496 Βαῖανὸς

1219 1505 1365 1555 ὀμνύναι
1381 1505 1459 1550 τοὺς
1476 1506 1666 1557 Ῥωμαίων
1688 1507 1879 1559 ἡγεμόνας,
1902 1511 1948 1552 ὡς
1963 1509 2269 1559 ἂναμαστεύσωσι,

1219 1579 1278 1602 και
1298 1563 1330 1602 εἴ
1348 1581 1382 1602 τι
1399 1564 1529 1618 εὕροιεν
1548 1565 1605 1604 τὸν
1623 1566 1782 1639 φυγάδα,
1805 1566 2066 1620 ἀποκρύψοιντο
2086 1568 2268 1619 οὐδαμῶς,

1219 1624 1298 1661 ἀλλ’
1321 1624 1361 1661 ἐκ
1377 1623 1506 1667 παντὸς
1524 1623 1655 1676 τρόπου
1672 1626 1854 1676 ἐγχειριεῖν
1883 1625 1986 1663 αὐτὸν
2007 1628 2056 1664 τῶ
2076 1629 2144 1665 τῶν
2161 1626 2267 1665 'Aeni-

1220 1696 1286 1734 ρων
1312 1682 1492 1742 μονάρχῳ·
1513 1684 1542 1720 εἷ
1566 1682 1603 1720 δέ
1629 1698 1667 1734 γε
1693 1682 1949 1731 τετελευτηκως
1981 1684 2058 1732 εἴη,
2087 1701 2148 1724 και
2177 1684 2269 1724 οὕτω

1220 1744 1393 1791 σημῆναι.

1271 1804 1364 1841 Exc.
1385 1805 1442 1839 De
1454 1810 1551 1842 sent.
1565 1816 1605 1852 p.
1626 1803 1726 1846 364:
1744 1801 1829 1842 εὈτι
1846 1801 1991 1852 Θεόγνις
2010 1802 2067 1821 *⁴⁹*
2071 1802 2104 1843 *.

1272 1861 1329 1899 Cf.
1352 1863 1563 1911 Theophyl.
1588 1863 1795 1899 Simocatta
1812 1863 1907 1900 Hist.
1927 1863 1965 1908 Ι,
1981 1862 2036 1899 3:
2055 1833 2108 1900 Ti}
2125 1862 2158 1900 δ’
2178 1862 2270 1905 ὅπως

1219 1917 1366 1970 Σίρμιον
1385 1918 1486 1970 ἥλω,
1495 1919 1713 1992 Μενάνδρῳ
1731 1935 1781 1972 τῳ
1806 1922 1990 1972 περιφανεῖ
2009 1922 2128 1974 σαφῶς
2149 1919 2267 1971 διηγό-

1220 1990 1351 2030 ρευται·
1382 1993 1461 2031 περι
1491 1981 1539 2016 ὡν
1559 1977 1598 2016 οὔ
1620 1994 1678 2029 μοι
1699 1978 1811 2031 σχολὴ
1844 1979 2186 2038 ἐπεργαστικώτερον
2201 1979 2271 2023 τοῖς

1223 2051 1372 2088 μακροις
1399 2036 1540 2081 ἐκείνοις
1558 2038 1671 2088 λόγοις
1690 2036 1897 2085 ἐπεξελθεῖν,
1917 2039 2015 2081 αὖθις
2044 2037 2073 2076 δ’
2093 2037 2270 2091 ἀριζήλως

1224 2094 1396 2148 εἰρημένα
1416 2095 1673 2147 μυθολογεύειν.

1225 2209 1282 2241 per
1310 2201 1420 2233 literas
1447 2201 1542 2242 jussit
1570 2201 1788 2243 Theognidem
1813 2202 1934 2234 bellum
1961 2202 2009 2234 liis
2035 2202 2273 2235 conditionibus

1222 2252 1365 2293 solvere,
1382 2254 1419 2285 ut
1431 2253 1543 2286 liceret
1560 2254 1710 2286 omnibus
1727 2254 1782 2295 qui
1802 2254 1835 2286 iu
1848 2254 1928 2286 urbe
1945 2253 2156 2294 babitabant,
2169 2254 2273 2286 salvis

1221 2306 1253 2336 et
1281 2304 1497 2338 incolumibus
1524 2306 1631 2347 exire,
1666 2314 1771 2346 neque
1799 2306 1975 2347 quicquam
2004 2314 2136 2337 suarum
2164 2314 2271 2338 rerum

1220 2355 1295 2388 inde
1314 2359 1482 2397 asportare
1504 2359 1622 2398 praeter
1646 2359 1747 2389 vitam
1768 2359 1801 2391 et
1827 2366 1925 2389 unam
1946 2358 2083 2389 vestem
2103 2359 2216 2398 ltaque
2238 2357 2271 2389 in

1222 2409 1282 2441 lias
1306 2409 1535 2442 conventiones
1563 2411 1811 2450 consenserunt,
1836 2411 1869 2442 et
1893 2409 2014 2441 bellurn
2041 2408 2090 2441 bis
2113 2409 2271 2441 conditio·

1221 2461 1316 2494 nibus
1340 2462 1454 2502 desiit,
1478 2464 1516 2494 ut
1544 2462 1682 2495 Romani
1710 2458 1871 2495 Avaribus
1898 2462 2012 2494 urbem
2037 2461 2210 2501 dederent,
2239 2463 2273 2494 et

1222 2517 1342 2546 Avares
1358 2515 1510 2548 Romanis
1525 2525 1675 2556 omnem,
1698 2524 1773 2557 quae
1795 2515 1828 2547 in
1853 2523 1890 2547 ea
1914 2515 2002 2554 erat,
2017 2513 2271 2554 multitudinem,

1221 2564 1343 2606 absque
1371 2565 1420 2598 his
1445 2575 1520 2607 quae
1543 2566 1765 2607 unusquisque
1791 2574 1904 2598 eorum
1930 2565 1963 2597 in
1993 2565 2084 2597 bonis
2107 2564 2268 2604 babebat,

1223 2617 1444 2650 concederent.
1472 2620 1588 2660 Exegit
1611 2619 1710 2651 etiam
1730 2619 1902 2658 chaganus
1917 2617 2017 2650 trium
2034 2616 2274 2656 praeteritorum

1222 2677 1381 2701 annorum
1401 2678 1536 2710 aurum,
1554 2670 1640 2711 quod
1657 2679 1722 2702 non
1738 2671 1923 2711 acceperat,
1941 2670 1973 2701 et
1988 2668 2034 2701 illi
2049 2668 2185 2700 Romani
2204 2667 2271 2699 sol-

1225 2731 1299 2754 vere
1319 2722 1485 2762 solebant,
1510 2725 1548 2755 ut
1565 2723 1664 2756 armis
1689 2723 1875 2755 abstineret.
1895 2723 1996 2755 Erant
2013 2730 2090 2754 vero
2106 2721 2273 2762 pecuniae,

1223 2783 1297 2814 quae
1315 2783 1373 2814 pro
1389 2783 1467 2814 pace
1480 2783 1677 2815 unoquoque
1694 2784 1779 2807 anno
1801 2774 2037 2815 pendebantur,
2055 2773 2095 2804 ad
2112 2772 2274 2812 octoginta

1225 2825 1324 2857 millia
1348 2835 1555 2858 nummorum
1579 2835 1764 2858 aureorum.
1785 2829 1945 2858 Praeterea
1968 2834 2051 2856 unus
2069 2833 2111 2856 ex
2126 2823 2195 2863 bis,
2215 2823 2274 2864 qui

1224 2877 1285 2909 sub
1306 2887 1344 2910 eo
1368 2878 1573 2917 militabant,
1589 2878 1621 2909 in
1638 2880 1858 2909 Romanorum
1878 2876 2020 2916 regiones
2039 2876 2180 2916 fugerat,
2196 2875 2274 2916 quia

1224 2929 1391 2961 dicebatur
1415 2929 1610 2961 adulterium
1632 2938 1707 2961 cum
1722 2928 1831 2961 Baiani
1854 2936 1956 2960 uxore
1980 2926 2184 2959 commisisse.
2205 2928 2274 2962 Hoc

1225 2981 1417 3021 significavit
1431 2981 1626 3022 Theognffli,
1641 2983 1674 3012 et
1686 2980 1747 3012 sibi
1761 2980 1958 3020 transfugam
1973 2978 2062 3010 reddi
2079 2977 2272 3019 postulavit,

1225 3040 1324 3072 seque
1347 3041 1412 3064 non
1437 3032 1530 3064 aliter
1557 3032 1714 3064 soederum
1731 3031 1930 3064 conditiones
1960 3030 2043 3062 serre
2067 3038 2159 3070 posse
2183 3029 2274 3060 affir-

1227 3086 1340 3118 mavit.
1363 3086 1523 3126 Theognis
1545 3085 1726 3126 respondit,
1743 3083 1877 3116 Romani
1901 3081 2104 3123 imperatoris
2120 3081 2273 3112 ditionem

1227 3137 1324 3178 longe
1337 3137 1468 3178 lateque
1486 3139 1613 3178 patere,
1631 3137 1663 3168 in
1681 3145 1766 3176 qua,
1788 3136 1955 3176 propterea
1973 3133 2060 3174 quod
2079 3133 2275 3174 amplissima

1227 3191 1260 3222 et
1274 3188 1452 3221 vastissima
1465 3190 1567 3228 esset,
1585 3197 1635 3220 res
1648 3187 1785 3219 difficilis
1799 3187 1930 3218 inventu
1945 3186 2026 3217 soret
2043 3185 2093 3216 vir
2108 3184 2200 3216 exul*
2192 3193 2225 3215 ιιι
2236 3193 2275 3216 ea

1229 3249 1348 3279 errans,
1359 3241 1414 3280 qui
1426 3241 1557 3272 sortasse
1567 3239 1736 3278 etiamjam
1750 3238 1904 3279 periisset.
1915 3237 1964 3268 Ad
1974 3245 2011 3268 ea
2026 3236 2164 3276 Baianus
2173 3235 2273 3267 dixit:

1231 3306 1247 3320 «
1262 3295 1280 3325 J
1285 3294 1379 3325 urent
1392 3292 1487 3332 igitur
1501 3291 1635 3324 Romani
1649 3290 1765 3329 duces,
1781 3298 1815 3321 se
1829 3289 2080 3330 perquisiturus,
2091 3287 2158 3319 etsi
2172 3289 2276 3319 trans-

1231 3346 1339 3385 fugam
1356 3343 1548 3384 repererint,
1572 3351 1635 3374 non
1658 3342 1895 3380 occultaturos,
1912 3340 1967 3372 sed
1992 3340 2124 3371 omnino
2146 3347 2221 3370 eum
2242 3339 2275 3370 in

1231 3404 1344 3428 manus
1373 3399 1514 3427 Avarum
1542 3394 1606 3434 regi
1633 3393 1827 3432 tradituros;
1856 3392 1906 3424 sin
1929 3393 2039 3423 autem
2061 3391 2124 3423 tato
2144 3391 2275 3423 functus

1231 3449 1288 3488 sit,
1306 3447 1374 3487 ejus
1391 3447 1434 3479 rei
1450 3447 1552 3487 ipsum
1569 3445 1737 3478 certiorem
1755 3445 1898 3477 facturos
1911 3452 1988 3476 esse.
2017 3455 2030 3471 ι
