2372 3704
162 280 236 312 372

156 360 216 390 νης
233 344 320 388 τίνος
329 343 420 383 ἐστὶν
441 347 458 382 ὃ
471 344 586 392 τόπος,
608 363 621 378 «ι
632 345 745 397 Κόρη,
762 346 834 395 σός,
851 362 866 380 n
882 347 1002 384 εἰπεῖν.
1020 349 1110 396 Quae
1124 349 1201 384 for-

157 411 251 439 tasse
266 417 309 440 ex
334 405 415 453 ipso
437 406 654 454 Creophylo
674 405 876 442 fluxerunt.
893 405 1069 452 Ejusdem
1085 408 1200 443 indo-

158 461 202 498 lis
218 470 274 498 est
290 462 414 499 sabula
432 476 546 511 quam
560 464 607 499 de
618 465 683 500 Tei
704 466 850 514 origine
869 473 998 501 narrat
1018 466 1198 514 Pherecy-

157 521 222 556 des
240 521 283 557 fr.
307 534 320 557 1
334 534 394 559 12.
417 522 553 557 Ionicae
577 522 727 558 dialecti
749 524 946 572 vestigium
970 531 1140 572 superest
1163 525 1201 559 in

156 592 252 627 voce
267 578 358 618 ἔτεα.
371 581 448 616 Nec
460 581 710 629 improbabile
722 589 776 617 est
790 583 1069 630 antiquioribus
1077 583 1199 618 histo·

157 637 248 674 ricis
275 639 562 688 horographum
594 647 765 675 nostrum
796 641 1073 677 accensendum
1101 653 1199 686 esse,

159 709 391 746 quamquam
408 699 548 734 erravit
570 699 951 748 Schweigliaeuserus,
971 701 1036 748 qui
1055 701 1203 748 putavit

158 756 320 792 eundem
338 769 414 792 esse
432 764 627 792 auctorem
644 770 756 805 quem
771 758 897 794 ferunt
911 760 1087 794 carminis
1103 760 1202 806 epici

159 813 353 865 Ἡρακλεία
391 808 584 866 (Οἷχαλίας
620 814 768 863 ἅλωσις)
811 817 982 865 inscripti
1015 817 1198 866 (Pausan.

159 875 225 920 IV,
247 887 284 918 2,
317 873 380 923 2),
399 874 447 910 de
463 887 539 921 quo
559 887 596 910 v·
617 875 861 911 VVelckerum
887 878 944 912 De
968 877 1078 925 cyclo
1100 877 1199 924 epic.

159 946 196 980 p.
218 945 294 981 229
310 946 394 982 sqq.
420 933 529 969 Adde
549 946 631 980 quae
648 934 749 969 idem
770 934 818 970 de
839 936 1003 970 nominis
1016 935 1202 984 significa-

157 993 259 1027 tione
293 999 330 1027 et
363 992 636 1043 orthographia
667 992 835 1040 disputat
861 1006 901 1041 p.
932 1006 1007 1042 219
1034 1006 1115 1042 sqq.
1144 994 1199 1031 Cf.

156 1050 288 1098 Steph.
310 1051 418 1087 Thes.
441 1063 475 1085 v.
500 1048 720 1101 Κρεώφυλος.

571 1177 786 1192 —QOQ—

459 1282 890 1343 CRITOLAUS·

509 1420 853 1460 ΗΠΕΙΡΩΤΙΚΑ.

464 1527 495 1564 Ε
520 1527 670 1565 LIBRO
698 1527 894 1566 TERTIO.

662 1629 695 1654 1.

210 1697 432 1733 Plutarchus
445 1698 531 1735 Par.
546 1699 639 1735 min.
660 1711 695 1736 c.
716 1698 765 1734 6.
786 1696 977 1748 Ῥωμαίων
994 1700 1078 1754 πρὸς
1102 1700 1202 1753 Πύρ-

156 1769 213 1805 ρον
240 1753 463 1807 Ἠπειρώτην
484 1754 744 1805 πολεμούντων,
771 1739 931 1806 Αἶμίλιος
951 1760 1091 1802 Παυλος
1118 1774 1201 1811 χρη

155 1812 244 1862 σμὸν
263 1812 368 1851 ἔλαόε
400 1817 563 1863 νικῆσαι,
582 1814 734 1865 βωμον’
720 1814 779 1853 εὰν
807 1814 952 1867 ποιήσῃ,
973 1816 1052 1855 ἔνθα
1083 1817 1125 1856 ἂν
1145 1818 1201 1870 ἴδῃ

153 1872 314 1923 γάσματι
333 1873 568 1925 κρυπτόμενον
586 1872 694 1925 ἄνδρα
711 1876 779 1911 τῶν
809 1874 994 1926 ἐπισήμων
1025 1876 1116 1927 μετὰ
1146 1877 1204 1931 ἅρ-

155 1946 282 1980 υ.·ατος
318 1930 407 1980 μετὰ
440 1933 530 1982 τρεῖς
551 1931 686 1984 ἡμέρας
717 1932 911 1985 Οὐαλέριος
944 1935 1102 1979 Κονάτος
1123 1939 1200 1975 κατ’

153 1990 236 2041 ὄναρ
259 1991 289 2027 io
277 1989 339 2027 ὼν
358 1990 531 2027 ἀναλαὸε
519 2006 546 2027 ιν
565 1990 684 2042 ιερέως
694 1989 824 2041 κόσμον
843 1988 1038 2046 (καιγὰρ’
1016 2010 1058 2042 ην
1073 2011 1200 2045 μαντι-
1246 2002 1250 2005 ’

153 2051 216 2095 κῆς
229 2048 424 2102 ἔμπειρος),
442 2049 690 2100 στρατηγήσας
704 2049 763 2087 καὶ
779 2050 926 2095 πολλους
940 2053 1121 2103 φονεύσας,
1134 2055 1201 2093 ὑπὸ

151 2110 212 2157 γ’ῆς
229 2107 420 2154 κατεπόθη.
439 2107 484 2146 ‘O
504 2108 666 2158 Αἰμίλιος
685 2106 720 2146 δὲ
742 2108 860 2161 βωμὸν
876 2110 1018 2163 ἱδρύσας
1033 2142 1044 2162 ,
1064 2113 1201 2161 ἐνίκησε

154 2166 213 2203 καὶ
234 2166 358 2204 ἑκατὸν
380 2165 544 2213 ἑξήκοντα
565 2167 804 2220 πυργοφόρους
827 2167 1017 2222 ἐλέφαντας
1036 2173 1083 2215 εἷς
1103 2171 1200 2212 Ῥώ-

154 2239 222 2273 μην
238 2240 322 2263 κατε
315 2223 476 2278 ’πεμψεν.
498 2225 540 2265 Ὁ
555 2225 591 2264 δὲ
609 2226 724 2278 βωμὸς
745 2227 955 2276 μαντεύεται
972 2230 1052 2268 κατ’
1070 2232 1198 2271 εκεῒνον

152 2283 210 2321 τὸν
230 2283 366 2336 καιρὸν,
388 2287 466 2322 καθ’
486 2285 522 2323 ὃν
540 2285 682 2333 ἐνικήθη
705 2285 865 2339 Πύρρος,
893 2289 940 2331 ὡς
963 2290 1094 2341 ἱστορεῖ
1111 2294 1196 2345 Κρι-

151 2342 272 2386 τόλαος
288 2343 387 2394 τρίτῃ
401 2343 679 2397 Ἠπειρωτικῶν.
697 2347 752 2385 Cf.
766 2349 952 2396 Droysen.
978 2352 1199 2392 Hellenism.

152 2403 202 2446 11,
224 2416 264 2451 p.
283 2402 353 2447 Ul5
372 2411 454 2441 not.

1100 259 1364 310 cartomi,

1625 380 1949 419 ψΑιΝοΜΕΝΑ.

1555 473 1585 508 E
1619 473 1767 510 LIBRO
1796 473 2011 520 QUARTO.

1765 565 1802 590 2.

1316 623 1373 659 Id.
1395 623 1447 660 ib.
1471 637 1503 660 c,
1525 637 1550 672 9
1573 636 1582 661 :
1602 623 1730 675 Κρόνος
1743 622 1956 668 ἐπιξενωθεὶς
1975 625 2131 677 γεωργῷ,
2149 618 2178 677 ᾧ
2194 619 2237 672 ἧν
2249 629 2308 664 θυ-

1263 678 1376 731 γάτηρ
1399 679 1676 733 καλὴἘντωρία
1689 712 1699 729 ,
1716 681 1846 729 ταύτην
1868 681 2025 726 ἐόιάζετο
2045 682 2106 720 καὶ
2122 682 2309 722 ἐτέκνωσεν

1263 736 1379 787 υἱοὺς,
1396 737 1525 788 Ἰάνον,
1557 737 1709 788 υΥμνον,
1738 742 1920 788 Φαῦστον,
1947 740 2109 787 Φήλικα.
2133 740 2222 787 Δοὺς
2250 737 2309 781 οὗν

1263 793 1389 845 τρόπον
1405 798 1466 841 τῆς
1484 800 1544 833 τοῦ
1559 796 1649 834 οἴνου
1669 797 1804 842 πόσεως
1820 797 1879 836 καὶ
1898 801 1960 846 τῆς
1979 798 2159 848 ἀμπέλου,
2182 799 2310 846 ἠξίωσε

1263 852 1322 890 καὶ
1351 859 1422 897 τοῖς
1437 853 1567 904 γείτοσι
1599 856 1824 905 μεταδοῦναι.
1841 857 2058 904 Ποιήσαντες
2089 859 2119 896 δ’
2145 857 2230 897 αὐτὸ
2244 859 2306 898 καὶ

1264 911 1399 956 πιόντες
1416 912 1513 964 παρὰ
1529 913 1569 951 τὸ
1589 912 1750 961 σύνηθες,
1770 916 1816 958 εἷς
1828 915 1934 953 ὕπνον
1951 916 2219 969 κατηνέχθησαν
2242 921 2310 970 βα-

1266 970 1404 1022 ρύτερον
1425 975 1484 1009 τοῦ
1507 971 1659 1015 δέοντος·
1678 974 1709 1010 οἳ
1735 973 1771 1011 δὲ
1800 976 2103 1027 πεφαρμακῶσθαι
2133 976 2310 1026 δόξαντες,

1264 1028 1368 1072 λίθοις
1385 1029 1570 1082 βάλλοντες
1601 1030 1660 1069 τὸν
1681 1031 2076 1084 ’1κάριονάπε’·κτειναν
2092 1036 2124 1073 οἱ
2146 1034 2180 1073 δὲ
2199 1038 2311 1087 θυγα-

1265 1087 1378 1139 τριδαὶ
1408 1088 1674 1139 ἀθυμήσαντες,
1710 1090 1829 1161 βρόχῳ
1859 1090 1925 1129 τὸν
1941 1091 2014 1144 βίον
2050 1092 2306 1147 κατέστρεψαν.

1265 1148 1400 1196 Λοιμοῧ
1419 1145 1454 1185 δὲ
1481 1147 1719 1200 κατασχόντος
1736 1148 2001 1200 Ῥωμαίους,ν
1982 1166 2129 1204 εχρησεν
2144 1154 2162 1191 ὁ
2179 1152 2311 1197 Πύθιος

1265 1204 1459 1257 λωφήσειν,
1479 1205 1539 1244 ἐὰν
1559 1206 1784 1251 ἐξιλάσωνται
1810 1212 1872 1247 τοῦ
1894 1208 2028 1262 Κρόνου
2051 1210 2114 1256 τὴν
2131 1226 2233 1261 μηνιν
2251 1213 2312 1251 καὶ

1265 1263 1342 1307 τοὺς
1365 1264 1531 1316 δαίμονας
1543 1268 1612 1304 τῶν
1639 1266 1776 1318 ἀνόμως
1795 1268 2036 1318 ἀπολομένων.
2065 1269 2256 1315 Λουτάτιος
2274 1269 2311 1310 δὲ

1267 1323 1405 1367 Κάτλος
1418 1353 1429 1373 ,
1447 1324 1534 1377 ἀνὴρ
1554 1327 1623 1363 τῶν
1641 1325 1836 1376 ἐπισημων,
1851 1326 2088 1365 κατεσκεύασε
2100 1330 2150 1366 τῶ
2169 1330 2237 1382 θεῷ
2255 1329 2313 1368 τέ-

1266 1397 1365 1428 μενος
1380 1381 1419 1420 τὸ
1436 1381 1592 1433 κείμενον
1622 1383 1788 1435 σύνεγγυς
1814 1400 1874 1423 του
1900 1387 1934 1424 Γ
1936 1401 2088 1438 αρπηιου
2114 1386 2232 1440 ὄρους,
2252 1387 2313 1426 καὶ

1266 1440 1324 1478 τὸν
1350 1440 1421 1478 ἄνω
1443 1442 1562 1493 βωμὸν
1581 1442 1747 1495 ἱδρύσατο
1769 1442 2078 1496 τετραπρόσωπον,
2103 1443 2126 1491 ἢ
2148 1444 2205 1484 διὰ
2235 1445 2314 1490 τους

1266 1500 1495 1553 θυγατριδὰς,
1527 1499 1550 1547 ἢ
1583 1517 1635 1540 οτι
1656 1502 1871 1556 τετραμερὴς
1900 1505 1918 1541 ὁ
1953 1504 2105 1548 ἐνιαυτός
2123 1505 2218 1552 ἐστι,
2251 1504 2312 1544 καὶ

1266 1560 1359 1607 μῆνα
1377 1558 1569 1603 κατέδειξεν
1587 1558 1819 1612 Ἰανουάριον.
1844 1560 1888 1600 Ὁ
1900 1560 1935 1599 δὲ
1954 1561 2087 1614 Κρόνος
2098 1562 2232 1610 πάντας
2246 1578 2313 1602 κα-

1264 1631 1369 1660 τηστε
1356 1615 1481 1668 ’ρισεν.
1521 1617 1592 1656 Καὶ
1623 1619 1655 1655 οἱ
1691 1619 1754 1667 μὲν
1793 1621 1982 1658 καλοῦνται
2012 1636 2313 1675 προτρυγητηρες,

1264 1674 1314 1711 ὁ
1296 1673 1325 1711 ο’
1345 1673 1453 1718 Ἰάνος
1469 1675 1749 1727 προανατέλλων·
1766 1677 1990 1717 δείκνυταιδὲ
2005 1681 2022 1717 ὁ
2037 1679 2148 1732 ἀστὴρ
2163 1679 2230 1732 πρὸ
2243 1682 2313 1719 τῶν

1264 1733 1380 1771 ποδων
1394 1736 1455 1780 τῆς
1473 1733 1658 1787 παρθένου·
1675 1736 1721 1780 ὥς
1737 1736 1926 1788 Κριτόλαος
1948 1738 1982 1775 ἐν
2003 1738 2152 1791 τετάρτῃ
2173 1740 2311 1778 Φαινο-

1265 1790 1390 1841 μένων.

1682 1903 1897 1919 ἥθ’-

1769 1977 1805 2013 3.

1317 2063 1446 2098 Festus
1464 2076 1503 2111 p.
1521 2063 1596 2112 329
1610 2065 1670 2101 ed.
1687 2067 1838 2105 Miiller.
1864 2080 1871 2102 :
1890 2070 1941 2103 At
1951 2067 2139 2104 Critolaus
2150 2069 2312 2106 Saonem

1262 2133 1312 2156 ex
1329 2119 1587 2168 Samothrace,
1608 2136 1690 2159 cum
1707 2127 1829 2160 AEtzea
1842 2126 1929 2161 deos
1946 2127 2109 2162 Penates
2123 2130 2189 2175 qui
2201 2129 2314 2164 Lavi-

1262 2183 1365 2216 nium
1381 2183 1618 2227 transtulerit,
1635 2184 1777 2220 saliare
1784 2197 1902 2232 genus
1909 2186 2078 2221 saltandi
2094 2189 2301 2231 instituisse,

1263 2250 1288 2273 a
1316 2252 1387 2286 quo
1403 2241 1614 2288 appellatos
1638 2241 1781 2286 Salios,
1817 2243 1947 2290 quibus
1967 2255 2041 2291 per
2061 2256 2188 2279 omnes
2213 2245 2301 2287 dies,

1263 2297 1480 2346 ubicumque
1497 2308 1666 2344 manent,
1690 2303 1778 2348 quia
1797 2303 1940 2349 amplat²
1962 2311 2153 2350 ponuntur
2180 2315 2304 2342 cenoe.

1262 2359 1296 2391 si
1313 2369 1399 2405 quoe
1414 2359 1508 2392 alioe
1526 2371 1678 2408 magnoe
1692 2367 1785 2403 sunt,
1807 2361 1964 2396 saliares
1983 2362 2236 2409 appellantur.

1318 2430 1334 2446 ει
1353 2416 1409 2451 De
1439 2416 1513 2451 hoc
1542 2417 1664 2453 Saone
1687 2418 1910 2467 Wesseling.
1933 2418 1983 2454 ad
2000 2418 2165 2455 Diodor.
2182 2421 2226 2466 V,
2247 2419 2312 2466 48,

167 2480 2313 2504 Ἣ

532 2547 796 2588 EPIROTICA
806 2578 815 2587 .

192 2631 344 2663 Romanis
357 2631 476 2663 bellum
489 2632 643 2665 adversus
657 2634 815 2674 Pyrrhum
830 2636 993 2676 Epirotam
1005 2639 1200 2680 gerentibus,

151 2683 283 2715 oraculo
311 2683 446 2715 victoria
470 2685 625 2725 promissa
640 2687 688 2717 est
704 2686 832 2718 AEmilio
850 2688 966 2727 Paulo,
994 2689 1019 2720 si
1036 2698 1123 2721 aram
1146 2700 1203 2731 po-

149 2735 263 2767 suisset
284 2744 323 2767 eo
339 2735 429 2775 loco,
453 2745 518 2777 quo
535 2736 660 2769 videret
679 2738 786 2770 virum
812 2738 968 2772 illustrem
987 2740 1126 2781 aliquem
1140 2751 1203 2774 una

151 2796 226 2819 cum
245 2797 341 2819 curru
367 2789 454 2820 liiatu
481 2791 576 2821 torrae
598 2790 730 2822 hauriri.
749 2791 869 2823 Triduo
889 2794 961 2832 post
977 2794 1121 2826 Valerius
1144 2796 1202 2826 Co-

150 2842 263 2880 natus,
285 2841 382 2873 homo
401 2841 545 2882 divinus,
568 2852 624 2883 per
642 2844 800 2876 somnium
815 2845 921 2884 jussus
937 2848 1056 2878 vestem
1072 2847 1202 2887 pontifi-

150 2892 233 2923 ciam
244 2893 400 2933 sumpsit,
411 2895 442 2925 et
459 2894 490 2925 in
507 2894 608 2926 aciem
622 2903 696 2927 suos
715 2895 827 2928 eduxit
839 2921 848 2936 ,
874 2905 912 2928 ac
929 2906 1043 2938 magna
1059 2899 1201 2931 hostium

151 2945 239 2977 caedc
251 2945 335 2976 edita
349 2955 367 2976 a
376 2947 460 2977 terra
473 2947 644 2987 absorptus
656 2950 713 2980 est.
724 2949 872 2981 AEmilius
886 2959 961 2982 vero
974 2959 1063 2982 aram
1077 2952 1200 2992 statuit,

151 2999 348 3038 victoriaque
367 2999 486 3038 potitus
501 3003 630 3032 centum
644 3002 676 3033 et
692 3002 855 3042 sexaginta
868 3003 1041 3044 turrigeros
1057 3004 1202 3045 elephan-

154 3052 201 3081 tos
226 3051 360 3081 Romam
379 3050 472 3083 misit.
487 3055 548 3083 Ara
562 3052 621 3083 ista
636 3053 829 3085 vaticinatur
848 3055 908 3086 sub
923 3055 953 3086 id
969 3056 1098 3096 tempus
1110 3081 1119 3096 ,
1136 3065 1202 3097 quo

154 3102 294 3142 Pyrrhus
306 3103 353 3133 est
363 3103 477 3135 victus.
493 3104 609 3137 Scribit
622 3105 689 3137 liaec
697 3107 856 3140 Critolaus
864 3109 958 3140 tertio
968 3109 1200 3150 Epiroticarum

152 3162 258 3186 rerum
279 3153 370 3184 libro.

503 3240 854 3283 PHAENOMENA.

670 3332 701 3363 1.

192 3391 349 3424 Saturnus
359 3393 442 3433 apud
457 3394 626 3434 agricolam
640 3395 802 3429 diversans
812 3422 821 3438 ,
835 3398 931 3430 filiam
947 3400 1016 3440 eJ'us
1034 3402 1199 3434 Entoriam

151 3441 262 3482 insigni
285 3444 386 3477 forma
408 3447 615 3488 compressit,
642 3451 673 3480 et
693 3449 773 3482 tilios
789 3459 829 3482 ex
855 3459 891 3482 ea
916 3453 1025 3492 genuit
1058 3456 1197 3496 Janum,

1261 2525 1446 2564 Hymnum,
1467 2527 1638 2562 Faustum,
1657 2526 1808 2559 Felicem.
1829 2529 1938 2565 Quum
1956 2528 2064 2560 autem
2083 2527 2149 2560 viui
2166 2537 2261 2561 usum
2280 2531 2313 2562 et

1262 2574 1335 2606 vitis
1345 2576 1469 2608 cultum
1482 2576 1664 2609 tradidisset
1679 2579 1779 2610 {cario
1804 2578 1919 2620 hospiti
1945 2588 2023 2620 suo,
2041 2579 2208 2613 mandavit
2221 2581 2257 2612 ut
2273 2589 2313 2613 eo

1261 2626 1383 2659 vicinos
1398 2637 1528 2668 quoque
1541 2629 1727 2669 impertiret.
1739 2631 1833 2669 Quod
1847 2640 1948 2672 quum
1962 2631 2082 2663 factum
2095 2631 2196 2672 esset,
2213 2631 2313 2664 vicini

1261 2679 1389 2711 insolito
1404 2682 1481 2720 potu
1496 2681 1528 2712 in
1541 2682 1718 2722 graviorem
1737 2685 1890 2716 consueto
1910 2683 2029 2724 delapsi
2042 2692 2202 2722 somnum,
2218 2686 2314 2726 puta-

1263 2733 1379 2763 verunt
1390 2731 1448 2763 sibi
1459 2741 1618 2765 venenum
1633 2743 1700 2766 esse
1713 2735 1930 2775 propinatum,
1942 2735 2164 2776 lapidibusque
2174 2737 2312 2769 Icarium

1260 2782 1437 2816 obruerunt
1455 2797 1463 2816 2
1491 2785 1564 2816 tiliae
1582 2786 1635 2817 tilii
1655 2795 1720 2827 prae
1740 2796 1877 2819 moerore
1901 2796 1935 2820 se
1960 2788 2047 2828 ipsos
2062 2788 2310 2829 suspenderunt.

1261 2837 1369 2872 Quum
1398 2838 1506 2869 autem
1537 2841 1674 2870 Romam
1711 2840 1892 2880 pestilentia
1927 2840 2111 2880 invasisset,
2149 2842 2314 2882 respondit

1261 2887 1373 2926 Apollo
1391 2889 1523 2928 Pythius
1537 2889 1634 2921 finem
1658 2890 1734 2921 mali
1749 2890 1819 2922 sore
1831 2915 1840 2930 ,
1857 2891 1882 2922 si
1897 2891 2024 2923 Saturni
2039 2891 2120 2923 iram
2137 2892 2314 2932 placassent

1260 2939 1293 2970 et
1307 2939 1415 2979 genios
1428 2940 1544 2980 injuste
1557 2942 1750 2974 occisorum.
1765 2944 1879 2982 ltaque
1893 2943 2038 2975 Lutatius
2053 2944 2190 2976 catulus
2201 2968 2211 2984 ,
2226 2954 2311 2977 unus

1259 2989 1299 3022 de
1327 2990 1521 3031 principibus
1544 2992 1637 3032 viris,
1663 2995 1801 3025 Saturno
1827 2994 1982 3034 temptum
2011 3003 2110 3036 prope
2135 2997 2308 3037 Tarpeium

1260 3044 1404 3074 montem
1428 3043 1588 3083 condidit,
1613 3053 1767 3084 aramque
1793 3044 1825 3076 in
1846 3053 1884 3076 co
1899 3045 2070 3078 collocavit
2083 3048 2237 3086 quattuor
2250 3048 2310 3080 ha-

1259 3093 1387 3125 bentem
1399 3094 1511 3134 facies,
1525 3095 1591 3126 sive
1601 3095 1644 3127 ob
1656 3097 1787 3136 nepotes
1800 3095 1908 3132 Icarii,
1925 3097 1993 3129 sive
2008 3098 2095 3138 quod
2113 3099 2188 3130 anni
2206 3102 2313 3140 partes

1258 3146 1333 3177 sunt
1349 3147 1504 3186 quattuor
1531 3155 1700 3180 :mensem
1736 3157 1866 3189 quoque
1890 3150 2078 3182 Januarium
2106 3151 2230 3184 statuit.
2258 3154 2312 3185 Sa-

1258 3198 1373 3229 turnus
1402 3198 1511 3229 autem
1541 3199 1704 3231 universos
1731 3200 1763 3231 in
1791 3200 1893 3232 sidera
1917 3201 2027 3233 retulit
2052 3214 2060 3234 ε
2088 3211 2227 3243 quorum
2258 3204 2311 3236 alii

1259 3250 1494 3290 Protrygeteres
1518 3250 1530 3290 (
1542 3251 1633 3291 quasi
1649 3251 1842 3284 vindemiam
1867 3253 2114 3295 antecedentes)
2135 3258 2309 3297 vocantur;

1259 3301 1358 3333 Janus
1373 3303 1481 3333 autem
1500 3301 1585 3342 prior
1606 3303 1710 3335 oriens
1728 3313 1736 3335 ε
1758 3313 1831 3345 quae
1848 3305 1938 3337 stella
1963 3306 2105 3338 cernitur
2129 3308 2204 3340 ante
2217 3309 2311 3348 pedoe

1258 3351 1404 3392 Virginis.
1431 3354 1545 3386 Narrat
1561 3354 1720 3387 Critolaus
1740 3355 1822 3388 libro
1835 3357 1950 3396 quarto
1965 3366 2077 3390 eorum
2096 3367 2168 3399 quae
2183 3358 2216 3391 in
2229 3360 2312 3393 coelo

1259 3405 1416 3438 visuntur.
