<?xml version="1.0" encoding="UTF-8"?>
<!DOCTYPE html PUBLIC "-//W3C//DTD XHTML 1.0 Transitional//EN"
    "http://www.w3.org/TR/xhtml1/DTD/xhtml1-transitional.dtd">
<html xmlns="http://www.w3.org/1999/xhtml" xml:lang="en" lang="en">
 <head>
  <title>
</title>
<meta http-equiv="Content-Type" content="text/html;charset=utf-8" />
  <meta name='ocr-system' content='tesseract 3.04.00' />
  <meta name='ocr-capabilities' content='ocr_page ocr_carea ocr_par ocr_line ocrx_word'/>
</head>
<body>
  <div class='ocr_page' id='page_1' title='image "./fragmentahistori04mueluoft_0538.png"; bbox 0 0 2372 3704; ppageno 0'>
   <div class='ocr_carea' id='block_1_1' title="bbox 164 204 237 236">
    <p class='ocr_par' dir='ltr' id='par_1_1' title="bbox 164 204 237 236">
     <span class='ocr_line' id='line_1_1' title="bbox 164 204 237 236; baseline 0 0"><span class='ocrx_word' id='word_1_1' title='bbox 164 204 237 236; x_wconf 76' lang='lat'>526</span> 
     </span>
    </p>
   </div>
   <div class='ocr_carea' id='block_1_2' title="bbox 160 284 1206 576">
    <p class='ocr_par' dir='ltr' id='par_1_2' title="bbox 160 284 1206 576">
     <span class='ocr_line' id='line_1_2' title="bbox 163 284 1206 338; baseline 0.002 -17"><span class='ocrx_word' id='word_1_2' title='bbox 163 300 230 328; x_wconf 82' lang='grc' dir='ltr'>νιος</span> <span class='ocrx_word' id='word_1_3' title='bbox 247 285 321 335; x_wconf 86' lang='lat' dir='ltr'>(sic</span> <span class='ocrx_word' id='word_1_4' title='bbox 341 286 510 325; x_wconf 80' lang='lat' dir='ltr'>Holsten.</span> <span class='ocrx_word' id='word_1_5' title='bbox 527 299 599 335; x_wconf 87' lang='lat' dir='ltr'>pro</span> <span class='ocrx_word' id='word_1_6' title='bbox 615 299 675 335; x_wconf 81' lang='lat' dir='ltr'>vg.</span> <span class='ocrx_word' id='word_1_7' title='bbox 698 284 855 338; x_wconf 77' lang='grc' dir='ltr'>Σούνιος)</span> <span class='ocrx_word' id='word_1_8' title='bbox 873 284 910 324; x_wconf 84' lang='grc' dir='ltr'>δὲ</span> <span class='ocrx_word' id='word_1_9' title='bbox 926 285 1125 338; x_wconf 84' lang='grc' dir='ltr'>Καρνανίαν</span> <span class='ocrx_word' id='word_1_10' title='bbox 1145 284 1206 324; x_wconf 77' lang='grc' dir='ltr'>καὶ</span> 
     </span>
     <span class='ocr_line' id='line_1_3' title="bbox 160 341 689 395; baseline 0.002 -15"><span class='ocrx_word' id='word_1_11' title='bbox 160 341 379 394; x_wconf 85' lang='grc' dir='ltr'>Καρνανίτας</span> <span class='ocrx_word' id='word_1_12' title='bbox 395 342 491 395; x_wconf 86' lang='grc' dir='ltr'>φησί.</span> <span class='ocrx_word' id='word_1_13' title='bbox 687 383 689 386; x_wconf 74' lang='grc'>,</span> 
     </span>
     <span class='ocr_line' id='line_1_4' title="bbox 652 410 714 444; baseline 0 -10"><span class='ocrx_word' id='word_1_14' title='bbox 652 410 714 444; x_wconf 90' lang='grc'>27.</span> 
     </span>
     <span class='ocr_line' id='line_1_5' title="bbox 212 463 1206 518; baseline 0.001 -18"><span class='ocrx_word' id='word_1_15' title='bbox 212 465 320 502; x_wconf 88' lang='lat' dir='ltr'><strong>Idem</strong></span> <span class='ocrx_word' id='word_1_16' title='bbox 343 476 353 503; x_wconf 75' lang='grc' dir='ltr'>ε</span> <span class='ocrx_word' id='word_1_17' title='bbox 380 463 567 512; x_wconf 89' lang='grc' dir='ltr'>Μάννεως,</span> <span class='ocrx_word' id='word_1_18' title='bbox 599 465 701 518; x_wconf 85' lang='grc' dir='ltr'>χώρα</span> <span class='ocrx_word' id='word_1_19' title='bbox 732 465 822 516; x_wconf 85' lang='grc' dir='ltr'>μέση</span> <span class='ocrx_word' id='word_1_20' title='bbox 855 467 924 503; x_wconf 85' lang='grc' dir='ltr'>τῶν</span> <span class='ocrx_word' id='word_1_21' title='bbox 956 466 1140 515; x_wconf 83' lang='grc' dir='ltr'>ποταμῶν,</span> <span class='ocrx_word' id='word_1_22' title='bbox 1172 466 1206 502; x_wconf 80' lang='grc' dir='ltr'>ἐν</span> 
     </span>
     <span class='ocr_line' id='line_1_6' title="bbox 161 515 1149 576; baseline 0.004 -17"><span class='ocrx_word' id='word_1_23' title='bbox 161 515 184 574; x_wconf 71' lang='grc' dir='ltr'>ᾗ</span> <span class='ocrx_word' id='word_1_24' title='bbox 202 523 352 560; x_wconf 81' lang='grc' dir='ltr'>οἰκοῦσιν</span> <span class='ocrx_word' id='word_1_25' title='bbox 366 518 514 575; x_wconf 75' lang='grc' dir='ltr'>’Άραὸες</span> <span class='ocrx_word' id='word_1_26' title='bbox 531 525 757 575; x_wconf 82' lang='grc' dir='ltr'>Μαννεῶται,</span> <span class='ocrx_word' id='word_1_27' title='bbox 780 525 826 568; x_wconf 88' lang='grc' dir='ltr'>ὡς</span> <span class='ocrx_word' id='word_1_28' title='bbox 843 523 1012 576; x_wconf 79' lang='grc' dir='ltr'>Οὐράνιός</span> <span class='ocrx_word' id='word_1_29' title='bbox 1032 538 1149 575; x_wconf 76' lang='grc' dir='ltr'>φησιν.</span> 
     </span>
    </p>
   </div>
   <div class='ocr_carea' id='block_1_3' title="bbox 650 605 713 641">
    <p class='ocr_par' dir='ltr' id='par_1_3' title="bbox 650 605 713 641">
     <span class='ocr_line' id='line_1_7' title="bbox 650 605 713 641; baseline 0 0"><span class='ocrx_word' id='word_1_30' title='bbox 650 605 713 641; x_wconf 85' lang='grc'>28.</span> 
     </span>
    </p>
   </div>
   <div class='ocr_carea' id='block_1_4' title="bbox 160 669 1212 2222">
    <p class='ocr_par' dir='ltr' id='par_1_4' title="bbox 160 669 1207 833">
     <span class='ocr_line' id='line_1_8' title="bbox 214 669 1207 725; baseline -0.002 -16"><span class='ocrx_word' id='word_1_31' title='bbox 214 673 344 709; x_wconf 88' lang='lat' dir='ltr'><strong>Idem:</strong></span> <span class='ocrx_word' id='word_1_32' title='bbox 367 671 596 725; x_wconf 82' lang='grc' dir='ltr'>Νικηφόριον.</span> <span class='ocrx_word' id='word_1_33' title='bbox 615 672 738 715; x_wconf 77' lang='grc' dir='ltr'>Οὕτως</span> <span class='ocrx_word' id='word_1_34' title='bbox 759 675 780 719; x_wconf 87' lang='grc' dir='ltr'>ἡ</span> <span class='ocrx_word' id='word_1_35' title='bbox 801 670 1068 721; x_wconf 86' lang='grc' dir='ltr'>Κωνσταντίνα,</span> <span class='ocrx_word' id='word_1_36' title='bbox 1090 669 1207 721; x_wconf 81' lang='grc' dir='ltr'>ἠπερὶ</span> 
     </span>
     <span class='ocr_line' id='line_1_9' title="bbox 160 728 1207 783; baseline -0.002 -14"><span class='ocrx_word' id='word_1_37' title='bbox 160 728 336 769; x_wconf 88' lang='grc' dir='ltr'>Ἔδεσσαν</span> <span class='ocrx_word' id='word_1_38' title='bbox 353 730 473 779; x_wconf 86' lang='grc' dir='ltr'>πόλις,</span> <span class='ocrx_word' id='word_1_39' title='bbox 486 733 533 775; x_wconf 84' lang='grc' dir='ltr'>ὥς</span> <span class='ocrx_word' id='word_1_40' title='bbox 560 733 743 783; x_wconf 85' lang='grc' dir='ltr'>Οὖράνιος.</span> <span class='ocrx_word' id='word_1_41' title='bbox 763 731 814 770; x_wconf 82' lang='grc' dir='ltr'>Τὸ</span> <span class='ocrx_word' id='word_1_42' title='bbox 835 730 965 769; x_wconf 80' lang='grc' dir='ltr'>ἐθνικὸν</span> <span class='ocrx_word' id='word_1_43' title='bbox 986 730 1207 782; x_wconf 80' lang='grc' dir='ltr'>Νικηφόριος,</span> 
     </span>
     <span class='ocr_line' id='line_1_10' title="bbox 161 787 424 833; baseline 0 -8"><span class='ocrx_word' id='word_1_44' title='bbox 161 789 207 831; x_wconf 84' lang='grc' dir='ltr'>ὡς</span> <span class='ocrx_word' id='word_1_45' title='bbox 224 787 424 833; x_wconf 80' lang='grc' dir='ltr'>Βυζάντιος.</span> 
     </span>
    </p>

    <p class='ocr_par' dir='ltr' id='par_1_5' title="bbox 652 855 715 890">
     <span class='ocr_line' id='line_1_11' title="bbox 652 855 715 890; baseline 0 -12"><span class='ocrx_word' id='word_1_46' title='bbox 652 855 715 890; x_wconf 90' lang='grc'>29.</span> 
     </span>
    </p>

    <p class='ocr_par' dir='ltr' id='par_1_6' title="bbox 160 906 1209 1311">
     <span class='ocr_line' id='line_1_12' title="bbox 213 906 1207 960; baseline 0.001 -16"><span class='ocrx_word' id='word_1_47' title='bbox 213 909 319 945; x_wconf 83' lang='lat' dir='ltr'>Idem</span> <span class='ocrx_word' id='word_1_48' title='bbox 343 922 350 945; x_wconf 90' lang='lat'>:</span> <span class='ocrx_word' id='word_1_49' title='bbox 377 907 537 955; x_wconf 67' lang='grc' dir='ltr'>Νίσιὸις,</span> <span class='ocrx_word' id='word_1_50' title='bbox 566 908 664 951; x_wconf 89' lang='grc' dir='ltr'>πόλις</span> <span class='ocrx_word' id='word_1_51' title='bbox 693 909 727 946; x_wconf 82' lang='grc' dir='ltr'>ἐν</span> <span class='ocrx_word' id='word_1_52' title='bbox 754 910 797 959; x_wconf 83' lang='grc' dir='ltr'>τῇ</span> <span class='ocrx_word' id='word_1_53' title='bbox 825 907 954 960; x_wconf 81' lang='grc' dir='ltr'>περαίᾳ</span> <span class='ocrx_word' id='word_1_54' title='bbox 979 910 1022 959; x_wconf 79' lang='grc' dir='ltr'>τῇ</span> <span class='ocrx_word' id='word_1_55' title='bbox 1045 906 1130 959; x_wconf 83' lang='grc' dir='ltr'>πρὸς</span> <span class='ocrx_word' id='word_1_56' title='bbox 1158 909 1207 959; x_wconf 82' lang='grc' dir='ltr'>τῷ</span> 
     </span>
     <span class='ocr_line' id='line_1_13' title="bbox 161 965 1207 1018; baseline -0.002 -14"><span class='ocrx_word' id='word_1_57' title='bbox 161 965 310 1017; x_wconf 83' lang='grc' dir='ltr'>Τίγρητι</span> <span class='ocrx_word' id='word_1_58' title='bbox 334 968 498 1018; x_wconf 84' lang='grc' dir='ltr'>ποταμῷ.</span> <span class='ocrx_word' id='word_1_59' title='bbox 528 965 650 1004; x_wconf 83' lang='grc' dir='ltr'>Φίλων</span> <span class='ocrx_word' id='word_1_60' title='bbox 668 966 702 1003; x_wconf 81' lang='grc' dir='ltr'>ἓν</span> <span class='ocrx_word' id='word_1_61' title='bbox 724 967 938 1008; x_wconf 78' lang='grc' dir='ltr'>Φοινικικοῖς</span> <span class='ocrx_word' id='word_1_62' title='bbox 958 965 1106 1009; x_wconf 52' lang='lat' dir='ltr'>Notene&amp;</span> <span class='ocrx_word' id='word_1_63' title='bbox 1123 980 1207 1017; x_wconf 82' lang='grc' dir='ltr'>φησι</span> 
     </span>
     <span class='ocr_line' id='line_1_14' title="bbox 162 1022 1207 1076; baseline -0.001 -15"><span class='ocrx_word' id='word_1_64' title='bbox 162 1023 218 1061; x_wconf 79' lang='grc' dir='ltr'>διὰ</span> <span class='ocrx_word' id='word_1_65' title='bbox 235 1027 295 1062; x_wconf 76' lang='grc' dir='ltr'>τοῦ</span> <span class='ocrx_word' id='word_1_66' title='bbox 308 1039 341 1062; x_wconf 94' lang='grc' dir='ltr'>α.</span> <span class='ocrx_word' id='word_1_67' title='bbox 362 1024 532 1076; x_wconf 80' lang='grc' dir='ltr'>Οὖράνιος</span> <span class='ocrx_word' id='word_1_68' title='bbox 550 1023 585 1061; x_wconf 82' lang='grc' dir='ltr'>δὲ</span> <span class='ocrx_word' id='word_1_69' title='bbox 605 1022 661 1061; x_wconf 83' lang='grc' dir='ltr'>διὰ</span> <span class='ocrx_word' id='word_1_70' title='bbox 680 1027 738 1061; x_wconf 83' lang='grc' dir='ltr'>τοῦ</span> <span class='ocrx_word' id='word_1_71' title='bbox 757 1038 772 1060; x_wconf 93' lang='grc' dir='ltr'>ε</span> <span class='ocrx_word' id='word_1_72' title='bbox 793 1022 948 1066; x_wconf 55' lang='lat' dir='ltr'>Nemeac.</span> <span class='ocrx_word' id='word_1_73' title='bbox 967 1023 1140 1073; x_wconf 87' lang='grc' dir='ltr'>Σημαίνει</span> <span class='ocrx_word' id='word_1_74' title='bbox 1159 1022 1207 1070; x_wconf 86' lang='grc' dir='ltr'>δὲ,</span> 
     </span>
     <span class='ocr_line' id='line_1_15' title="bbox 160 1080 1206 1136; baseline 0 -18"><span class='ocrx_word' id='word_1_75' title='bbox 160 1080 205 1125; x_wconf 78' lang='grc' dir='ltr'>ὥς</span> <span class='ocrx_word' id='word_1_76' title='bbox 229 1095 314 1136; x_wconf 78' lang='grc' dir='ltr'>φησι</span> <span class='ocrx_word' id='word_1_77' title='bbox 333 1083 468 1129; x_wconf 82' lang='grc' dir='ltr'>Φίλων,</span> <span class='ocrx_word' id='word_1_78' title='bbox 492 1081 627 1124; x_wconf 73' lang='grc' dir='ltr'>νάσιὸις</span> <span class='ocrx_word' id='word_1_79' title='bbox 646 1080 707 1124; x_wconf 85' lang='grc' dir='ltr'>τὰς</span> <span class='ocrx_word' id='word_1_80' title='bbox 731 1080 877 1128; x_wconf 78' lang='grc' dir='ltr'>στήλας,</span> <span class='ocrx_word' id='word_1_81' title='bbox 897 1085 942 1124; x_wconf 87' lang='grc' dir='ltr'>ὼς</span> <span class='ocrx_word' id='word_1_82' title='bbox 963 1081 998 1118; x_wconf 82' lang='grc' dir='ltr'>δὲ</span> <span class='ocrx_word' id='word_1_83' title='bbox 1015 1080 1206 1132; x_wconf 77' lang='grc' dir='ltr'>Οὐράνιος,</span> 
     </span>
     <span class='ocr_line' id='line_1_16' title="bbox 161 1139 1209 1194; baseline -0.002 -15"><span class='ocrx_word' id='word_1_84' title='bbox 161 1141 289 1185; x_wconf 69' lang='grc' dir='ltr'>νέσιὸις</span> <span class='ocrx_word' id='word_1_85' title='bbox 301 1173 309 1188; x_wconf 92' lang='grc'>,</span> <span class='ocrx_word' id='word_1_86' title='bbox 327 1140 428 1194; x_wconf 76' lang='grc' dir='ltr'>φησὶ,</span> <span class='ocrx_word' id='word_1_87' title='bbox 459 1146 623 1191; x_wconf 83' lang='grc' dir='ltr'>σημαινεῖ</span> <span class='ocrx_word' id='word_1_88' title='bbox 639 1144 683 1193; x_wconf 80' lang='grc' dir='ltr'>τῇ</span> <span class='ocrx_word' id='word_1_89' title='bbox 705 1139 881 1179; x_wconf 85' lang='grc' dir='ltr'>Φοινίκων</span> <span class='ocrx_word' id='word_1_90' title='bbox 905 1143 1000 1193; x_wconf 83' lang='grc' dir='ltr'>φωνῇ</span> <span class='ocrx_word' id='word_1_91' title='bbox 1017 1139 1104 1178; x_wconf 84' lang='grc' dir='ltr'>λίθοι</span> <span class='ocrx_word' id='word_1_92' title='bbox 1121 1155 1209 1191; x_wconf 89' lang='grc' dir='ltr'>συγ-</span> 
     </span>
     <span class='ocr_line' id='line_1_17' title="bbox 163 1197 1208 1251; baseline -0.002 -13"><span class='ocrx_word' id='word_1_93' title='bbox 163 1200 315 1251; x_wconf 84' lang='grc' dir='ltr'>κείμενοι</span> <span class='ocrx_word' id='word_1_94' title='bbox 343 1200 403 1237; x_wconf 89' lang='grc' dir='ltr'>καὶ</span> <span class='ocrx_word' id='word_1_95' title='bbox 438 1198 668 1251; x_wconf 83' lang='grc' dir='ltr'>συμφορητοί.</span> <span class='ocrx_word' id='word_1_96' title='bbox 707 1198 878 1251; x_wconf 75' lang='grc' dir='ltr'>Στράὸων</span> <span class='ocrx_word' id='word_1_97' title='bbox 909 1197 945 1236; x_wconf 82' lang='grc' dir='ltr'>δὲ</span> <span class='ocrx_word' id='word_1_98' title='bbox 979 1197 1208 1249; x_wconf 78' lang='grc' dir='ltr'>ἑκκαιδεκάτῃ</span> 
     </span>
     <span class='ocr_line' id='line_1_18' title="bbox 163 1252 989 1311; baseline -0.002 -13"><span class='ocrx_word' id='word_1_99' title='bbox 163 1259 222 1311; x_wconf 85' lang='lat' dir='ltr'>(p.</span> <span class='ocrx_word' id='word_1_100' title='bbox 246 1259 341 1307; x_wconf 79' lang='grc'>747)</span> <span class='ocrx_word' id='word_1_101' title='bbox 368 1257 425 1295; x_wconf 86' lang='grc' dir='ltr'>διὰ</span> <span class='ocrx_word' id='word_1_102' title='bbox 443 1262 504 1296; x_wconf 75' lang='grc' dir='ltr'>τοῦ</span> <span class='ocrx_word' id='word_1_103' title='bbox 522 1273 544 1297; x_wconf 90' lang='grc' dir='ltr'>ι.</span> <span class='ocrx_word' id='word_1_104' title='bbox 566 1258 618 1297; x_wconf 84' lang='grc' dir='ltr'>Τὸ</span> <span class='ocrx_word' id='word_1_105' title='bbox 640 1252 770 1296; x_wconf 78' lang='grc' dir='ltr'>ἐθνὶκὸν</span> <span class='ocrx_word' id='word_1_106' title='bbox 789 1256 989 1304; x_wconf 74' lang='grc' dir='ltr'>Νισιὸηνός.</span> 
     </span>
    </p>

    <p class='ocr_par' dir='ltr' id='par_1_7' title="bbox 652 1342 715 1378">
     <span class='ocr_line' id='line_1_19' title="bbox 652 1342 715 1378; baseline 0 0"><span class='ocrx_word' id='word_1_107' title='bbox 652 1342 715 1378; x_wconf 85' lang='grc' dir='ltr'>3ο.</span> 
     </span>
    </p>

    <p class='ocr_par' dir='ltr' id='par_1_8' title="bbox 163 1407 1211 1569">
     <span class='ocr_line' id='line_1_20' title="bbox 214 1407 1210 1462; baseline 0 -15"><span class='ocrx_word' id='word_1_108' title='bbox 214 1411 322 1447; x_wconf 87' lang='lat' dir='ltr'>Idem</span> <span class='ocrx_word' id='word_1_109' title='bbox 341 1425 349 1447; x_wconf 92' lang='lat'>:</span> <span class='ocrx_word' id='word_1_110' title='bbox 364 1409 521 1461; x_wconf 75' lang='grc' dir='ltr'>Νόσορα,</span> <span class='ocrx_word' id='word_1_111' title='bbox 538 1411 640 1456; x_wconf 81' lang='grc' dir='ltr'>ν’ἧσος</span> <span class='ocrx_word' id='word_1_112' title='bbox 655 1411 689 1447; x_wconf 80' lang='grc' dir='ltr'>ἐν</span> <span class='ocrx_word' id='word_1_113' title='bbox 706 1412 749 1462; x_wconf 75' lang='grc' dir='ltr'>τῇ</span> <span class='ocrx_word' id='word_1_114' title='bbox 766 1409 920 1461; x_wconf 78' lang='grc' dir='ltr'>Ἐρυθρᾷ</span> <span class='ocrx_word' id='word_1_115' title='bbox 938 1407 1110 1460; x_wconf 79' lang='grc' dir='ltr'>θαλάσσῃ.</span> <span class='ocrx_word' id='word_1_116' title='bbox 1131 1409 1210 1447; x_wconf 81' lang='grc' dir='ltr'>Οὖ-</span> 
     </span>
     <span class='ocr_line' id='line_1_21' title="bbox 165 1465 1211 1520; baseline -0.002 -14"><span class='ocrx_word' id='word_1_117' title='bbox 165 1468 277 1520; x_wconf 89' lang='grc' dir='ltr'>ράνιος</span> <span class='ocrx_word' id='word_1_118' title='bbox 300 1467 490 1520; x_wconf 69' lang='grc' dir='ltr'>Ἀραὸικῶν</span> <span class='ocrx_word' id='word_1_119' title='bbox 506 1467 539 1505; x_wconf 72' lang='lat'>*.</span> <span class='ocrx_word' id='word_1_120' title='bbox 562 1467 608 1506; x_wconf 84' lang='lat' dir='ltr'>‘O</span> <span class='ocrx_word' id='word_1_121' title='bbox 625 1466 796 1514; x_wconf 76' lang='grc' dir='ltr'>νησιωτὴς</span> <span class='ocrx_word' id='word_1_122' title='bbox 812 1466 1026 1518; x_wconf 88' lang='grc' dir='ltr'>Νοσορηνός·</span> <span class='ocrx_word' id='word_1_123' title='bbox 1047 1465 1211 1518; x_wconf 80' lang='grc' dir='ltr'>ἐγχώριος</span> 
     </span>
     <span class='ocr_line' id='line_1_22' title="bbox 163 1525 316 1569; baseline -0.007 -4"><span class='ocrx_word' id='word_1_124' title='bbox 163 1529 181 1565; x_wconf 83' lang='grc' dir='ltr'><strong><em>ὃ</em></strong></span> <span class='ocrx_word' id='word_1_125' title='bbox 197 1525 316 1569; x_wconf 84' lang='grc' dir='ltr'>τύπος.</span> 
     </span>
    </p>

    <p class='ocr_par' dir='ltr' id='par_1_9' title="bbox 653 1578 717 1616">
     <span class='ocr_line' id='line_1_23' title="bbox 653 1578 717 1616; baseline 0.031 -2"><span class='ocrx_word' id='word_1_126' title='bbox 653 1578 674 1614; x_wconf 82' lang='lat'>3</span> <span class='ocrx_word' id='word_1_127' title='bbox 683 1592 697 1614; x_wconf 89' lang='lat'>1</span> <span class='ocrx_word' id='word_1_128' title='bbox 709 1607 717 1616; x_wconf 91' lang='lat'>.</span> 
     </span>
    </p>

    <p class='ocr_par' dir='ltr' id='par_1_10' title="bbox 163 1645 1212 2107">
     <span class='ocr_line' id='line_1_24' title="bbox 215 1645 1210 1698; baseline -0.001 -14"><span class='ocrx_word' id='word_1_129' title='bbox 215 1649 325 1685; x_wconf 90' lang='lat' dir='ltr'>Idem</span> <span class='ocrx_word' id='word_1_130' title='bbox 342 1659 350 1686; x_wconf 88' lang='lat'>:</span> <span class='ocrx_word' id='word_1_131' title='bbox 372 1646 607 1697; x_wconf 73' lang='grc' dir='ltr'>Χαράκμωὸα</span> <span class='ocrx_word' id='word_1_132' title='bbox 621 1676 631 1694; x_wconf 93' lang='grc'>,</span> <span class='ocrx_word' id='word_1_133' title='bbox 648 1647 746 1690; x_wconf 87' lang='grc' dir='ltr'>πόλις</span> <span class='ocrx_word' id='word_1_134' title='bbox 762 1649 823 1693; x_wconf 75' lang='grc' dir='ltr'>τῆς</span> <span class='ocrx_word' id='word_1_135' title='bbox 845 1650 903 1685; x_wconf 75' lang='grc' dir='ltr'>νῦν</span> <span class='ocrx_word' id='word_1_136' title='bbox 928 1645 1045 1698; x_wconf 86' lang='grc' dir='ltr'>τρίτης</span> <span class='ocrx_word' id='word_1_137' title='bbox 1065 1647 1210 1685; x_wconf 92' lang='grc' dir='ltr'>Παλαι-</span> 
     </span>
     <span class='ocr_line' id='line_1_25' title="bbox 164 1705 1211 1758; baseline -0.002 -14"><span class='ocrx_word' id='word_1_138' title='bbox 164 1705 293 1753; x_wconf 82' lang='grc' dir='ltr'>στίνης,</span> <span class='ocrx_word' id='word_1_139' title='bbox 318 1705 361 1752; x_wconf 80' lang='grc' dir='ltr'>ἣν</span> <span class='ocrx_word' id='word_1_140' title='bbox 389 1706 578 1758; x_wconf 78' lang='grc' dir='ltr'>ἀναγράφει</span> <span class='ocrx_word' id='word_1_141' title='bbox 599 1707 819 1756; x_wconf 84' lang='grc' dir='ltr'>Πτολεμαῖος</span> <span class='ocrx_word' id='word_1_142' title='bbox 844 1707 878 1743; x_wconf 83' lang='grc' dir='ltr'>ἐν</span> <span class='ocrx_word' id='word_1_143' title='bbox 901 1705 1159 1757; x_wconf 82' lang='grc' dir='ltr'>Γεωγραφικοῒς</span> <span class='ocrx_word' id='word_1_144' title='bbox 1176 1706 1211 1742; x_wconf 83' lang='grc' dir='ltr'>ἐν</span> 
     </span>
     <span class='ocr_line' id='line_1_26' title="bbox 163 1762 1212 1816; baseline -0.002 -14"><span class='ocrx_word' id='word_1_145' title='bbox 163 1763 314 1815; x_wconf 79' lang='grc' dir='ltr'>πέμπτῳ</span> <span class='ocrx_word' id='word_1_146' title='bbox 334 1763 460 1816; x_wconf 80' lang='grc' dir='ltr'>βι6λίῳ</span> <span class='ocrx_word' id='word_1_147' title='bbox 477 1764 534 1815; x_wconf 92' lang='lat' dir='ltr'>(c.</span> <span class='ocrx_word' id='word_1_148' title='bbox 566 1765 635 1814; x_wconf 87' lang='lat'>17)</span> <span class='ocrx_word' id='word_1_149' title='bbox 654 1765 687 1801; x_wconf 83' lang='grc' dir='ltr'>ἐν</span> <span class='ocrx_word' id='word_1_150' title='bbox 713 1769 788 1807; x_wconf 91' lang='grc' dir='ltr'>ταῖς</span> <span class='ocrx_word' id='word_1_151' title='bbox 805 1763 1005 1815; x_wconf 76' lang='grc' dir='ltr'>Ἀραὸικαῒς</span> <span class='ocrx_word' id='word_1_152' title='bbox 1018 1766 1079 1810; x_wconf 80' lang='grc' dir='ltr'>τῆς</span> <span class='ocrx_word' id='word_1_153' title='bbox 1099 1762 1212 1801; x_wconf 79' lang='grc' dir='ltr'>εὐδαί-</span> 
     </span>
     <span class='ocr_line' id='line_1_27' title="bbox 165 1821 1212 1874; baseline 0 -14"><span class='ocrx_word' id='word_1_154' title='bbox 165 1837 278 1872; x_wconf 88' lang='grc' dir='ltr'>μονος.</span> <span class='ocrx_word' id='word_1_155' title='bbox 313 1822 483 1873; x_wconf 82' lang='grc' dir='ltr'>Οὖράνιος</span> <span class='ocrx_word' id='word_1_156' title='bbox 518 1823 548 1860; x_wconf 88' lang='grc' dir='ltr'>δ’</span> <span class='ocrx_word' id='word_1_157' title='bbox 587 1825 622 1860; x_wconf 83' lang='grc' dir='ltr'>ἐν</span> <span class='ocrx_word' id='word_1_158' title='bbox 658 1823 726 1866; x_wconf 80' lang='grc' dir='ltr'>τοῖς</span> <span class='ocrx_word' id='word_1_159' title='bbox 767 1822 800 1861; x_wconf 83' lang='lat' dir='ltr'>’A</span> <span class='ocrx_word' id='word_1_160' title='bbox 808 1822 961 1874; x_wconf 68' lang='grc' dir='ltr'>ραὸικοῒς</span> <span class='ocrx_word' id='word_1_161' title='bbox 996 1821 1212 1872; x_wconf 84' lang='grc' dir='ltr'>(ἀξιόπιστος</span> 
     </span>
     <span class='ocr_line' id='line_1_28' title="bbox 165 1879 1212 1932; baseline 0.001 -15"><span class='ocrx_word' id='word_1_162' title='bbox 165 1880 198 1918; x_wconf 89' lang='grc' dir='ltr'>δ’</span> <span class='ocrx_word' id='word_1_163' title='bbox 214 1880 301 1931; x_wconf 79' lang='grc' dir='ltr'>ἀνὴρ</span> <span class='ocrx_word' id='word_1_164' title='bbox 319 1880 397 1931; x_wconf 79' lang='grc' dir='ltr'>περὶ</span> <span class='ocrx_word' id='word_1_165' title='bbox 412 1879 455 1917; x_wconf 87' lang='grc' dir='ltr'>τὰ</span> <span class='ocrx_word' id='word_1_166' title='bbox 471 1884 634 1918; x_wconf 77' lang='grc' dir='ltr'>τοιαῦτα·</span> <span class='ocrx_word' id='word_1_167' title='bbox 653 1880 805 1927; x_wconf 79' lang='grc' dir='ltr'>σπουδὴν</span> <span class='ocrx_word' id='word_1_168' title='bbox 823 1880 891 1932; x_wconf 82' lang='grc' dir='ltr'>γὰρ</span> <span class='ocrx_word' id='word_1_169' title='bbox 918 1881 1012 1918; x_wconf 86' lang='grc' dir='ltr'>ἔθετο</span> <span class='ocrx_word' id='word_1_170' title='bbox 1028 1882 1212 1932; x_wconf 76' lang='grc' dir='ltr'>ἱστορῆσαι</span> 
     </span>
     <span class='ocr_line' id='line_1_29' title="bbox 164 1937 1209 1991; baseline 0.001 -16"><span class='ocrx_word' id='word_1_171' title='bbox 164 1937 316 1990; x_wconf 72' lang='grc' dir='ltr'>ἀκριὸῶς</span> <span class='ocrx_word' id='word_1_172' title='bbox 344 1937 388 1975; x_wconf 83' lang='grc' dir='ltr'>τὰ</span> <span class='ocrx_word' id='word_1_173' title='bbox 424 1941 486 1985; x_wconf 74' lang='grc' dir='ltr'>τῆς</span> <span class='ocrx_word' id='word_1_174' title='bbox 513 1938 695 1991; x_wconf 71' lang='grc' dir='ltr'>Ἀραὸίας)</span> <span class='ocrx_word' id='word_1_175' title='bbox 727 1938 787 1976; x_wconf 77' lang='grc' dir='ltr'>καὶ</span> <span class='ocrx_word' id='word_1_176' title='bbox 813 1938 1061 1991; x_wconf 70' lang='grc' dir='ltr'>Μωὸουχάραξ</span> <span class='ocrx_word' id='word_1_177' title='bbox 1090 1938 1209 1991; x_wconf 80' lang='grc' dir='ltr'>φησίν.</span> 
     </span>
     <span class='ocr_line' id='line_1_30' title="bbox 164 1995 1212 2049; baseline -0.001 -13"><span class='ocrx_word' id='word_1_178' title='bbox 164 1995 211 2036; x_wconf 82' lang='lat' dir='ltr'>‘O</span> <span class='ocrx_word' id='word_1_179' title='bbox 230 1995 374 2043; x_wconf 85' lang='grc' dir='ltr'>πολίτης</span> <span class='ocrx_word' id='word_1_180' title='bbox 400 2000 461 2034; x_wconf 76' lang='grc' dir='ltr'>τοῦ</span> <span class='ocrx_word' id='word_1_181' title='bbox 491 1996 552 2047; x_wconf 80' lang='grc' dir='ltr'>μὲν</span> <span class='ocrx_word' id='word_1_182' title='bbox 578 1997 812 2049; x_wconf 77' lang='grc' dir='ltr'>Χαράκμωὸα</span> <span class='ocrx_word' id='word_1_183' title='bbox 833 1996 1146 2049; x_wconf 73' lang='grc' dir='ltr'>Χαρακμωὸηνός·</span> <span class='ocrx_word' id='word_1_184' title='bbox 1173 1999 1212 2035; x_wconf 86' lang='grc' dir='ltr'>ἐκ</span> 
     </span>
     <span class='ocr_line' id='line_1_31' title="bbox 165 2053 922 2107; baseline 0 -15"><span class='ocrx_word' id='word_1_185' title='bbox 165 2053 200 2092; x_wconf 78' lang='grc' dir='ltr'>δὲ</span> <span class='ocrx_word' id='word_1_186' title='bbox 219 2058 279 2092; x_wconf 78' lang='grc' dir='ltr'>τοῦ</span> <span class='ocrx_word' id='word_1_187' title='bbox 307 2054 555 2107; x_wconf 75' lang='grc' dir='ltr'>Μωὸουχάραξ</span> <span class='ocrx_word' id='word_1_188' title='bbox 575 2054 922 2107; x_wconf 70' lang='grc' dir='ltr'>Μωὸουχαρακηνός.</span> 
     </span>
    </p>

    <p class='ocr_par' dir='ltr' id='par_1_11' title="bbox 164 2114 1209 2222">
     <span class='ocr_line' id='line_1_32' title="bbox 218 2114 1209 2164; baseline 0.001 -12"><span class='ocrx_word' id='word_1_189' title='bbox 218 2114 275 2152; x_wconf 90' lang='lat' dir='ltr'>De</span> <span class='ocrx_word' id='word_1_190' title='bbox 285 2115 431 2150; x_wconf 87' lang='lat' dir='ltr'>Uranio</span> <span class='ocrx_word' id='word_1_191' title='bbox 444 2123 624 2164; x_wconf 86' lang='lat' dir='ltr'><strong>corrupte</strong></span> <span class='ocrx_word' id='word_1_192' title='bbox 635 2128 707 2164; x_wconf 89' lang='lat' dir='ltr'>pro</span> <span class='ocrx_word' id='word_1_193' title='bbox 723 2117 915 2152; x_wconf 85' lang='lat' dir='ltr'>Herennio</span> <span class='ocrx_word' id='word_1_194' title='bbox 931 2116 1047 2151; x_wconf 91' lang='lat' dir='ltr'>citato</span> <span class='ocrx_word' id='word_1_195' title='bbox 1065 2127 1102 2151; x_wconf 85' lang='lat' dir='ltr'>v.</span> <span class='ocrx_word' id='word_1_196' title='bbox 1119 2116 1209 2153; x_wconf 87' lang='lat' dir='ltr'>Her.</span> 
     </span>
     <span class='ocr_line' id='line_1_33' title="bbox 164 2172 480 2222; baseline 0.009 -14"><span class='ocrx_word' id='word_1_197' title='bbox 164 2172 332 2208; x_wconf 85' lang='lat' dir='ltr'>Philonis</span> <span class='ocrx_word' id='word_1_198' title='bbox 349 2173 397 2210; x_wconf 84' lang='lat' dir='ltr'>fr.</span> <span class='ocrx_word' id='word_1_199' title='bbox 420 2186 480 2222; x_wconf 90' lang='lat'>19.</span> 
     </span>
    </p>
   </div>
   <div class='ocr_carea' id='block_1_5' title="bbox 581 2260 799 2276">
    <p class='ocr_par' dir='ltr' id='par_1_12' title="bbox 581 2260 799 2276">
     <span class='ocr_line' id='line_1_34' title="bbox 581 2260 799 2276; baseline 0 1428"><span class='ocrx_word' id='word_1_200' title='bbox 581 2260 799 2276; x_wconf 95' lang='lat' dir='ltr'> </span> 
     </span>
    </p>
   </div>
   <div class='ocr_carea' id='block_1_6' title="bbox 166 2366 1216 2494">
    <p class='ocr_par' dir='ltr' id='par_1_13' title="bbox 166 2366 1216 2494">
     <span class='ocr_line' id='line_1_35' title="bbox 166 2366 1216 2400; baseline -0.001 -1"><span class='ocrx_word' id='word_1_201' title='bbox 166 2367 261 2400; x_wconf 84' lang='lat' dir='ltr'>Cives</span> <span class='ocrx_word' id='word_1_202' title='bbox 288 2368 488 2399; x_wconf 80' lang='lat' dir='ltr'>carnanatae.</span> <span class='ocrx_word' id='word_1_203' title='bbox 505 2367 646 2399; x_wconf 89' lang='lat' dir='ltr'>Uranius</span> <span class='ocrx_word' id='word_1_204' title='bbox 662 2376 737 2399; x_wconf 87' lang='lat' dir='ltr'>vero</span> <span class='ocrx_word' id='word_1_205' title='bbox 761 2367 954 2399; x_wconf 79' lang='lat' dir='ltr'>cai-naniam</span> <span class='ocrx_word' id='word_1_206' title='bbox 970 2368 1002 2399; x_wconf 89' lang='lat' dir='ltr'>et</span> <span class='ocrx_word' id='word_1_207' title='bbox 1026 2366 1216 2399; x_wconf 87' lang='lat' dir='ltr'>Carnanitas</span> 
     </span>
     <span class='ocr_line' id='line_1_36' title="bbox 167 2418 255 2450; baseline -0.011 0"><span class='ocrx_word' id='word_1_208' title='bbox 167 2418 255 2450; x_wconf 84' lang='lat' dir='ltr'>(licit.</span> 
     </span>
     <span class='ocr_line' id='line_1_37' title="bbox 660 2462 719 2494; baseline -0.017 0"><span class='ocrx_word' id='word_1_209' title='bbox 660 2462 719 2494; x_wconf 80' lang='lat'>27.</span> 
     </span>
    </p>
   </div>
   <div class='ocr_carea' id='block_1_7' title="bbox 169 2531 1217 2622">
    <p class='ocr_par' dir='ltr' id='par_1_14' title="bbox 169 2531 1217 2622">
     <span class='ocr_line' id='line_1_38' title="bbox 210 2531 1217 2574; baseline 0 -11"><span class='ocrx_word' id='word_1_210' title='bbox 210 2534 378 2571; x_wconf 87' lang='lat' dir='ltr'>Manneos‚</span> <span class='ocrx_word' id='word_1_211' title='bbox 396 2531 480 2571; x_wconf 81' lang='lat' dir='ltr'>regio</span> <span class='ocrx_word' id='word_1_212' title='bbox 499 2532 602 2564; x_wconf 87' lang='lat' dir='ltr'>media</span> <span class='ocrx_word' id='word_1_213' title='bbox 615 2532 698 2564; x_wconf 86' lang='lat' dir='ltr'>inter</span> <span class='ocrx_word' id='word_1_214' title='bbox 711 2532 838 2573; x_wconf 82' lang='lat' dir='ltr'>fluvios,</span> <span class='ocrx_word' id='word_1_215' title='bbox 855 2533 888 2565; x_wconf 90' lang='lat' dir='ltr'>in</span> <span class='ocrx_word' id='word_1_216' title='bbox 901 2541 966 2574; x_wconf 86' lang='lat' dir='ltr'>qua</span> <span class='ocrx_word' id='word_1_217' title='bbox 980 2532 1125 2565; x_wconf 87' lang='lat' dir='ltr'>habitant</span> <span class='ocrx_word' id='word_1_218' title='bbox 1142 2535 1217 2565; x_wconf 77' lang='lat' dir='ltr'>Ara-</span> 
     </span>
     <span class='ocr_line' id='line_1_39' title="bbox 169 2583 742 2622; baseline 0 -6"><span class='ocrx_word' id='word_1_219' title='bbox 169 2583 226 2616; x_wconf 85' lang='lat' dir='ltr'>bes</span> <span class='ocrx_word' id='word_1_220' title='bbox 241 2584 419 2615; x_wconf 86' lang='lat' dir='ltr'>Manneotae</span> <span class='ocrx_word' id='word_1_221' title='bbox 430 2607 439 2622; x_wconf 95' lang='lat'>,</span> <span class='ocrx_word' id='word_1_222' title='bbox 458 2586 493 2615; x_wconf 86' lang='lat' dir='ltr'>ut</span> <span class='ocrx_word' id='word_1_223' title='bbox 506 2584 644 2616; x_wconf 89' lang='lat' dir='ltr'>Uranius</span> <span class='ocrx_word' id='word_1_224' title='bbox 653 2584 742 2616; x_wconf 86' lang='lat' dir='ltr'>dicit.</span> 
     </span>
    </p>
   </div>
   <div class='ocr_carea' id='block_1_8' title="bbox 661 2644 720 2676">
    <p class='ocr_par' dir='ltr' id='par_1_15' title="bbox 661 2644 720 2676">
     <span class='ocr_line' id='line_1_40' title="bbox 661 2644 720 2676; baseline 0 0"><span class='ocrx_word' id='word_1_225' title='bbox 661 2644 720 2676; x_wconf 87' lang='lat'>28.</span> 
     </span>
    </p>
   </div>
   <div class='ocr_carea' id='block_1_9' title="bbox 174 2707 1219 2798">
    <p class='ocr_par' dir='ltr' id='par_1_16' title="bbox 174 2707 1219 2798">
     <span class='ocr_line' id='line_1_41' title="bbox 213 2707 1219 2748; baseline 0.002 -10"><span class='ocrx_word' id='word_1_226' title='bbox 213 2707 457 2747; x_wconf 84' lang='lat' dir='ltr'>Nicephorium;</span> <span class='ocrx_word' id='word_1_227' title='bbox 480 2707 524 2739; x_wconf 88' lang='lat' dir='ltr'>sic</span> <span class='ocrx_word' id='word_1_228' title='bbox 549 2708 770 2748; x_wconf 79' lang='lat' dir='ltr'>appellabatur</span> <span class='ocrx_word' id='word_1_229' title='bbox 786 2708 1014 2748; x_wconf 82' lang='lat' dir='ltr'>Constantina,</span> <span class='ocrx_word' id='word_1_230' title='bbox 1042 2708 1119 2740; x_wconf 84' lang='lat' dir='ltr'>urbs</span> <span class='ocrx_word' id='word_1_231' title='bbox 1136 2708 1219 2740; x_wconf 86' lang='lat' dir='ltr'>circa</span> 
     </span>
     <span class='ocr_line' id='line_1_42' title="bbox 174 2759 677 2798; baseline -0.002 -6"><span class='ocrx_word' id='word_1_232' title='bbox 174 2759 322 2792; x_wconf 79' lang='lat' dir='ltr'>Edessam</span> <span class='ocrx_word' id='word_1_233' title='bbox 335 2782 344 2798; x_wconf 90' lang='lat'>‚</span> <span class='ocrx_word' id='word_1_234' title='bbox 361 2760 398 2791; x_wconf 83' lang='lat' dir='ltr'>ut</span> <span class='ocrx_word' id='word_1_235' title='bbox 414 2759 551 2791; x_wconf 86' lang='lat' dir='ltr'>Uranius</span> <span class='ocrx_word' id='word_1_236' title='bbox 571 2760 677 2791; x_wconf 76' lang='lat' dir='ltr'>refert.</span> 
     </span>
    </p>
   </div>
   <div class='ocr_carea' id='block_1_10' title="bbox 665 2821 724 2852">
    <p class='ocr_par' dir='ltr' id='par_1_17' title="bbox 665 2821 724 2852">
     <span class='ocr_line' id='line_1_43' title="bbox 665 2821 724 2852; baseline 0 0"><span class='ocrx_word' id='word_1_237' title='bbox 665 2821 724 2852; x_wconf 79' lang='lat'>29.</span> 
     </span>
    </p>
   </div>
   <div class='ocr_carea' id='block_1_11' title="bbox 172 2883 1221 3130">
    <p class='ocr_par' dir='ltr' id='par_1_18' title="bbox 172 2883 1221 3130">
     <span class='ocr_line' id='line_1_44' title="bbox 213 2883 1219 2926; baseline -0.002 -9"><span class='ocrx_word' id='word_1_238' title='bbox 213 2883 330 2917; x_wconf 79' lang='lat' dir='ltr'><strong>Nisibis</strong></span> <span class='ocrx_word' id='word_1_239' title='bbox 341 2908 350 2923; x_wconf 87' lang='lat'>,</span> <span class='ocrx_word' id='word_1_240' title='bbox 373 2884 450 2916; x_wconf 88' lang='lat' dir='ltr'>urbs</span> <span class='ocrx_word' id='word_1_241' title='bbox 470 2884 502 2915; x_wconf 91' lang='lat' dir='ltr'>in</span> <span class='ocrx_word' id='word_1_242' title='bbox 527 2885 653 2924; x_wconf 71' lang='lat' dir='ltr'>regione</span> <span class='ocrx_word' id='word_1_243' title='bbox 676 2885 974 2926; x_wconf 81' lang='lat' dir='ltr'>Transeuphratana</span> <span class='ocrx_word' id='word_1_244' title='bbox 992 2884 1033 2916; x_wconf 88' lang='lat' dir='ltr'>ad</span> <span class='ocrx_word' id='word_1_245' title='bbox 1060 2883 1219 2924; x_wconf 84' lang='lat' dir='ltr'>Tigridem</span> 
     </span>
     <span class='ocr_line' id='line_1_45' title="bbox 172 2935 1221 2977; baseline -0.003 -9"><span class='ocrx_word' id='word_1_246' title='bbox 172 2937 244 2969; x_wconf 78' lang='lat' dir='ltr'>sita.</span> <span class='ocrx_word' id='word_1_247' title='bbox 258 2935 347 2967; x_wconf 89' lang='lat' dir='ltr'>Philo</span> <span class='ocrx_word' id='word_1_248' title='bbox 361 2936 393 2966; x_wconf 87' lang='lat' dir='ltr'>in</span> <span class='ocrx_word' id='word_1_249' title='bbox 408 2936 592 2968; x_wconf 80' lang='lat' dir='ltr'>Phoenicicis</span> <span class='ocrx_word' id='word_1_250' title='bbox 605 2937 749 2969; x_wconf 70' lang='lat' dir='ltr'>Nasibin</span> <span class='ocrx_word' id='word_1_251' title='bbox 764 2946 820 2977; x_wconf 82' lang='lat' dir='ltr'>per</span> <span class='ocrx_word' id='word_1_252' title='bbox 833 2946 854 2968; x_wconf 79' lang='lat' dir='ltr'>a</span> <span class='ocrx_word' id='word_1_253' title='bbox 867 2937 1003 2974; x_wconf 83' lang='lat' dir='ltr'>literam,</span> <span class='ocrx_word' id='word_1_254' title='bbox 1014 2935 1153 2967; x_wconf 87' lang='lat' dir='ltr'>Uranius</span> <span class='ocrx_word' id='word_1_255' title='bbox 1166 2944 1221 2975; x_wconf 86' lang='lat' dir='ltr'>per</span> 
     </span>
     <span class='ocr_line' id='line_1_46' title="bbox 173 2986 1219 3026; baseline -0.002 -7"><span class='ocrx_word' id='word_1_256' title='bbox 173 2996 191 3019; x_wconf 83' lang='lat' dir='ltr'>e</span> <span class='ocrx_word' id='word_1_257' title='bbox 204 2987 342 3019; x_wconf 76' lang='lat' dir='ltr'>Nesibin</span> <span class='ocrx_word' id='word_1_258' title='bbox 363 2986 450 3018; x_wconf 79' lang='lat' dir='ltr'>dicit.</span> <span class='ocrx_word' id='word_1_259' title='bbox 483 2987 645 3026; x_wconf 80' lang='lat' dir='ltr'>Significat</span> <span class='ocrx_word' id='word_1_260' title='bbox 672 2997 737 3019; x_wconf 81' lang='lat' dir='ltr'>vox</span> <span class='ocrx_word' id='word_1_261' title='bbox 747 2988 894 3024; x_wconf 50' lang='lat' dir='ltr'>nasibi&amp;</span> <span class='ocrx_word' id='word_1_262' title='bbox 920 2987 1095 3019; x_wconf 83' lang='lat' dir='ltr'>secundum</span> <span class='ocrx_word' id='word_1_263' title='bbox 1117 2986 1219 3018; x_wconf 86' lang='lat' dir='ltr'>Philo·</span> 
     </span>
     <span class='ocr_line' id='line_1_47' title="bbox 173 3038 1220 3079; baseline -0.001 -9"><span class='ocrx_word' id='word_1_264' title='bbox 173 3047 247 3071; x_wconf 87' lang='lat' dir='ltr'>nem</span> <span class='ocrx_word' id='word_1_265' title='bbox 259 3063 267 3077; x_wconf 91' lang='lat'>,</span> <span class='ocrx_word' id='word_1_266' title='bbox 282 3038 465 3077; x_wconf 79' lang='lat' dir='ltr'>columnas3</span> <span class='ocrx_word' id='word_1_267' title='bbox 479 3040 515 3069; x_wconf 86' lang='lat' dir='ltr'>ut</span> <span class='ocrx_word' id='word_1_268' title='bbox 529 3047 604 3069; x_wconf 86' lang='lat' dir='ltr'>vero</span> <span class='ocrx_word' id='word_1_269' title='bbox 615 3039 752 3070; x_wconf 86' lang='lat' dir='ltr'>Uranius</span> <span class='ocrx_word' id='word_1_270' title='bbox 765 3040 885 3079; x_wconf 89' lang='lat' dir='ltr'>inquit,</span> <span class='ocrx_word' id='word_1_271' title='bbox 900 3039 1022 3070; x_wconf 76' lang='lat' dir='ltr'>nesz‘bis</span> <span class='ocrx_word' id='word_1_272' title='bbox 1034 3038 1220 3070; x_wconf 82' lang='lat' dir='ltr'>Phoenicum</span> 
     </span>
     <span class='ocr_line' id='line_1_48' title="bbox 173 3089 1023 3130; baseline -0.001 -7"><span class='ocrx_word' id='word_1_273' title='bbox 173 3090 284 3130; x_wconf 84' lang='lat' dir='ltr'>lingua</span> <span class='ocrx_word' id='word_1_274' title='bbox 297 3089 452 3129; x_wconf 82' lang='lat' dir='ltr'>significat</span> <span class='ocrx_word' id='word_1_275' title='bbox 465 3089 585 3129; x_wconf 89' lang='lat' dir='ltr'>lapides</span> <span class='ocrx_word' id='word_1_276' title='bbox 601 3090 750 3122; x_wconf 84' lang='lat' dir='ltr'>collectos</span> <span class='ocrx_word' id='word_1_277' title='bbox 763 3092 795 3122; x_wconf 88' lang='lat' dir='ltr'>et</span> <span class='ocrx_word' id='word_1_278' title='bbox 808 3092 1023 3122; x_wconf 86' lang='lat' dir='ltr'>coacervatos.</span> 
     </span>
    </p>
   </div>
   <div class='ocr_carea' id='block_1_12' title="bbox 670 3153 727 3183">
    <p class='ocr_par' dir='ltr' id='par_1_19' title="bbox 670 3153 727 3183">
     <span class='ocr_line' id='line_1_49' title="bbox 670 3153 727 3183; baseline 0 0"><span class='ocrx_word' id='word_1_279' title='bbox 670 3153 727 3183; x_wconf 86' lang='lat'>30.</span> 
     </span>
    </p>
   </div>
   <div class='ocr_carea' id='block_1_13' title="bbox 175 3210 1222 3296">
    <p class='ocr_par' dir='ltr' id='par_1_20' title="bbox 175 3210 1222 3296">
     <span class='ocr_line' id='line_1_50' title="bbox 215 3210 1222 3250; baseline 0 -7"><span class='ocrx_word' id='word_1_280' title='bbox 215 3213 358 3250; x_wconf 81' lang='lat' dir='ltr'>Nosora,</span> <span class='ocrx_word' id='word_1_281' title='bbox 381 3210 486 3241; x_wconf 87' lang='lat' dir='ltr'>insula</span> <span class='ocrx_word' id='word_1_282' title='bbox 499 3210 532 3242; x_wconf 91' lang='lat' dir='ltr'>in</span> <span class='ocrx_word' id='word_1_283' title='bbox 548 3211 626 3242; x_wconf 89' lang='lat' dir='ltr'>mari</span> <span class='ocrx_word' id='word_1_284' title='bbox 649 3212 768 3243; x_wconf 87' lang='lat' dir='ltr'>Rubro.</span> <span class='ocrx_word' id='word_1_285' title='bbox 787 3212 925 3244; x_wconf 87' lang='lat' dir='ltr'>Uranius</span> <span class='ocrx_word' id='word_1_286' title='bbox 938 3212 1020 3244; x_wconf 87' lang='lat' dir='ltr'>libro</span> <span class='ocrx_word' id='word_1_287' title='bbox 1039 3212 1056 3230; x_wconf 86' lang='lat'><em>*</em></span> <span class='ocrx_word' id='word_1_288' title='bbox 1069 3211 1222 3244; x_wconf 81' lang='lat' dir='ltr'>Arabico·</span> 
     </span>
     <span class='ocr_line' id='line_1_51' title="bbox 175 3262 1013 3296; baseline -0.001 -1"><span class='ocrx_word' id='word_1_289' title='bbox 175 3271 260 3296; x_wconf 85' lang='lat' dir='ltr'>rum.</span> <span class='ocrx_word' id='word_1_290' title='bbox 280 3262 450 3294; x_wconf 85' lang='lat' dir='ltr'>lnsulanus</span> <span class='ocrx_word' id='word_1_291' title='bbox 463 3263 643 3294; x_wconf 86' lang='lat' dir='ltr'>Nosorenus</span> <span class='ocrx_word' id='word_1_292' title='bbox 659 3271 698 3294; x_wconf 85' lang='lat' dir='ltr'>ex</span> <span class='ocrx_word' id='word_1_293' title='bbox 712 3263 814 3294; x_wconf 80' lang='lat' dir='ltr'>forma</span> <span class='ocrx_word' id='word_1_294' title='bbox 827 3263 870 3294; x_wconf 89' lang='lat' dir='ltr'>ihi</span> <span class='ocrx_word' id='word_1_295' title='bbox 886 3263 1013 3295; x_wconf 83' lang='lat' dir='ltr'>usitata.</span> 
     </span>
    </p>
   </div>
   <div class='ocr_carea' id='block_1_14' title="bbox 218 3322 1222 3424">
    <p class='ocr_par' dir='ltr' id='par_1_21' title="bbox 218 3322 1222 3424">
     <span class='ocr_line' id='line_1_52' title="bbox 671 3322 729 3355; baseline -0.017 0"><span class='ocrx_word' id='word_1_296' title='bbox 671 3322 729 3355; x_wconf 86' lang='lat'>31.</span> 
     </span>
     <span class='ocr_line' id='line_1_53' title="bbox 218 3382 1222 3424; baseline 0.002 -9"><span class='ocrx_word' id='word_1_297' title='bbox 218 3383 456 3423; x_wconf 85' lang='lat' dir='ltr'>Characmoba,</span> <span class='ocrx_word' id='word_1_298' title='bbox 482 3382 558 3415; x_wconf 90' lang='lat' dir='ltr'>urbs</span> <span class='ocrx_word' id='word_1_299' title='bbox 573 3382 677 3416; x_wconf 84' lang='lat' dir='ltr'>tertiae</span> <span class='ocrx_word' id='word_1_300' title='bbox 693 3392 765 3424; x_wconf 82' lang='lat' dir='ltr'>quae</span> <span class='ocrx_word' id='word_1_301' title='bbox 783 3393 868 3416; x_wconf 85' lang='lat' dir='ltr'>nunc</span> <span class='ocrx_word' id='word_1_302' title='bbox 897 3384 1015 3416; x_wconf 89' lang='lat' dir='ltr'>dicitur</span> <span class='ocrx_word' id='word_1_303' title='bbox 1032 3385 1200 3417; x_wconf 79' lang='lat' dir='ltr'>Palestinae</span> <span class='ocrx_word' id='word_1_304' title='bbox 1213 3408 1222 3424; x_wconf 94' lang='lat'>‚</span> 
     </span>
    </p>
   </div>
   <div class='ocr_carea' id='block_1_15' title="bbox 1088 198 1388 239">
    <p class='ocr_par' dir='ltr' id='par_1_22' title="bbox 1088 198 1388 239">
     <span class='ocr_line' id='line_1_54' title="bbox 1088 198 1388 239; baseline -0.003 -1"><span class='ocrx_word' id='word_1_305' title='bbox 1088 198 1388 239; x_wconf 83' lang='lat' dir='ltr'>XENAGORAE</span> 
     </span>
    </p>
   </div>
   <div class='ocr_carea' id='block_1_16' title="bbox 1554 313 2098 388">
    <p class='ocr_par' dir='ltr' id='par_1_23' title="bbox 1554 313 2098 388">
     <span class='ocr_line' id='line_1_55' title="bbox 1554 313 2098 388; baseline -0.006 -15"><span class='ocrx_word' id='word_1_306' title='bbox 1554 313 2025 388; x_wconf 83' lang='lat' dir='ltr'>XENAGORAS.</span> <span class='ocrx_word' id='word_1_307' title='bbox 2092 347 2098 352; x_wconf 88' lang='lat'><em>-</em></span> 
     </span>
    </p>
   </div>
   <div class='ocr_carea' id='block_1_17' title="bbox 1268 431 2315 890">
    <p class='ocr_par' dir='ltr' id='par_1_24' title="bbox 1268 431 2315 890">
     <span class='ocr_line' id='line_1_56' title="bbox 1321 431 2310 482; baseline -0.002 -12"><span class='ocrx_word' id='word_1_308' title='bbox 1321 435 1542 482; x_wconf 82' lang='lat' dir='ltr'>Xenagoras</span> <span class='ocrx_word' id='word_1_309' title='bbox 1557 440 1684 469; x_wconf 88' lang='lat' dir='ltr'>noster</span> <span class='ocrx_word' id='word_1_310' title='bbox 1703 433 1887 480; x_wconf 81' lang='lat' dir='ltr'>Dionysio</span> <span class='ocrx_word' id='word_1_311' title='bbox 1907 431 2222 469; x_wconf 76' lang='lat' dir='ltr'>HaIIcarnassensi</span> <span class='ocrx_word' id='word_1_312' title='bbox 2240 443 2310 468; x_wconf 83' lang='lat' dir='ltr'>an-</span> 
     </span>
     <span class='ocr_line' id='line_1_57' title="bbox 1271 491 2313 540; baseline -0.002 -13"><span class='ocrx_word' id='word_1_313' title='bbox 1271 493 1412 539; x_wconf 83' lang='lat' dir='ltr'>tiquior</span> <span class='ocrx_word' id='word_1_314' title='bbox 1431 492 1486 540; x_wconf 88' lang='lat' dir='ltr'>(v.</span> <span class='ocrx_word' id='word_1_315' title='bbox 1504 492 1549 528; x_wconf 85' lang='lat' dir='ltr'>fr.</span> <span class='ocrx_word' id='word_1_316' title='bbox 1573 491 1595 526; x_wconf 92' lang='lat'>6</span> <span class='ocrx_word' id='word_1_317' title='bbox 1610 491 1636 540; x_wconf 87' lang='lat'>).</span> <span class='ocrx_word' id='word_1_318' title='bbox 1657 492 1780 539; x_wconf 84' lang='lat' dir='ltr'>Alius,</span> <span class='ocrx_word' id='word_1_319' title='bbox 1798 499 1908 540; x_wconf 87' lang='lat' dir='ltr'>puto,</span> <span class='ocrx_word' id='word_1_320' title='bbox 1931 498 1984 527; x_wconf 88' lang='lat' dir='ltr'>est</span> <span class='ocrx_word' id='word_1_321' title='bbox 1998 491 2219 539; x_wconf 83' lang='lat' dir='ltr'>Xenagoras</span> <span class='ocrx_word' id='word_1_322' title='bbox 2237 491 2313 526; x_wconf 85' lang='lat' dir='ltr'>Eu-</span> 
     </span>
     <span class='ocr_line' id='line_1_58' title="bbox 1269 549 2315 598; baseline -0.002 -13"><span class='ocrx_word' id='word_1_323' title='bbox 1269 551 1355 586; x_wconf 90' lang='lat' dir='ltr'>meli</span> <span class='ocrx_word' id='word_1_324' title='bbox 1371 549 1482 594; x_wconf 90' lang='lat' dir='ltr'>filius,</span> <span class='ocrx_word' id='word_1_325' title='bbox 1497 551 1562 597; x_wconf 89' lang='lat' dir='ltr'>qui</span> <span class='ocrx_word' id='word_1_326' title='bbox 1581 550 1735 598; x_wconf 85' lang='lat' dir='ltr'>Olympi</span> <span class='ocrx_word' id='word_1_327' title='bbox 1748 551 1888 586; x_wconf 90' lang='lat' dir='ltr'>montis</span> <span class='ocrx_word' id='word_1_328' title='bbox 1903 549 2141 586; x_wconf 83' lang='lat' dir='ltr'>altitudinem</span> <span class='ocrx_word' id='word_1_329' title='bbox 2153 554 2315 584; x_wconf 81' lang='lat' dir='ltr'>metatus</span> 
     </span>
     <span class='ocr_line' id='line_1_59' title="bbox 1270 604 2314 654; baseline -0.004 -10"><span class='ocrx_word' id='word_1_330' title='bbox 1270 616 1336 646; x_wconf 90' lang='lat' dir='ltr'>est.</span> <span class='ocrx_word' id='word_1_331' title='bbox 1362 608 1457 644; x_wconf 87' lang='lat' dir='ltr'>Vide</span> <span class='ocrx_word' id='word_1_332' title='bbox 1473 608 1694 644; x_wconf 79' lang='lat' dir='ltr'>Plutarchus</span> <span class='ocrx_word' id='word_1_333' title='bbox 1714 609 1822 644; x_wconf 89' lang='lat' dir='ltr'>Paul.</span> <span class='ocrx_word' id='word_1_334' title='bbox 1845 608 1973 646; x_wconf 80' lang='lat' dir='ltr'>AEmil.</span> <span class='ocrx_word' id='word_1_335' title='bbox 1990 619 2025 643; x_wconf 85' lang='lat' dir='ltr'>c.</span> <span class='ocrx_word' id='word_1_336' title='bbox 2050 604 2112 645; x_wconf 84' lang='lat'>15.</span> <span class='ocrx_word' id='word_1_337' title='bbox 2133 607 2314 654; x_wconf 83' lang='lat' dir='ltr'>Xenago-</span> 
     </span>
     <span class='ocr_line' id='line_1_60' title="bbox 1268 664 2313 715; baseline -0.001 -13"><span class='ocrx_word' id='word_1_338' title='bbox 1268 679 1329 702; x_wconf 86' lang='lat' dir='ltr'>ras</span> <span class='ocrx_word' id='word_1_339' title='bbox 1345 666 1517 702; x_wconf 81' lang='lat' dir='ltr'>Rhodius</span> <span class='ocrx_word' id='word_1_340' title='bbox 1533 674 1702 715; x_wconf 86' lang='lat' dir='ltr'>potator,</span> <span class='ocrx_word' id='word_1_341' title='bbox 1731 679 1845 715; x_wconf 90' lang='lat' dir='ltr'>quem</span> <span class='ocrx_word' id='word_1_342' title='bbox 1864 668 2031 703; x_wconf 87' lang='lat' dir='ltr'>AElianus</span> <span class='ocrx_word' id='word_1_343' title='bbox 2049 664 2114 715; x_wconf 86' lang='lat' dir='ltr'>(V.</span> <span class='ocrx_word' id='word_1_344' title='bbox 2142 665 2313 709; x_wconf 83' lang='lat' dir='ltr'><strong>H.·X11,</strong></span> 
     </span>
     <span class='ocr_line' id='line_1_61' title="bbox 1271 722 2315 774; baseline -0.002 -14"><span class='ocrx_word' id='word_1_345' title='bbox 1271 725 1320 760; x_wconf 84' lang='lat'>26</span> <span class='ocrx_word' id='word_1_346' title='bbox 1335 725 1346 774; x_wconf 94' lang='lat'>)</span> <span class='ocrx_word' id='word_1_347' title='bbox 1365 725 1474 770; x_wconf 86' lang='lat' dir='ltr'>dicit,</span> <span class='ocrx_word' id='word_1_348' title='bbox 1490 726 1650 771; x_wconf 88' lang='lat' dir='ltr'>rectius,</span> <span class='ocrx_word' id='word_1_349' title='bbox 1670 726 1727 760; x_wconf 91' lang='lat' dir='ltr'>uti</span> <span class='ocrx_word' id='word_1_350' title='bbox 1745 733 1900 774; x_wconf 84' lang='lat' dir='ltr'>putant,</span> <span class='ocrx_word' id='word_1_351' title='bbox 1917 731 2077 761; x_wconf 82' lang='lat' dir='ltr'>vocatur</span> <span class='ocrx_word' id='word_1_352' title='bbox 2090 722 2315 759; x_wconf 78' lang='lat' dir='ltr'>Xenarchus</span> 
     </span>
     <span class='ocr_line' id='line_1_62' title="bbox 1270 780 2314 832; baseline -0.002 -14"><span class='ocrx_word' id='word_1_353' title='bbox 1270 795 1331 831; x_wconf 88' lang='lat' dir='ltr'>ap.</span> <span class='ocrx_word' id='word_1_354' title='bbox 1355 783 1574 819; x_wconf 79' lang='lat' dir='ltr'>Athenaeum</span> <span class='ocrx_word' id='word_1_355' title='bbox 1590 783 1649 828; x_wconf 84' lang='lat' dir='ltr'>X,</span> <span class='ocrx_word' id='word_1_356' title='bbox 1666 795 1707 832; x_wconf 90' lang='lat' dir='ltr'>p.</span> <span class='ocrx_word' id='word_1_357' title='bbox 1727 783 1802 826; x_wconf 77' lang='lat'>436</span> <span class='ocrx_word' id='word_1_358' title='bbox 1816 811 1827 831; x_wconf 92' lang='lat'>,</span> <span class='ocrx_word' id='word_1_359' title='bbox 1847 784 1889 820; x_wconf 91' lang='lat' dir='ltr'>F.</span> <span class='ocrx_word' id='word_1_360' title='bbox 1909 782 1965 821; x_wconf 83' lang='lat' dir='ltr'>Cf.</span> <span class='ocrx_word' id='word_1_361' title='bbox 1985 781 2150 819; x_wconf 87' lang='lat' dir='ltr'>Meinek.</span> <span class='ocrx_word' id='word_1_362' title='bbox 2171 780 2222 818; x_wconf 84' lang='lat' dir='ltr'>ad</span> <span class='ocrx_word' id='word_1_363' title='bbox 2235 781 2314 817; x_wconf 85' lang='lat' dir='ltr'>Eu-</span> 
     </span>
     <span class='ocr_line' id='line_1_63' title="bbox 1269 842 1564 890; baseline -0.003 -13"><span class='ocrx_word' id='word_1_364' title='bbox 1269 842 1382 890; x_wconf 88' lang='lat' dir='ltr'>phor.</span> <span class='ocrx_word' id='word_1_365' title='bbox 1401 854 1443 890; x_wconf 79' lang='lat' dir='ltr'>p.</span> <span class='ocrx_word' id='word_1_366' title='bbox 1468 850 1564 877; x_wconf 87' lang='lat' dir='ltr'>1oo.·</span> 
     </span>
    </p>
   </div>
   <div class='ocr_carea' id='block_1_18' title="bbox 1589 911 1996 1107">
    <p class='ocr_par' dir='ltr' id='par_1_25' title="bbox 1589 911 1996 1107">
     <span class='ocr_line' id='line_1_64' title="bbox 1670 911 1911 950; baseline -0.008 0"><span class='ocrx_word' id='word_1_367' title='bbox 1670 911 1911 950; x_wconf 80' lang='lat' dir='ltr'>XPONIKA.</span> 
     </span>
     <span class='ocr_line' id='line_1_65' title="bbox 1780 1004 1814 1029; baseline 0.059 -2"><span class='ocrx_word' id='word_1_368' title='bbox 1780 1004 1796 1027; x_wconf 81' lang='grc' dir='ltr'>ι</span> <span class='ocrx_word' id='word_1_369' title='bbox 1803 1019 1814 1029; x_wconf 92' lang='grc'>.</span> 
     </span>
     <span class='ocr_line' id='line_1_66' title="bbox 1589 1070 1996 1107; baseline -0.002 0"><span class='ocrx_word' id='word_1_370' title='bbox 1589 1072 1618 1107; x_wconf 83' lang='grc' dir='ltr'>Ε</span> <span class='ocrx_word' id='word_1_371' title='bbox 1643 1071 1795 1107; x_wconf 88' lang='lat' dir='ltr'>LIBRO</span> <span class='ocrx_word' id='word_1_372' title='bbox 1824 1070 1996 1106; x_wconf 87' lang='lat' dir='ltr'>PRIMO.</span> 
     </span>
    </p>
   </div>
   <div class='ocr_carea' id='block_1_19' title="bbox 1271 1163 2320 1620">
    <p class='ocr_par' dir='ltr' id='par_1_26' title="bbox 1271 1163 2320 1446">
     <span class='ocr_line' id='line_1_67' title="bbox 1325 1163 2320 1213; baseline -0.004 -12"><span class='ocrx_word' id='word_1_373' title='bbox 1325 1164 1453 1202; x_wconf 88' lang='lat' dir='ltr'>Schol.</span> <span class='ocrx_word' id='word_1_374' title='bbox 1469 1165 1598 1213; x_wconf 78' lang='lat' dir='ltr'>Apoll.</span> <span class='ocrx_word' id='word_1_375' title='bbox 1621 1164 1750 1200; x_wconf 85' lang='lat' dir='ltr'>Rhod.</span> <span class='ocrx_word' id='word_1_376' title='bbox 1767 1165 1833 1209; x_wconf 88' lang='lat' dir='ltr'>IV,</span> <span class='ocrx_word' id='word_1_377' title='bbox 1852 1163 1926 1200; x_wconf 89' lang='grc'>262</span> <span class='ocrx_word' id='word_1_378' title='bbox 1948 1175 1957 1198; x_wconf 83' lang='lat' dir='ltr'>z</span> <span class='ocrx_word' id='word_1_379' title='bbox 1979 1163 2145 1207; x_wconf 89' lang='lat' dir='ltr'>Cosmes,</span> <span class='ocrx_word' id='word_1_380' title='bbox 2162 1163 2268 1199; x_wconf 89' lang='lat' dir='ltr'>Leon</span> <span class='ocrx_word' id='word_1_381' title='bbox 2281 1169 2320 1198; x_wconf 86' lang='lat' dir='ltr'>et</span> 
     </span>
     <span class='ocr_line' id='line_1_68' title="bbox 1272 1217 2319 1272; baseline -0.004 -13"><span class='ocrx_word' id='word_1_382' title='bbox 1272 1224 1431 1260; x_wconf 90' lang='lat' dir='ltr'>Cnossus</span> <span class='ocrx_word' id='word_1_383' title='bbox 1445 1221 1457 1272; x_wconf 91' lang='lat'>(</span> <span class='ocrx_word' id='word_1_384' title='bbox 1467 1222 1645 1258; x_wconf 83' lang='lat' dir='ltr'>Eudoxus</span> <span class='ocrx_word' id='word_1_385' title='bbox 1653 1222 1686 1271; x_wconf 73' lang='grc' dir='ltr'>Ρ)</span> <span class='ocrx_word' id='word_1_386' title='bbox 1700 1219 1837 1258; x_wconf 86' lang='grc' dir='ltr'>πάντων</span> <span class='ocrx_word' id='word_1_387' title='bbox 1851 1217 2101 1271; x_wconf 78' lang='grc' dir='ltr'>ἀρχαιοτάτους</span> <span class='ocrx_word' id='word_1_388' title='bbox 2109 1217 2319 1270; x_wconf 82' lang='grc' dir='ltr'>Αἰγυπτίους</span> 
     </span>
     <span class='ocr_line' id='line_1_69' title="bbox 1272 1275 2317 1333; baseline -0.003 -15"><span class='ocrx_word' id='word_1_389' title='bbox 1272 1281 1373 1333; x_wconf 76' lang='grc' dir='ltr'>φασί·</span> <span class='ocrx_word' id='word_1_390' title='bbox 1393 1279 1452 1317; x_wconf 77' lang='grc' dir='ltr'>καὶ</span> <span class='ocrx_word' id='word_1_391' title='bbox 1475 1280 1509 1316; x_wconf 83' lang='grc' dir='ltr'>ἐν</span> <span class='ocrx_word' id='word_1_392' title='bbox 1528 1278 1696 1331; x_wconf 80' lang='grc' dir='ltr'>Αἰγύπτῳ</span> <span class='ocrx_word' id='word_1_393' title='bbox 1708 1277 1850 1330; x_wconf 87' lang='grc' dir='ltr'>πρώτην</span> <span class='ocrx_word' id='word_1_394' title='bbox 1862 1279 2043 1323; x_wconf 82' lang='grc' dir='ltr'>κτισθῆναι</span> <span class='ocrx_word' id='word_1_395' title='bbox 2061 1276 2162 1315; x_wconf 88' lang='grc' dir='ltr'>πόλιν</span> <span class='ocrx_word' id='word_1_396' title='bbox 2179 1275 2317 1322; x_wconf 75' lang='grc' dir='ltr'>Θήὸας.</span> 
     </span>
     <span class='ocr_line' id='line_1_70' title="bbox 1277 1334 2319 1389; baseline -0.005 -12"><span class='ocrx_word' id='word_1_397' title='bbox 1277 1338 1345 1377; x_wconf 77' lang='grc' dir='ltr'>Καὶ</span> <span class='ocrx_word' id='word_1_398' title='bbox 1362 1337 1526 1389; x_wconf 84' lang='grc' dir='ltr'>Νικάνωρ</span> <span class='ocrx_word' id='word_1_399' title='bbox 1544 1337 1579 1374; x_wconf 80' lang='grc' dir='ltr'>δὲ</span> <span class='ocrx_word' id='word_1_400' title='bbox 1599 1337 1730 1380; x_wconf 83' lang='grc' dir='ltr'>τούτοις</span> <span class='ocrx_word' id='word_1_401' title='bbox 1748 1341 1945 1389; x_wconf 80' lang='grc' dir='ltr'>συμφωνεῖ,</span> <span class='ocrx_word' id='word_1_402' title='bbox 1962 1334 2022 1373; x_wconf 82' lang='grc' dir='ltr'>καὶ</span> <span class='ocrx_word' id='word_1_403' title='bbox 2037 1334 2257 1387; x_wconf 77' lang='grc' dir='ltr'>Ἀρχέμαχος</span> <span class='ocrx_word' id='word_1_404' title='bbox 2283 1335 2319 1372; x_wconf 80' lang='grc' dir='ltr'>ἐν</span> 
     </span>
     <span class='ocr_line' id='line_1_71' title="bbox 1271 1392 2316 1446; baseline -0.002 -12"><span class='ocrx_word' id='word_1_405' title='bbox 1271 1399 1346 1439; x_wconf 83' lang='grc' dir='ltr'>ταῖς</span> <span class='ocrx_word' id='word_1_406' title='bbox 1366 1395 1615 1444; x_wconf 85' lang='grc' dir='ltr'>Μετωνυμίαις</span> <span class='ocrx_word' id='word_1_407' title='bbox 1641 1394 1700 1433; x_wconf 79' lang='grc' dir='ltr'>καὶ</span> <span class='ocrx_word' id='word_1_408' title='bbox 1721 1394 1922 1446; x_wconf 84' lang='grc' dir='ltr'>Ξεναγόρας</span> <span class='ocrx_word' id='word_1_409' title='bbox 1947 1395 1982 1430; x_wconf 79' lang='grc' dir='ltr'>ἐν</span> <span class='ocrx_word' id='word_1_410' title='bbox 2002 1393 2131 1445; x_wconf 86' lang='grc' dir='ltr'>πρώτῳ</span> <span class='ocrx_word' id='word_1_411' title='bbox 2159 1392 2316 1444; x_wconf 85' lang='grc' dir='ltr'>Χρόνων.</span> 
     </span>
    </p>

    <p class='ocr_par' dir='ltr' id='par_1_27' title="bbox 1271 1453 2320 1620">
     <span class='ocr_line' id='line_1_72' title="bbox 1325 1453 2320 1503; baseline -0.002 -12"><span class='ocrx_word' id='word_1_412' title='bbox 1325 1458 1370 1491; x_wconf 91' lang='lat' dir='ltr'>In</span> <span class='ocrx_word' id='word_1_413' title='bbox 1401 1458 1525 1503; x_wconf 88' lang='lat' dir='ltr'>Etym.</span> <span class='ocrx_word' id='word_1_414' title='bbox 1550 1457 1603 1491; x_wconf 87' lang='lat' dir='ltr'>M.</span> <span class='ocrx_word' id='word_1_415' title='bbox 1633 1468 1671 1502; x_wconf 92' lang='lat' dir='ltr'>p.</span> <span class='ocrx_word' id='word_1_416' title='bbox 1700 1454 1788 1503; x_wconf 87' lang='lat'>157,</span> <span class='ocrx_word' id='word_1_417' title='bbox 1822 1454 1869 1490; x_wconf 84' lang='lat'>53</span> <span class='ocrx_word' id='word_1_418' title='bbox 1894 1454 1942 1489; x_wconf 88' lang='lat' dir='ltr'>de</span> <span class='ocrx_word' id='word_1_419' title='bbox 1970 1454 2134 1500; x_wconf 85' lang='lat' dir='ltr'>antiquis</span> <span class='ocrx_word' id='word_1_420' title='bbox 2165 1453 2320 1501; x_wconf 78' lang='lat' dir='ltr'>Assyriae</span> 
     </span>
     <span class='ocr_line' id='line_1_73' title="bbox 1271 1507 2320 1561; baseline -0.004 -11"><span class='ocrx_word' id='word_1_421' title='bbox 1271 1514 1488 1550; x_wconf 88' lang='lat' dir='ltr'>nominibus</span> <span class='ocrx_word' id='word_1_422' title='bbox 1504 1514 1680 1548; x_wconf 84' lang='lat' dir='ltr'>laudatur</span> <span class='ocrx_word' id='word_1_423' title='bbox 1697 1510 1918 1561; x_wconf 84' lang='grc' dir='ltr'>Ξενοκράτης</span> <span class='ocrx_word' id='word_1_424' title='bbox 1932 1510 1966 1546; x_wconf 83' lang='grc' dir='ltr'>ἐν</span> <span class='ocrx_word' id='word_1_425' title='bbox 1983 1507 2110 1560; x_wconf 87' lang='grc' dir='ltr'>πρώτῳ</span> <span class='ocrx_word' id='word_1_426' title='bbox 2125 1510 2320 1560; x_wconf 86' lang='grc' dir='ltr'>Χρονικῶν.</span> 
     </span>
     <span class='ocr_line' id='line_1_74' title="bbox 1272 1566 2319 1620; baseline -0.002 -12"><span class='ocrx_word' id='word_1_427' title='bbox 1272 1573 1406 1608; x_wconf 85' lang='lat' dir='ltr'>Nescio</span> <span class='ocrx_word' id='word_1_428' title='bbox 1416 1585 1463 1607; x_wconf 88' lang='lat' dir='ltr'>an</span> <span class='ocrx_word' id='word_1_429' title='bbox 1473 1572 1588 1607; x_wconf 87' lang='lat' dir='ltr'>scribi</span> <span class='ocrx_word' id='word_1_430' title='bbox 1600 1571 1774 1607; x_wconf 87' lang='lat' dir='ltr'>debuerit</span> <span class='ocrx_word' id='word_1_431' title='bbox 1785 1566 1999 1620; x_wconf 87' lang='grc' dir='ltr'>Ξεναγόρας.</span> <span class='ocrx_word' id='word_1_432' title='bbox 2009 1570 2055 1605; x_wconf 90' lang='lat' dir='ltr'>V.</span> <span class='ocrx_word' id='word_1_433' title='bbox 2070 1568 2167 1605; x_wconf 85' lang='lat' dir='ltr'>infra</span> <span class='ocrx_word' id='word_1_434' title='bbox 2176 1581 2216 1617; x_wconf 90' lang='lat' dir='ltr'>p.</span> <span class='ocrx_word' id='word_1_435' title='bbox 2229 1567 2319 1606; x_wconf 82' lang='lat'>530.</span> 
     </span>
    </p>
   </div>
   <div class='ocr_carea' id='block_1_20' title="bbox 1326 1653 2322 1759">
    <p class='ocr_par' dir='ltr' id='par_1_28' title="bbox 1326 1653 2322 1759">
     <span class='ocr_line' id='line_1_75' title="bbox 1777 1653 1814 1678; baseline 0.054 -2"><span class='ocrx_word' id='word_1_436' title='bbox 1777 1653 1814 1678; x_wconf 90' lang='grc'>2.</span> 
     </span>
     <span class='ocr_line' id='line_1_76' title="bbox 1326 1705 2322 1759; baseline -0.005 -11"><span class='ocrx_word' id='word_1_437' title='bbox 1326 1711 1453 1748; x_wconf 90' lang='lat' dir='ltr'>Schol.</span> <span class='ocrx_word' id='word_1_438' title='bbox 1474 1710 1601 1759; x_wconf 87' lang='lat' dir='ltr'>Apoll.</span> <span class='ocrx_word' id='word_1_439' title='bbox 1620 1709 1695 1746; x_wconf 83' lang='lat' dir='ltr'>Rh.</span> <span class='ocrx_word' id='word_1_440' title='bbox 1722 1710 1787 1757; x_wconf 89' lang='lat' dir='ltr'>1V,</span> <span class='ocrx_word' id='word_1_441' title='bbox 1806 1707 1882 1752; x_wconf 79' lang='grc'>264</span> <span class='ocrx_word' id='word_1_442' title='bbox 1905 1720 1914 1743; x_wconf 74' lang='lat' dir='ltr'><strong><em>z</em></strong></span> <span class='ocrx_word' id='word_1_443' title='bbox 1937 1705 2037 1749; x_wconf 86' lang='grc' dir='ltr'>Τινὲς</span> <span class='ocrx_word' id='word_1_444' title='bbox 2059 1705 2096 1744; x_wconf 85' lang='grc' dir='ltr'>δέ</span> <span class='ocrx_word' id='word_1_445' title='bbox 2115 1720 2217 1758; x_wconf 83' lang='grc' dir='ltr'>φασιν</span> <span class='ocrx_word' id='word_1_446' title='bbox 2234 1705 2322 1744; x_wconf 86' lang='grc' dir='ltr'>Ἐν-</span> 
     </span>
    </p>
   </div>
   <div class='ocr_carea' id='block_1_21' title="bbox 1273 1763 2323 1993">
    <p class='ocr_par' dir='ltr' id='par_1_29' title="bbox 1273 1763 2323 1993">
     <span class='ocr_line' id='line_1_77' title="bbox 1274 1763 2322 1819; baseline -0.006 -13"><span class='ocrx_word' id='word_1_447' title='bbox 1274 1767 1427 1817; x_wconf 90' lang='grc' dir='ltr'>δυμίωνα</span> <span class='ocrx_word' id='word_1_448' title='bbox 1447 1766 1626 1819; x_wconf 81' lang='grc' dir='ltr'>εὑρηκέναι</span> <span class='ocrx_word' id='word_1_449' title='bbox 1640 1766 1701 1808; x_wconf 87' lang='grc' dir='ltr'>τὰς</span> <span class='ocrx_word' id='word_1_450' title='bbox 1717 1763 1894 1816; x_wconf 81' lang='grc' dir='ltr'>περιόδους</span> <span class='ocrx_word' id='word_1_451' title='bbox 1908 1764 1968 1802; x_wconf 90' lang='grc' dir='ltr'>καὶ</span> <span class='ocrx_word' id='word_1_452' title='bbox 1987 1763 2064 1807; x_wconf 77' lang='grc' dir='ltr'>τοὺς</span> <span class='ocrx_word' id='word_1_453' title='bbox 2085 1763 2248 1815; x_wconf 77' lang='grc' dir='ltr'>ἀριθμοὺς</span> <span class='ocrx_word' id='word_1_454' title='bbox 2260 1767 2322 1811; x_wconf 82' lang='grc' dir='ltr'>τῆς</span> 
     </span>
     <span class='ocr_line' id='line_1_78' title="bbox 1274 1822 2322 1875; baseline -0.004 -11"><span class='ocrx_word' id='word_1_455' title='bbox 1274 1825 1432 1873; x_wconf 78' lang='grc' dir='ltr'>σελήνης.</span> <span class='ocrx_word' id='word_1_456' title='bbox 1451 1823 1560 1864; x_wconf 63' lang='grc' dir='ltr'>ζὈθεν</span> <span class='ocrx_word' id='word_1_457' title='bbox 1580 1824 1640 1862; x_wconf 81' lang='grc' dir='ltr'>καὶ</span> <span class='ocrx_word' id='word_1_458' title='bbox 1659 1823 1894 1875; x_wconf 82' lang='grc' dir='ltr'>προσελήνους</span> <span class='ocrx_word' id='word_1_459' title='bbox 1913 1823 1989 1867; x_wconf 83' lang='grc' dir='ltr'>τοὺς</span> <span class='ocrx_word' id='word_1_460' title='bbox 2008 1822 2174 1875; x_wconf 86' lang='grc' dir='ltr'>Ἀρκάδας</span> <span class='ocrx_word' id='word_1_461' title='bbox 2190 1823 2322 1869; x_wconf 82' lang='grc' dir='ltr'>κληθῆ·</span> 
     </span>
     <span class='ocr_line' id='line_1_79' title="bbox 1273 1879 2323 1936; baseline -0.004 -14"><span class='ocrx_word' id='word_1_462' title='bbox 1273 1900 1342 1923; x_wconf 89' lang='grc' dir='ltr'>ναι·</span> <span class='ocrx_word' id='word_1_463' title='bbox 1363 1884 1486 1935; x_wconf 83' lang='grc' dir='ltr'>Ἀρκὰς</span> <span class='ocrx_word' id='word_1_464' title='bbox 1501 1883 1569 1936; x_wconf 86' lang='grc' dir='ltr'>γὰρ</span> <span class='ocrx_word' id='word_1_465' title='bbox 1583 1886 1600 1921; x_wconf 84' lang='grc' dir='ltr'><strong><em>ὃ</em></strong></span> <span class='ocrx_word' id='word_1_466' title='bbox 1613 1881 1826 1932; x_wconf 87' lang='grc' dir='ltr'>Ἐνδυμίων.</span> <span class='ocrx_word' id='word_1_467' title='bbox 1843 1881 1955 1920; x_wconf 84' lang='grc' dir='ltr'>Ἔνιοι</span> <span class='ocrx_word' id='word_1_468' title='bbox 1975 1880 2011 1920; x_wconf 82' lang='grc' dir='ltr'>δὲ</span> <span class='ocrx_word' id='word_1_469' title='bbox 2031 1879 2100 1919; x_wconf 79' lang='grc' dir='ltr'>ὑπὸ</span> <span class='ocrx_word' id='word_1_470' title='bbox 2112 1884 2174 1920; x_wconf 76' lang='grc' dir='ltr'>τοῦ</span> <span class='ocrx_word' id='word_1_471' title='bbox 2189 1883 2323 1934; x_wconf 78' lang='grc' dir='ltr'>Τυφῶ-</span> 
     </span>
     <span class='ocr_line' id='line_1_80' title="bbox 1273 1939 2103 1993; baseline -0.002 -12"><span class='ocrx_word' id='word_1_472' title='bbox 1273 1959 1343 1988; x_wconf 89' lang='grc' dir='ltr'>νος.</span> <span class='ocrx_word' id='word_1_473' title='bbox 1365 1942 1459 1982; x_wconf 83' lang='grc' dir='ltr'>Ὑπὸ</span> <span class='ocrx_word' id='word_1_474' title='bbox 1479 1942 1514 1981; x_wconf 82' lang='grc' dir='ltr'>δὲ</span> <span class='ocrx_word' id='word_1_475' title='bbox 1530 1941 1717 1985; x_wconf 84' lang='grc' dir='ltr'>Ἄτλαντος</span> <span class='ocrx_word' id='word_1_476' title='bbox 1735 1939 1937 1993; x_wconf 86' lang='grc' dir='ltr'>Ξεναγόρας</span> <span class='ocrx_word' id='word_1_477' title='bbox 1951 1939 2103 1992; x_wconf 87' lang='grc' dir='ltr'>εἴρηκεν.</span> 
     </span>
    </p>
   </div>
   <div class='ocr_carea' id='block_1_22' title="bbox 1582 2024 2013 2145">
    <p class='ocr_par' dir='ltr' id='par_1_30' title="bbox 1582 2024 2013 2145">
     <span class='ocr_line' id='line_1_81' title="bbox 1781 2024 1817 2062; baseline 0.056 -2"><span class='ocrx_word' id='word_1_478' title='bbox 1781 2024 1801 2060; x_wconf 83' lang='lat'>3</span> <span class='ocrx_word' id='word_1_479' title='bbox 1810 2054 1817 2062; x_wconf 97' lang='lat'>.</span> 
     </span>
     <span class='ocr_line' id='line_1_82' title="bbox 1582 2107 2013 2145; baseline -0.007 0"><span class='ocrx_word' id='word_1_480' title='bbox 1582 2110 1612 2145; x_wconf 93' lang='lat' dir='ltr'><strong>E</strong></span> <span class='ocrx_word' id='word_1_481' title='bbox 1639 2108 1790 2145; x_wconf 88' lang='lat' dir='ltr'>LIBRO</span> <span class='ocrx_word' id='word_1_482' title='bbox 1818 2107 2013 2143; x_wconf 84' lang='lat' dir='ltr'>TERTIO.</span> 
     </span>
    </p>
   </div>
   <div class='ocr_carea' id='block_1_23' title="bbox 1272 2193 2325 2306">
    <p class='ocr_par' dir='ltr' id='par_1_31' title="bbox 1272 2193 2325 2306">
     <span class='ocr_line' id='line_1_83' title="bbox 1331 2193 2325 2244; baseline -0.006 -10"><span class='ocrx_word' id='word_1_483' title='bbox 1331 2197 1547 2234; x_wconf 89' lang='lat' dir='ltr'>Macrobius</span> <span class='ocrx_word' id='word_1_484' title='bbox 1566 2197 1643 2232; x_wconf 86' lang='lat' dir='ltr'>Sat.</span> <span class='ocrx_word' id='word_1_485' title='bbox 1670 2197 1715 2242; x_wconf 89' lang='lat' dir='ltr'>V,</span> <span class='ocrx_word' id='word_1_486' title='bbox 1747 2208 1813 2244; x_wconf 85' lang='lat'>19,</span> <span class='ocrx_word' id='word_1_487' title='bbox 1833 2195 1880 2231; x_wconf 90' lang='lat' dir='ltr'>de</span> <span class='ocrx_word' id='word_1_488' title='bbox 1899 2195 2033 2230; x_wconf 88' lang='lat' dir='ltr'>Palicis</span> <span class='ocrx_word' id='word_1_489' title='bbox 2053 2194 2092 2230; x_wconf 89' lang='lat' dir='ltr'>in</span> <span class='ocrx_word' id='word_1_490' title='bbox 2108 2193 2235 2231; x_wconf 86' lang='lat' dir='ltr'>Sicilia</span> <span class='ocrx_word' id='word_1_491' title='bbox 2258 2205 2325 2229; x_wconf 86' lang='lat' dir='ltr'>ex-</span> 
     </span>
     <span class='ocr_line' id='line_1_84' title="bbox 1272 2253 2325 2306; baseline -0.005 -14"><span class='ocrx_word' id='word_1_492' title='bbox 1272 2269 1419 2306; x_wconf 90' lang='lat' dir='ltr'>ponens</span> <span class='ocrx_word' id='word_1_493' title='bbox 1436 2269 1444 2292; x_wconf 90' lang='lat'><strong>:</strong></span> <span class='ocrx_word' id='word_1_494' title='bbox 1466 2256 1544 2291; x_wconf 85' lang='lat' dir='ltr'>Sed</span> <span class='ocrx_word' id='word_1_495' title='bbox 1556 2263 1593 2291; x_wconf 83' lang='lat' dir='ltr'>et</span> <span class='ocrx_word' id='word_1_496' title='bbox 1603 2256 1833 2302; x_wconf 76' lang='lat' dir='ltr'>Xenagoras</span> <span class='ocrx_word' id='word_1_497' title='bbox 1853 2258 1891 2289; x_wconf 78' lang='lat' dir='ltr'>in</span> <span class='ocrx_word' id='word_1_498' title='bbox 1912 2257 2022 2305; x_wconf 75' lang='lat' dir='ltr'>tertia</span> <span class='ocrx_word' id='word_1_499' title='bbox 2032 2253 2187 2288; x_wconf 78' lang='lat' dir='ltr'>historia</span> <span class='ocrx_word' id='word_1_500' title='bbox 2198 2253 2325 2287; x_wconf 80' lang='lat' dir='ltr'>suade</span> 
     </span>
    </p>
   </div>
   <div class='ocr_carea' id='block_1_24' title="bbox 1275 2359 2326 2656">
    <p class='ocr_par' dir='ltr' id='par_1_32' title="bbox 1275 2359 2326 2656">
     <span class='ocr_line' id='line_1_85' title="bbox 1275 2359 2325 2406; baseline -0.006 -9"><span class='ocrx_word' id='word_1_501' title='bbox 1275 2374 1374 2406; x_wconf 85' lang='lat' dir='ltr'>quam</span> <span class='ocrx_word' id='word_1_502' title='bbox 1386 2365 1580 2397; x_wconf 58' lang='lat' dir='ltr'>Ptolemaeus</span> <span class='ocrx_word' id='word_1_503' title='bbox 1591 2363 1623 2395; x_wconf 93' lang='lat' dir='ltr'>in</span> <span class='ocrx_word' id='word_1_504' title='bbox 1637 2362 1862 2403; x_wconf 86' lang='lat' dir='ltr'>Geographicis</span> <span class='ocrx_word' id='word_1_505' title='bbox 1873 2362 1954 2393; x_wconf 87' lang='lat' dir='ltr'>inter</span> <span class='ocrx_word' id='word_1_506' title='bbox 1967 2361 2062 2393; x_wconf 89' lang='lat' dir='ltr'>urbes</span> <span class='ocrx_word' id='word_1_507' title='bbox 2074 2361 2200 2393; x_wconf 84' lang='lat' dir='ltr'>Arabiae</span> <span class='ocrx_word' id='word_1_508' title='bbox 2211 2359 2325 2392; x_wconf 83' lang='lat' dir='ltr'>Felicis</span> 
     </span>
     <span class='ocr_line' id='line_1_86' title="bbox 1276 2412 2325 2454; baseline -0.005 -5"><span class='ocrx_word' id='word_1_509' title='bbox 1276 2419 1429 2449; x_wconf 85' lang='lat' dir='ltr'>recenset.</span> <span class='ocrx_word' id='word_1_510' title='bbox 1445 2416 1583 2449; x_wconf 87' lang='lat' dir='ltr'>Uranius</span> <span class='ocrx_word' id='word_1_511' title='bbox 1606 2424 1683 2447; x_wconf 88' lang='lat' dir='ltr'>vero</span> <span class='ocrx_word' id='word_1_512' title='bbox 1699 2415 1731 2446; x_wconf 91' lang='lat' dir='ltr'>in</span> <span class='ocrx_word' id='word_1_513' title='bbox 1757 2414 1900 2446; x_wconf 82' lang='lat' dir='ltr'>Arabicis</span> <span class='ocrx_word' id='word_1_514' title='bbox 1917 2413 2035 2454; x_wconf 85' lang='lat' dir='ltr'>(fidem</span> <span class='ocrx_word' id='word_1_515' title='bbox 2057 2421 2134 2445; x_wconf 86' lang='lat' dir='ltr'>vero</span> <span class='ocrx_word' id='word_1_516' title='bbox 2151 2412 2192 2444; x_wconf 88' lang='lat' dir='ltr'>de</span> <span class='ocrx_word' id='word_1_517' title='bbox 2207 2412 2325 2444; x_wconf 84' lang='lat' dir='ltr'>talibus</span> 
     </span>
     <span class='ocr_line' id='line_1_87' title="bbox 1279 2463 2326 2508; baseline -0.004 -9"><span class='ocrx_word' id='word_1_518' title='bbox 1279 2469 1325 2500; x_wconf 82' lang='lat' dir='ltr'>vir</span> <span class='ocrx_word' id='word_1_519' title='bbox 1343 2469 1398 2501; x_wconf 89' lang='lat' dir='ltr'>ille</span> <span class='ocrx_word' id='word_1_520' title='bbox 1409 2470 1569 2508; x_wconf 86' lang='lat' dir='ltr'>meretur;</span> <span class='ocrx_word' id='word_1_521' title='bbox 1583 2476 1657 2499; x_wconf 88' lang='lat' dir='ltr'>nam</span> <span class='ocrx_word' id='word_1_522' title='bbox 1672 2467 1814 2499; x_wconf 90' lang='lat' dir='ltr'>studium</span> <span class='ocrx_word' id='word_1_523' title='bbox 1830 2466 1863 2498; x_wconf 93' lang='lat' dir='ltr'>in</span> <span class='ocrx_word' id='word_1_524' title='bbox 1884 2467 2034 2498; x_wconf 86' lang='lat' dir='ltr'>accurate</span> <span class='ocrx_word' id='word_1_525' title='bbox 2048 2463 2214 2496; x_wconf 84' lang='lat' dir='ltr'>narrandis</span> <span class='ocrx_word' id='word_1_526' title='bbox 2227 2463 2326 2499; x_wconf 77' lang='lat' dir='ltr'>rebus</span> 
     </span>
     <span class='ocr_line' id='line_1_88' title="bbox 1277 2515 2325 2561; baseline -0.006 -8"><span class='ocrx_word' id='word_1_527' title='bbox 1277 2521 1402 2553; x_wconf 85' lang='lat' dir='ltr'>Arabiae</span> <span class='ocrx_word' id='word_1_528' title='bbox 1417 2521 1644 2561; x_wconf 51' lang='lat' dir='ltr'>posuitletiam</span> <span class='ocrx_word' id='word_1_529' title='bbox 1658 2519 1899 2552; x_wconf 76' lang='lat' dir='ltr'>Mobucharax</span> <span class='ocrx_word' id='word_1_530' title='bbox 1912 2519 2000 2550; x_wconf 88' lang='lat' dir='ltr'>dicit.</span> <span class='ocrx_word' id='word_1_531' title='bbox 2016 2517 2102 2551; x_wconf 86' lang='lat' dir='ltr'>Civis</span> <span class='ocrx_word' id='word_1_532' title='bbox 2117 2525 2136 2548; x_wconf 89' lang='lat' dir='ltr'>e</span> <span class='ocrx_word' id='word_1_533' title='bbox 2148 2524 2228 2548; x_wconf 83' lang='lat' dir='ltr'>voce</span> <span class='ocrx_word' id='word_1_534' title='bbox 2243 2515 2325 2548; x_wconf 86' lang='lat' dir='ltr'>Cha-</span> 
     </span>
     <span class='ocr_line' id='line_1_89' title="bbox 1277 2567 2324 2610; baseline -0.005 -7"><span class='ocrx_word' id='word_1_535' title='bbox 1277 2573 1427 2604; x_wconf 81' lang='lat' dir='ltr'>racmoba</span> <span class='ocrx_word' id='word_1_536' title='bbox 1439 2572 1737 2610; x_wconf 84' lang='lat' dir='ltr'>Characmobenus,</span> <span class='ocrx_word' id='word_1_537' title='bbox 1755 2579 1772 2603; x_wconf 89' lang='lat' dir='ltr'>e</span> <span class='ocrx_word' id='word_1_538' title='bbox 1783 2579 1862 2602; x_wconf 85' lang='lat' dir='ltr'>voce</span> <span class='ocrx_word' id='word_1_539' title='bbox 1875 2569 2104 2608; x_wconf 82' lang='lat' dir='ltr'>Mobucharax,</span> <span class='ocrx_word' id='word_1_540' title='bbox 2119 2567 2324 2600; x_wconf 85' lang='lat' dir='ltr'>Mobuchara·</span> 
     </span>
     <span class='ocr_line' id='line_1_90' title="bbox 1277 2633 1384 2656; baseline -0.009 0"><span class='ocrx_word' id='word_1_541' title='bbox 1277 2633 1384 2656; x_wconf 82' lang='lat' dir='ltr'>oenus.</span> 
     </span>
    </p>
   </div>
   <div class='ocr_carea' id='block_1_25' title="bbox 1661 2680 1940 2720">
    <p class='ocr_par' dir='ltr' id='par_1_33' title="bbox 1661 2680 1940 2720">
     <span class='ocr_line' id='line_1_91' title="bbox 1661 2680 1940 2720; baseline -0.011 0"><span class='ocrx_word' id='word_1_542' title='bbox 1661 2680 1940 2720; x_wconf 86' lang='lat' dir='ltr'>CHRONICA.</span> 
     </span>
    </p>
   </div>
   <div class='ocr_carea' id='block_1_26' title="bbox 1785 2771 1818 2802">
    <p class='ocr_par' dir='ltr' id='par_1_34' title="bbox 1785 2771 1818 2802">
     <span class='ocr_line' id='line_1_92' title="bbox 1785 2771 1818 2802; baseline -0.03 0"><span class='ocrx_word' id='word_1_543' title='bbox 1785 2771 1818 2802; x_wconf 88' lang='lat'>1.</span> 
     </span>
    </p>
   </div>
   <div class='ocr_carea' id='block_1_27' title="bbox 1278 2830 2325 2979">
    <p class='ocr_par' dir='ltr' id='par_1_35' title="bbox 1278 2830 2325 2979">
     <span class='ocr_line' id='line_1_93' title="bbox 1320 2830 2324 2878; baseline -0.01 -8"><span class='ocrx_word' id='word_1_544' title='bbox 1320 2838 1485 2878; x_wconf 85' lang='lat' dir='ltr'>AEgyptios</span> <span class='ocrx_word' id='word_1_545' title='bbox 1511 2838 1655 2869; x_wconf 90' lang='lat' dir='ltr'>omnium</span> <span class='ocrx_word' id='word_1_546' title='bbox 1684 2835 1921 2876; x_wconf 82' lang='lat' dir='ltr'>antiquissimos</span> <span class='ocrx_word' id='word_1_547' title='bbox 1949 2841 2016 2865; x_wconf 87' lang='lat' dir='ltr'>esse</span> <span class='ocrx_word' id='word_1_548' title='bbox 2052 2840 2090 2863; x_wconf 84' lang='lat' dir='ltr'>ac</span> <span class='ocrx_word' id='word_1_549' title='bbox 2124 2831 2261 2872; x_wconf 86' lang='lat' dir='ltr'>primam</span> <span class='ocrx_word' id='word_1_550' title='bbox 2291 2830 2324 2861; x_wconf 88' lang='lat' dir='ltr'>in</span> 
     </span>
     <span class='ocr_line' id='line_1_94' title="bbox 1279 2881 2324 2929; baseline -0.011 -7"><span class='ocrx_word' id='word_1_551' title='bbox 1279 2892 1414 2929; x_wconf 79' lang='lat' dir='ltr'>AEgypto</span> <span class='ocrx_word' id='word_1_552' title='bbox 1431 2890 1541 2921; x_wconf 89' lang='lat' dir='ltr'>urbem</span> <span class='ocrx_word' id='word_1_553' title='bbox 1552 2889 1676 2920; x_wconf 83' lang='lat' dir='ltr'>Thebas</span> <span class='ocrx_word' id='word_1_554' title='bbox 1692 2887 1834 2920; x_wconf 84' lang='lat' dir='ltr'>conditas</span> <span class='ocrx_word' id='word_1_555' title='bbox 1846 2894 1915 2918; x_wconf 89' lang='lat' dir='ltr'>esse</span> <span class='ocrx_word' id='word_1_556' title='bbox 1928 2885 2065 2916; x_wconf 88' lang='lat' dir='ltr'>Nicanor</span> <span class='ocrx_word' id='word_1_557' title='bbox 2080 2890 2211 2922; x_wconf 90' lang='lat' dir='ltr'>quoque</span> <span class='ocrx_word' id='word_1_558' title='bbox 2224 2881 2324 2912; x_wconf 79' lang='lat' dir='ltr'>conti-</span> 
     </span>
     <span class='ocr_line' id='line_1_95' title="bbox 1278 2933 2325 2979; baseline -0.009 -6"><span class='ocrx_word' id='word_1_559' title='bbox 1278 2943 1364 2973; x_wconf 87' lang='lat' dir='ltr'>tetur</span> <span class='ocrx_word' id='word_1_560' title='bbox 1380 2945 1411 2973; x_wconf 89' lang='lat' dir='ltr'>et</span> <span class='ocrx_word' id='word_1_561' title='bbox 1422 2941 1659 2977; x_wconf 84' lang='lat' dir='ltr'>Archemachus</span> <span class='ocrx_word' id='word_1_562' title='bbox 1670 2940 1704 2972; x_wconf 90' lang='lat' dir='ltr'>in</span> <span class='ocrx_word' id='word_1_563' title='bbox 1720 2938 1922 2979; x_wconf 84' lang='lat' dir='ltr'>Metonymiis</span> <span class='ocrx_word' id='word_1_564' title='bbox 1933 2938 1966 2969; x_wconf 85' lang='lat' dir='ltr'>et</span> <span class='ocrx_word' id='word_1_565' title='bbox 1978 2938 2159 2976; x_wconf 84' lang='lat' dir='ltr'>Xenagoras</span> <span class='ocrx_word' id='word_1_566' title='bbox 2170 2935 2203 2966; x_wconf 94' lang='lat' dir='ltr'>in</span> <span class='ocrx_word' id='word_1_567' title='bbox 2222 2933 2325 2974; x_wconf 88' lang='lat' dir='ltr'>primo</span> 
     </span>
    </p>
   </div>
   <div class='ocr_carea' id='block_1_28' title="bbox 1279 2993 1806 3066">
    <p class='ocr_par' dir='ltr' id='par_1_36' title="bbox 1279 2993 1806 3066">
     <span class='ocr_line' id='line_1_96' title="bbox 1279 2993 1806 3066; baseline 0 -42"><span class='ocrx_word' id='word_1_568' title='bbox 1279 2993 1522 3025; x_wconf 88' lang='lat' dir='ltr'>Chronicorum.</span> <span class='ocrx_word' id='word_1_569' title='bbox 1784 3035 1806 3066; x_wconf 71' lang='grc'><strong>2</strong></span> 
     </span>
    </p>
   </div>
   <div class='ocr_carea' id='block_1_29' title="bbox 1280 3099 2327 3305">
    <p class='ocr_par' dir='ltr' id='par_1_37' title="bbox 1280 3099 2327 3305">
     <span class='ocr_line' id='line_1_97' title="bbox 1321 3099 2324 3146; baseline -0.01 -6"><span class='ocrx_word' id='word_1_570' title='bbox 1321 3108 1472 3140; x_wconf 88' lang='lat' dir='ltr'>Nonnulli</span> <span class='ocrx_word' id='word_1_571' title='bbox 1495 3107 1608 3139; x_wconf 84' lang='lat' dir='ltr'>dicunt</span> <span class='ocrx_word' id='word_1_572' title='bbox 1623 3105 1853 3146; x_wconf 80' lang='lat' dir='ltr'>Endymionem</span> <span class='ocrx_word' id='word_1_573' title='bbox 1870 3102 2022 3143; x_wconf 84' lang='lat' dir='ltr'>reperisse</span> <span class='ocrx_word' id='word_1_574' title='bbox 2043 3099 2189 3142; x_wconf 85' lang='lat' dir='ltr'>periodos</span> <span class='ocrx_word' id='word_1_575' title='bbox 2209 3107 2324 3131; x_wconf 89' lang='lat' dir='ltr'>nume-</span> 
     </span>
     <span class='ocr_line' id='line_1_98' title="bbox 1280 3151 2327 3201; baseline -0.011 -9"><span class='ocrx_word' id='word_1_576' title='bbox 1280 3169 1396 3201; x_wconf 88' lang='lat' dir='ltr'>rosque</span> <span class='ocrx_word' id='word_1_577' title='bbox 1420 3160 1524 3198; x_wconf 83' lang='lat' dir='ltr'>lunae,</span> <span class='ocrx_word' id='word_1_578' title='bbox 1553 3160 1650 3199; x_wconf 85' lang='lat' dir='ltr'>atque</span> <span class='ocrx_word' id='word_1_579' title='bbox 1676 3157 1751 3189; x_wconf 87' lang='lat' dir='ltr'>hinc</span> <span class='ocrx_word' id='word_1_580' title='bbox 1781 3156 1966 3189; x_wconf 85' lang='lat' dir='ltr'>Proselenos</span> <span class='ocrx_word' id='word_1_581' title='bbox 1989 3153 2130 3186; x_wconf 81' lang='lat' dir='ltr'>Arcades</span> <span class='ocrx_word' id='word_1_582' title='bbox 2150 3151 2327 3192; x_wconf 79' lang='lat' dir='ltr'>appellatos</span> 
     </span>
     <span class='ocr_line' id='line_1_99' title="bbox 1282 3205 2327 3252; baseline -0.01 -7"><span class='ocrx_word' id='word_1_583' title='bbox 1282 3213 1395 3252; x_wconf 79' lang='lat' dir='ltr'>suisse3</span> <span class='ocrx_word' id='word_1_584' title='bbox 1411 3221 1485 3243; x_wconf 89' lang='lat' dir='ltr'>nam</span> <span class='ocrx_word' id='word_1_585' title='bbox 1499 3215 1597 3244; x_wconf 84' lang='lat' dir='ltr'>Arcas</span> <span class='ocrx_word' id='word_1_586' title='bbox 1609 3210 1789 3251; x_wconf 81' lang='lat' dir='ltr'>Endymion</span> <span class='ocrx_word' id='word_1_587' title='bbox 1805 3209 1877 3240; x_wconf 84' lang='lat' dir='ltr'>suit.</span> <span class='ocrx_word' id='word_1_588' title='bbox 1892 3207 1953 3240; x_wconf 86' lang='lat' dir='ltr'>Alii</span> <span class='ocrx_word' id='word_1_589' title='bbox 1967 3207 2125 3239; x_wconf 90' lang='lat' dir='ltr'>mensium</span> <span class='ocrx_word' id='word_1_590' title='bbox 2148 3205 2286 3237; x_wconf 84' lang='lat' dir='ltr'>rationes</span> <span class='ocrx_word' id='word_1_591' title='bbox 2307 3212 2327 3235; x_wconf 90' lang='lat' dir='ltr'>a</span> 
     </span>
     <span class='ocr_line' id='line_1_100' title="bbox 1281 3256 2249 3305; baseline -0.008 -9"><span class='ocrx_word' id='word_1_592' title='bbox 1281 3264 1452 3305; x_wconf 79' lang='lat' dir='ltr'>Typhone,</span> <span class='ocrx_word' id='word_1_593' title='bbox 1466 3264 1648 3303; x_wconf 84' lang='lat' dir='ltr'>Xenagoras</span> <span class='ocrx_word' id='word_1_594' title='bbox 1664 3262 1705 3294; x_wconf 84' lang='lat' dir='ltr'>ab</span> <span class='ocrx_word' id='word_1_595' title='bbox 1721 3261 1848 3294; x_wconf 85' lang='lat' dir='ltr'>Atlante</span> <span class='ocrx_word' id='word_1_596' title='bbox 1862 3260 2009 3292; x_wconf 88' lang='lat' dir='ltr'>inventas</span> <span class='ocrx_word' id='word_1_597' title='bbox 2023 3266 2092 3290; x_wconf 81' lang='lat' dir='ltr'>esse</span> <span class='ocrx_word' id='word_1_598' title='bbox 2106 3256 2249 3289; x_wconf 84' lang='lat' dir='ltr'>tradunt.</span> 
     </span>
    </p>
   </div>
   <div class='ocr_carea' id='block_1_30' title="bbox 1325 3373 2325 3423">
    <p class='ocr_par' dir='ltr' id='par_1_38' title="bbox 1325 3373 2325 3423">
     <span class='ocr_line' id='line_1_101' title="bbox 1325 3373 2325 3423; baseline -0.011 -8"><span class='ocrx_word' id='word_1_599' title='bbox 1325 3382 1442 3423; x_wconf 88' lang='lat' dir='ltr'>Siculi,</span> <span class='ocrx_word' id='word_1_600' title='bbox 1454 3390 1555 3423; x_wconf 89' lang='lat' dir='ltr'>quum</span> <span class='ocrx_word' id='word_1_601' title='bbox 1570 3382 1655 3414; x_wconf 88' lang='lat' dir='ltr'>terra</span> <span class='ocrx_word' id='word_1_602' title='bbox 1672 3379 1838 3413; x_wconf 82' lang='lat' dir='ltr'>sterilitate</span> <span class='ocrx_word' id='word_1_603' title='bbox 1851 3378 2050 3415; x_wconf 78' lang='lat' dir='ltr'>laborarent,</span> <span class='ocrx_word' id='word_1_604' title='bbox 2069 3384 2159 3409; x_wconf 85' lang='lat' dir='ltr'>sacra</span> <span class='ocrx_word' id='word_1_605' title='bbox 2182 3373 2325 3406; x_wconf 80' lang='lat' dir='ltr'>fecerunt</span> 
     </span>
    </p>
   </div>
  </div>
 </body>
</html>
