2326 3724
36 244 47 250 ,
79 211 153 246 260

70 308 148 336 τους
175 291 266 330 κατὰ
288 291 350 339 τὴν
380 291 553 343 πολεμίαν
580 292 814 346 διαιρεθέντας
835 292 1113 346 εὖεπιχειρήτους

69 354 228 398 ποιῆσαι.

123 410 209 450 Ὅτι
236 409 341 448 εἰπὼν
363 409 444 462 περὶ
474 409 590 462 [τῶν]
611 410 823 449 ὀκτακοσίων
843 412 975 458 λευκῶν
999 410 1117 450 ἵππων

70 471 140 507 τῶν
169 468 237 507 ὑπὸ
263 468 471 521 Ἀζαρέφθου
491 467 644 506 ἁλόντων
663 468 723 508 καὶ
746 470 780 513 ἐς
801 468 971 521 θρίαμὸον
990 469 1115 521 ἀχθέν-

68 543 151 575 των,
166 525 271 580 φησὶν
288 529 306 565 ὁ
323 527 494 578 ἱστορικὸς
507 526 718 581 Μένανδρος·
732 545 747 563 «
762 530 887 568 Ταῦτα
902 527 966 578 μὲν
979 531 1001 574 ἦ
1017 528 1119 565 ἀδου-

68 584 127 623 λία
157 601 218 624 και
249 588 270 632 ἡ
296 584 556 638 καταφρόνησις
583 585 691 632 ἡλίκα
725 585 997 660 κατεργάζονται
1026 585 1118 624 κακὰ

68 646 298 698 παραστῆσαι
317 643 466 696 βουλομέ
467 659 515 697 νῳ
531 643 712 691 λέλεκται,
726 660 786 682 και
803 646 849 688 ὥς
865 646 883 682 ὁ
902 643 1032 692 θεὸς,’
1014 645 1116 691 ηνίκα

71 702 112 740 ἂν
133 703 171 740 οὗ
200 701 571 753 ξυνεπιλαμέάνηται,
597 702 656 741 καὶ
676 703 720 741 τὰ
746 704 917 741 δοκοῦντα
938 705 974 740 εὖ
994 702 1120 756 βεὸου-

69 763 212 800 λεῧσθαι
229 761 436 814 περιάγεται
449 763 482 805 ἐς
495 761 705 809 τούναντίον,
720 761 810 800 καὶ(
793 778 838 806 ως
856 761 945 811 ἄγαν
961 761 1117 813 χαλεπὸν

71 820 131 859 καὶ
158 820 337 859 πολιτείαν
365 820 560 873 διαφθεῖραι
581 820 769 870 δυνάμενον
796 819 835 858 τὸ
863 822 932 858 τῶν
953 819 1118 866 ὑπηκόων

72 878 233 926 ἀνήκοον.
255 878 449 932 Μαυρίκιος
464 878 526 930 μὲν
545 877 611 952 γὰρ
631 881 648 916 ὁ
667 881 735 916 τῶν
757 878 946 939 Ῥωμαίων
962 894 1117 931 στρατη-

70 954 129 989 γος
145 941 180 976 εὐ
200 937 343 990 βεῧουλε
347 937 483 987 υμένος,
500 936 560 975 καὶ
577 938 657 975 καθ’
675 935 755 975 ὅσον
767 930 906 974 οῐόντε
888 953 930 983 ην
949 936 1120 990 ἀνθρώπῳ

70 996 228 1049 προέγνω
246 996 308 1040 τὰς
328 996 475 1043 ἀδήλους
494 999 562 1034 τῶν
592 995 750 1046 πράξεων
772 994 988 1046 ἂποὸάσεις,
1016 998 1060 1045 τῇ
1083 995 1120 1034 δὲ

70 1058 139 1094 τῶν
161 1056 275 1094 ἄλλων
289 1056 494 1107 στρατηγῶν
509 1053 663 1107 ἀκοσμίᾳ
678 1053 718 1092 τὸ
740 1055 811 1107 (τῷ
829 1054 966 1104 Bekk.)
983 1052 1032 1103 μὴ
1051 1068 1120 1106 φυ-

71 1115 173 1160 λάξαι
197 1112 241 1152 τὰ
261 1113 346 1166 πρὸς
368 1114 472 1151 αὐτοῦ
498 1112 664 1165 εἰρημένα
691 1128 728 1151 τε
748 1112 808 1150 καὶ
826 1111 1116 1165 παρεγγυηθέντα

71 1175 105 1218 ἐς
127 1173 276 1225 ἔσχατον
301 1171 459 1210 κινδύνου
487 1171 532 1209 τὰ
559 1171 751 1222 Ῥωμαίων
773 1171 883 1218 ἤλασε
912 1171 1119 1224 πράγματα.

72 1231 145 1271 Καὶ
170 1232 236 1283 οὐχ
254 1233 277 1277 ἡ
300 1230 469 1269 σταλεῖσα
492 1229 556 1281 μὲν
586 1229 672 1283 πρὸς
691 1233 753 1269 τοῦ
779 1229 948 1281 ἡγεμόνος
965 1229 1056 1268 κατά
1085 1245 1120 1267 τε

71 1290 112 1328 τὸ
138 1289 287 1329 Δούὸιον
316 1289 376 1327 καὶ
402 1289 561 1341 Ἰδηρίαν
586 1292 698 1327 ταῦτα
729 1288 943 1341 ἐδυστύχησε
972 1287 1119 1341 στρατιὰ

73 1349 190 1398 μόνον,
220 1347 320 1390 αὐτὸς
340 1347 376 1386 δὲ
395 1350 414 1386 ὁ
442 1347 636 1401 Μαυρίκιος
664 1347 800 1394 ἀπαθὴς
827 1350 945 1386 κακῶν
972 1346 1120 1398 ἔμεινεν,

74 1406 198 1459 [ἀλλὰ]
219 1407 375 1450 κάκεῖνος
403 1408 449 1450 εἷς
477 1407 679 1451 τελευταίας
710 1406 936 1452 διωλίσθησεν
960 1406 1122 1454 ἐλπίδας,

71 1466 166 1516 ὅμως
186 1464 332 1512 διεσώθη
349 1465 460 1517 μόγις.
485 1484 500 1499 »

124 1524 211 1563 Ὅτι
235 1527 258 1571 ἢ
285 1527 354 1563 τῶν
385 1523 691 1577 προσδοκηθέντων
724 1523 860 1576 ἀνάγκη
884 1522 941 1562 τὸν
973 1524 1122 1576 προσδο-

73 1584 188 1621 κῶντα
206 1582 436 1636 ῥᾳθυμότερον
452 1582 657 1629 διατίθησιν.

504 1671 566 1709 60.
589 1669 714 1720 (580.)

128 1760 220 1797 Exc.
243 1760 301 1795 De
333 1759 404 1807 leg.
429 1760 544 1796 Rom.
567 1771 607 1807 p.
636 1761 839 1804 171—174
860 1771 873 1793 τ
895 1753 982 1796 εΌτι
1014 1770 1125 1808 παρε-

75 1816 262 1861 σκευάζετο
281 1818 298 1854 ὁ
316 1816 475 1870 Τιὸέριος
493 1817 653 1854 διαλῦσαι
671 1814 729 1853 τὸν
748 1814 834 1868 πρὸς
861 1815 1001 1868 Πέρσας
1019 1814 1127 1853 πόλε-

76 1889 154 1924 μον.
173 1877 370 1927 Τοιγαροῦν
394 1874 503 1918 οὕτως
526 1874 700 1927 ἀρέσαντα
723 1875 880 1926 βασιλεῖ,
901 1873 1084 1927 ἀφίησιν’
1069 1889 1126 1911 επι

77 1933 189 1972 τούτω
220 1933 407 1986 Ζαχαρίαν
435 1936 468 1973 ἐν
502 1938 575 1977 τοῖς
606 1931 796 1982 Ῥωμαίων
820 1948 858 1971 τε
889 1947 949 1971 και
978 1934 1125 1985 Περσῶν

78 1992 250 2044 μεθορίοις
269 1991 570 2044 πρεσὸευσόμενον
588 1991 648 2030 καὶ
669 1985 783 2035 αυθις·
797 1989 834 2029 δν
852 1991 894 2038 δὴ
915 1989 975 2029 καὶ
993 1990 1127 2029 πολλοί·

77 2068 129 2095 κις
162 2052 219 2090 ἐπι
248 2057 324 2096 ταῖς
350 2066 525 2095 τοιαυταις
553 2049 794 2103 ἐχειροτόνησε
825 2050 973 2102 χρείαις.
1006 2049 1052 2089 ‘O
1089 2049 1126 2088 δὲ

76 2163 154 2196 victi
170 2164 274 2196 essent
284 2187 293 2203 ‚
310 2172 364 2195 eos
377 2172 433 2204 per
445 2163 593 2195 hostilem
603 2171 714 2203 agrum
728 2162 872 2203 palantes
887 2161 1037 2202 periculis
1050 2161 1128 2193 irre-

78 2215 190 2247 tirent.

122 2269 296 2308 Postquam
322 2267 467 2299 narravit
482 2266 523 2298 de
537 2266 727 2307 octingentis
741 2266 821 2298 albis
842 2265 934 2307 equis
957 2264 998 2297 ab
1016 2268 1129 2297 Azare-

78 2321 179 2361 plillio
202 2320 303 2360 captis
318 2323 415 2360 atque
431 2320 464 2351 in
480 2320 646 2360 triumpho
671 2319 788 2359 ductis,
812 2318 986 2351 Menander
1002 2318 1128 2350 histori-

79 2381 137 2403 cus
154 2372 198 2404 ait
212 2384 219 2403 :
238 2384 254 2399 «
274 2373 404 2409 Quanta
419 2371 549 2412 quidem
564 2372 645 2403 mala
658 2380 677 2402 a
695 2371 802 2403 stultis
824 2370 962 2402 consiliis
981 2372 1013 2402 et
1029 2370 1129 2409 negli-

70 2426 186 2466 ¹gentia
199 2425 419 2463 manaverint,
431 2424 681 2465 intelligentibus
694 2425 769 2456 satis
781 2424 1039 2456 demonstratum
1052 2424 1100 2454 est
1120 2431 1128 2454 :

79 2477 232 2519 quodque
245 2476 324 2508 deus
334 2501 343 2516 ,
360 2476 418 2507 nisi
433 2476 464 2507 in
479 2476 621 2516 partibus
636 2476 753 2507 nostris
765 2476 828 2515 sit,
845 2484 882 2507 ea
895 2483 1043 2516 quoque,
1057 2482 1130 2514 quae

81 2530 167 2562 recte
180 2528 360 2568 excogitata
379 2527 541 2566 videntur,
555 2527 592 2558 in
614 2527 811 2558 contrarium
828 2528 933 2558 vertat
960 2539 968 2558 ε
987 2528 1020 2557 et
1044 2525 1131 2566 quod

80 2582 186 2622 gravis
197 2581 290 2614 sitae
308 2579 553 2622 pessumdandae
572 2579 617 2611 rei
634 2579 772 2619 publicae
790 2578 906 2610 idonea
928 2578 1130 2610 subditorum

82 2633 308 2666 inobedientia.
322 2631 600 2670 Mauriciusenim,
613 2633 829 2663 Romanorum
838 2629 905 2661 dux
914 2654 923 2669 ,
932 2638 1131 2670 quamquam

82 2686 213 2718 consilio
226 2685 382 2726 praestans
393 2708 403 2724 ,
417 2685 448 2716 et
461 2686 620 2724 quantum
632 2682 753 2714 homini
765 2682 840 2713 licet
849 2705 858 2720 ‚
874 2681 1013 2713 incertos
1023 2689 1130 2712 rerum

82 2739 188 2770 exitus
210 2737 406 2779 praevidens;
430 2739 539 2768 tamen
567 2735 689 2768 ducum
711 2736 894 2767 ceterorum
920 2734 1132 2774 incomposito

83 2791 195 2822 ordine
205 2814 213 2829 ,
228 2791 282 2831 qui
296 2789 365 2829 ejus
379 2789 465 2820 dicta
480 2792 513 2820 et
526 2789 647 2820 monita
670 2788 898 2827 neglexerunt,
910 2795 960 2818 res
972 2788 1133 2818 Romanas

84 2843 117 2874 in
130 2843 311 2873 extremum
330 2841 499 2873 discrimen
523 2839 669 2872 adduxit.
695 2841 806 2879 Neque
822 2839 927 2871 solum
954 2838 1132 2878 exercitus,

86 2902 181 2934 quem
199 2893 267 2924 dux
277 2893 312 2924 in
330 2892 470 2924 Dubium
487 2893 518 2924 et
533 2891 671 2924 ¹lberiam
687 2891 835 2930 miserat,
853 2898 920 2922 rem
939 2889 1134 2930 improspere

86 2944 169 2984 egit,
198 2945 243 2976 ita
275 2946 404 2983 tamen,
429 2945 468 2975 ut
497 2943 670 2975 Mauricius
693 2942 863 2974 incolumis
888 2942 971 2973 esset
986 2952 996 2981 ;
1018 2949 1134 2972 verum

88 2997 198 3037 etipse
213 2996 246 3028 in
262 2996 396 3028 summis
421 2995 598 3028 terroribus
613 2994 692 3033 fuit,
717 2995 815 3035 atque
839 3001 924 3034 aegre
951 2992 1052 3024 vitam
1072 3000 1136 3024 ser-

89 3050 190 3082 vavit.
210 3062 225 3077 υ

132 3105 242 3140 Quum
266 3110 304 3133 ea
331 3110 406 3142 quae
430 3100 638 3142 impendent,
663 3101 757 3132 vitari
778 3099 964 3141 nequeunt,
980 3100 1060 3131 tunc
1083 3097 1137 3130 ille

90 3154 226 3195 quirem
241 3153 369 3186 fatalem
387 3154 567 3192 exspectat,
581 3152 731 3184 audacior
745 3152 793 3184 fit.

581 3207 641 3239 60.

133 3261 279 3294 Tiberius
302 3261 423 3293 bellum
449 3262 561 3293 contra
578 3264 689 3293 Persas
705 3260 795 3292 finire
808 3260 839 3291 in
850 3259 960 3292 animo
986 3258 1136 3291 habebat.

94 3318 218 3356 ltaque,
233 3315 293 3346 hoe
303 3306 436 3346 consilio
450 3316 543 3355 capto
555 3339 564 3354 ‚
580 3314 695 3346 iterum
710 3313 898 3345 Zachariam
912 3312 1022 3353 elegit,
1041 3321 1138 3352 quem

94 3367 132 3398 ad
147 3366 263 3398 limites
279 3368 495 3397 Romanorum
513 3367 545 3397 et
571 3367 738 3397 Persarum
755 3365 884 3404 legaret.
914 3367 984 3396 Jam
1006 3364 1091 3396 enim
1107 3365 1139 3396 et

96 3418 211 3459 saepius
225 3419 318 3449 antea
330 3417 397 3457 ejus
410 3425 504 3458 opera
522 3419 550 3448 in
567 3415 749 3456 liuJ'usmodi
769 3415 862 3448 relius
877 3424 952 3447 usus
973 3416 1088 3447 fuerat.
1110 3417 1139 3447 ls

821 205 1097 245 MENANDRI
1126 204 1481 246 PROTECTORIS

1180 293 1404 347 ἀφικόμενος,
1434 309 1493 332 και
1519 294 1622 340 δῆλον
1649 293 1872 342 καταστήσας
1892 295 1945 349 ἐφ’
1973 289 2004 349 ῳ
2033 297 2224 346 ἐποιήσατο

1179 369 1226 396 ως
1246 351 1386 405 Πέρσας
1405 351 1469 400 την
1489 351 1616 406 ἄφιξιν,
1636 355 1653 391 ὃ
1673 352 1736 404 μὲν
1756 356 1910 406 ὖπῆρχεν
1931 356 1965 394 ἐν
1985 355 2134 405 τούτοις,
2159 361 2224 410 βα-

1180 410 1296 455 σιλεὺς
1325 411 1362 450 δὲ
1383 413 1530 464 Περσῶν
1557 410 1729 461 ἐκπέμπει
1749 412 1922 464 Ἀνδίγαν.
1945 409 2058 459 Οὗτος
2075 415 2111 454 δὲ
2137 415 2225 470 ἀνὴρ

1178 470 1270 508 κατὰ
1287 473 1449 508 τοσοῦτον
1467 468 1623 522 ἐχέφρων
1642 485 1679 508 τε
1712 465 1751 518 ην
1770 470 1830 509 καὶ
1849 470 2033 543 πράγμασι
2051 473 2227 519 πλείστοις

1178 529 1368 580 ὁμιλήσας,
1386 528 1532 568 καθόσον
1549 544 1585 567 τε
1603 530 1698 582 αὐτῷ
1714 529 1773 567 ἐπὶ
1790 530 2010 583 μακρότατον
2030 531 2148 571 καὶτὰ
2163 549 2224 572 του

1178 587 1304 658 χρόνου
1332 586 1527 632 ξυνέὸαινεν
1556 588 1836 641 ἕπισφραγίζοντι
1862 591 1911 627 τῶ
1939 589 2031 628 πάνυ
2059 591 2224 646 γηραλέῳ

1179 645 1220 684 τὸ
1236 645 1406 698 νουνεχές.
1430 644 1578 692 Ἐπειδὴ
1600 645 1636 683 δὲ
1655 646 1905 694 συνηλθέτην’
1886 663 1997 699 αγχου
2015 651 2077 695 τῆς
2092 649 2225 692 πόλεως

1179 719 1240 742 του
1219 704 1382 756 Δάρας,
1399 702 1457 747 ξὺν
1475 708 1545 747 τοῖς
1553 719 1613 742 και
1629 705 1659 742 οἱ
1669 706 1737 743 τῶν
1755 705 1866 757 ἐκείνῃ
1882 706 2018 744 πόλεων
2034 705 2224 759 Ῥωμαίων

1181 777 1218 800 τε
1237 762 1298 800 καὶ
1326 763 1474 814 Περσῶν
1493 762 1679 813 ἡγεμόνες,
1699 765 1730 802 οἱ
1758 763 1820 814 μὲν
1844 764 1885 812 δὴ
1916 763 2120 818 ἐξηρτύοντο
2145 765 2227 804 ἕκα-

1182 836 1257 859 στοι
1284 820 1593 872 διαλεχθησόμενοι
1618 820 1700 874 περὶ
1722 825 1782 860 τοῦ
1801 821 1896 866 ὅπως
1919 822 1994 860 δέον
2014 822 2226 862 καταθέσθαι

1181 879 1240 917 τὸν
1251 878 1406 928 πόλεμον
1416 894 1424 902 ·
1439 881 1457 916 ὃ
1472 877 1508 916 δέ
1519 894 1558 930 γε
1572 880 1640 917 τῶν
1655 879 1824 933 μεθορίων
1833 880 2018 932 λεγόμενος
2028 881 2224 935 προτίκτωρ

1184 938 1301 988 (δηλοῖ
1319 936 1355 975 δὲ
1373 937 1474 990 παρὰ,
1492 936 1682 986 Ῥωμαίοις
1694 939 1751 976 τὸν
1771 940 1805 983 ἐς
1824 942 1925 977 τοῦτο
1944 939 2225 992 καταλεγόμενον

1182 995 1297 1043 ἀξίας,
1319 995 1377 1034 τὸν
1390 995 1563 1048 βασίλειον
1582 996 1888 1049 προσκεπαστήν,)
1903 991 1999 1042 οὗτος
2023 998 2066 1046 δὴ
2085 992 2144 1037 οἷν
2160 1014 2227 1038 κα-

1182 1052 1373 1093 τεσκεύασε
1387 1053 1564 1105 καλύὸας,
1580 1055 1614 1092 ἐν
1627 1050 1680 1097 αἷς
1700 1054 1844 1106 ἔμελλον
1868 1055 2033 1109 ἑκατέρας
2051 1057 2228 1102 πολιτείας

1181 1112 1345 1166 πρέσὸεις
1361 1111 1404 1150 τὰ
1416 1113 1581 1164 εἰρημένα
1595 1113 1875 1152 διασκέπτεσθαι·
1893 1117 1994 1152 τοῦτο
2010 1114 2078 1167 γὰρ
2095 1114 2134 1153 τὸ
2150 1116 2225 1154 λει-

1174 1171 1364 1224 -τούργημα
1386 1170 1515 1209 ἄνωθέν
1531 1186 1568 1209 τε
1587 1171 1647 1209 καὶ
1663 1171 1697 1216 ἐξ
1715 1173 1825 1224 ἀρχῆς
1843 1173 1893 1223 τῷ
1920 1171 2132 1225 προτίκτωρι
2151 1174 2227 1212 ἔπι-

1182 1230 1386 1283 τέτραπται.
1407 1229 1774 1282 Παρασκευασθέντων
1790 1223 1849 1267 οῧν
1864 1231 1934 1268 τῶν
1951 1230 2091 1268 τοιῶνδε
2105 1231 2230 1269 ἐνδιαι-

1182 1289 1362 1339 τημάτων,
1383 1288 1442 1327 καὶ
1462 1288 1655 1339 γενομένων
1677 1290 1712 1326 ἐν
1736 1290 1787 1341 τῷ
1805 1290 1900 1340 αὐτῷ
1926 1291 1985 1327 τοῦ
2009 1288 2166 1341 Ἀνδίγαν
2190 1305 2229 1327 τε

1183 1348 1245 1387 καὶ
1271 1348 1451 1401 Ζαχαρίου
1472 1363 1532 1386 και
1551 1350 1620 1385 τῶν
1645 1363 1707 1394 της
1732 1347 1938 1399 περιοικίδος
1959 1346 2149 1400 ἀρχόντων,
2168 1363 2229 1387 του

1185 1407 1248 1457 μὲν
1267 1407 1424 1458 Ἀνδίγαν
1443 1406 1506 1453 τὴν
1521 1406 1720 1445 συνέλευσιν
1736 1406 1942 1457 ποιουμένου
1962 1408 2002 1444 ἐκ
2017 1410 2076 1445 τοῦ
2096 1406 2228 1459 Δάρας,

1184 1465 1366 1518 Ζαχαρίου
1384 1464 1452 1504 δὲ’
1437 1481 1476 1504 εκ
1495 1481 1554 1503 του
1576 1464 1730 1518 Μάρδις,
1750 1465 1810 1503 καὶ
1833 1458 1928 1509 αυθις
1945 1465 2010 1517 οὔχ
2033 1459 2137 1512 ἧττον
2152 1468 2229 1509 ταῖς

1185 1524 1304 1567 αὐταῖς
1333 1522 1525 1576 χρωμένων
1553 1523 1816 1574 δικαιολογίαις,
1840 1517 1966 1575 αἷσπερ
1993 1522 2053 1561 καὶ
2085 1539 2120 1561 εν
2153 1525 2230 1568 ταῖς

1184 1581 1366 1634 προτέραις
1382 1581 1599 1634 πρεσὸείαις·
1619 1581 1679 1620 καὶ
1699 1584 1767 1620 τῶν
1794 1581 1857 1632 μὲν
1882 1583 2030 1635 Περσῶν
2057 1582 2230 1634 βουλομέ-

1187 1656 1253 1678 νων
1267 1641 1469 1691 κομίζεσθαι
1493 1640 1562 1678 ἀπὸ
1580 1639 1769 1690 Ῥωμαίων
1785 1639 1829 1677 τὰ
1851 1637 1983 1692 ὅσαπερ
2001 1641 2039 1678 ἐκ
2060 1638 2229 1678 πλείστου

1184 1698 1309 1752 χρόνου
1326 1698 1490 1737 εἰώθεσαν
1507 1697 1678 1750 χρήματα
1692 1702 1750 1737 τοῦ
1766 1697 2070 1749 διομολογηθέντος
2083 1696 2142 1735 ἐπὶ
2157 1699 2226 1736 τῶν

1186 1757 1431 1797 Ἰουστινιανοῦ
1448 1757 1595 1809 χρόνων,
1613 1757 1695 1809 πρὸς
1713 1755 1845 1800 τούτοις
1859 1755 1952 1809 ἔχειν
1966 1755 2026 1794 καὶ
2040 1755 2079 1794 τὸ
2092 1756 2227 1808 Δάρας·

1187 1818 1254 1854 τῶν
1267 1814 1302 1854 δὲ
1320 1815 1362 1863 δὴ
1381 1815 1572 1866 Ῥωμαίων
1591 1814 1784 1860 ἐξεναντίας
1798 1814 2122 1868 ἀπισχυριζομένων
2137 1813 2228 1852 ὥστε

1188 1874 1296 1925 μηδὲν
1322 1873 1546 1912 κατατιθέναι
1573 1873 1662 1924 μήτε
1689 1872 1756 1924 μὴν
1775 1872 1894 1926 ὥσπερ
1916 1873 2115 1924 τιμήματός
2140 1887 2231 1916 τινος

1187 1932 1357 1986 πρίασθαι
1374 1932 1436 1979 τὴν
1456 1932 1610 1985 εἰρήνην,
1627 1931 1718 1970 ἀλλὰ
1736 1932 1802 1984 γὰρ
1819 1932 1879 1970 καὶ
1897 1931 2146 1970 ἀνασώσασθαι
2161 1930 2232 1968 ἀπὸ

1190 1993 1336 2043 Περσῶν
1352 1991 1391 2030 τὸ
1406 1991 1525 2044 Δᾶρας
1534 2022 1545 2039 ,
1561 1990 1793 2041 ἀντάλλαγμα
1807 1989 1925 2041 μέντοι
1938 1988 2155 2043 παρέχοντας
2166 1988 2231 2035 τὴν

1191 2049 1225 2094 ἐξ
1242 2052 1354 2102 ἀρχῆς
1375 2049 1647 2103 Περσαρμενίαν
1666 2064 1704 2087 τε
1730 2048 1790 2088 καὶ
1819 2048 2043 2102 Ἀρζανηνὴν,
2061 2047 2144 2087 ἄνευ
2162 2050 2232 2086 τῶν

1188 2170 1291 2202 quum
1305 2161 1501 2200 advenisset,
1510 2169 1638 2202 quaque
1645 2160 1685 2192 de
1692 2168 1786 2192 causa
1795 2159 1835 2191 ad
1846 2162 1958 2192 Persas
1968 2159 2129 2199 profectus
2138 2160 2234 2199 esset,

1188 2213 1403 2253 exposuisset,
1414 2213 1480 2254 ipse
1491 2213 1525 2244 in
1541 2212 1579 2244 iis
1593 2212 1671 2243 locis
1683 2211 1854 2251 manebat,
1867 2213 1900 2243 et
1915 2214 2084 2244 Persarum
2101 2219 2155 2242 rex
2171 2213 2236 2242 An·

1188 2264 1283 2305 digan
1297 2264 1409 2296 eodem
1434 2264 1544 2296 mittit.
1574 2263 1633 2295 llic
1657 2263 1708 2294 vir
1723 2264 1792 2295 erat
1819 2262 1992 2295 admodum
2020 2261 2176 2303 prudens,
2202 2262 2236 2294 et

1189 2317 1365 2348 multorum
1382 2316 1585 2356 negotiorum
1601 2314 1812 2355 peritissimus
1823 2338 1832 2352 ‚
1849 2314 1926 2355 quia
1949 2314 2138 2345 diuturnum
2154 2314 2236 2345 tem-

1189 2368 1275 2409 poris
1287 2368 1424 2409 spatium
1440 2368 1451 2407 (
1466 2367 1633 2399 eratenim
1650 2367 1746 2399 aetate
1759 2366 1850 2406 longe
1868 2365 2058 2406 provectus)
2071 2366 2236 2397 senectute

1190 2421 1257 2462 ipsa
1272 2422 1458 2462 sapientiam
1472 2421 1540 2461 ejus
1561 2420 1755 2452 firmaverat.
1770 2419 1942 2459 Postquam
1956 2419 2064 2450 autem
2078 2417 2118 2449 ad
2135 2419 2236 2450 Daras

1190 2476 1431 2514 convenerunt,
1451 2475 1570 2506 etcum
1581 2473 1630 2505 bis
1654 2472 1784 2504 urbium
1799 2473 1867 2503 tam
1880 2479 1990 2503 earum
2000 2495 2009 2508 .
2023 2478 2097 2510 quae
2119 2471 2236 2502 Roma·

1190 2528 1238 2559 nis
1247 2552 1256 2567 ‚
1270 2536 1367 2568 quam
1378 2536 1491 2559 earum
1503 2550 1512 2565 ,
1523 2535 1597 2567 quae
1612 2525 1714 2558 Persis
1723 2523 1894 2566 parebant,
1906 2523 2047 2564 primarii
2062 2522 2121 2554 viri
2137 2531 2145 2554 :
2159 2522 2238 2555 utri-

1190 2590 1254 2622 que
1272 2582 1304 2613 in
1321 2590 1358 2614 ea
1379 2580 1599 2621 disquisitione
1621 2579 1736 2611 versati
1761 2579 1848 2617 sunt,
1869 2576 2031 2618 quomodo
2054 2575 2140 2608 bello
2166 2574 2238 2607 finis

1192 2633 1309 2673 imponi
1324 2634 1440 2673 posset.
1458 2633 1530 2670 lile,
1547 2631 1602 2672 qui
1624 2630 1799 2662 confinium
1816 2631 1977 2670 protector
1992 2629 2061 2660 erat
2083 2627 2094 2667 (
2112 2627 2158 2659 sic
2176 2629 2237 2660 Ro·

1194 2689 1278 2717 mani
1291 2695 1364 2718 eum
1389 2685 1570 2726 appellant,
1591 2684 1646 2725 qui
1665 2683 1705 2715 ad
1727 2683 1912 2723 dignitatem
1929 2680 2070 2722 praesecti
2084 2680 2159 2721 regii
2175 2680 2239 2712 ele·

1192 2740 1264 2770 ctus
1279 2740 1327 2771 est
1342 2738 1371 2779 )‚
1387 2738 1458 2776 ille,
1471 2738 1623 2778 inquam,
1640 2735 1777 2768 tentoria
1793 2734 2002 2776 praeparanda
2017 2732 2144 2765 curavit
2158 2733 2239 2772 (boc

1192 2794 1277 2826 enim
1291 2800 1410 2824 munus
1436 2791 1486 2822 est
1509 2790 1593 2821 illius
1606 2789 1810 2829 magistratus
1831 2796 1850 2819 a
1869 2787 1979 2828 primis
1994 2786 2068 2819 inde
2083 2785 2238 2826 tempori·

1193 2845 1253 2877 bus
1267 2845 1298 2884 ),
1313 2843 1373 2875 sub
1386 2842 1503 2883 quibus
1518 2841 1559 2873 ab
1584 2841 1722 2880 utraque
1736 2849 1770 2871 re
1783 2839 1912 2880 publica
1931 2838 2017 2870 missi
2031 2837 2240 2870 convenirent

1193 2899 1226 2929 et
1241 2895 1511 2936 colloquerentur.
1524 2894 1635 2932 ltaque
1650 2891 1722 2923 istic
1730 2890 1919 2931 ,praeparatis
1928 2889 2125 2928 diversoriis,
2136 2897 2238 2930 quum

1194 2950 1226 2981 in
1251 2948 1315 2980 illis
1335 2947 1480 2987 Andigan
1504 2947 1536 2978 et
1554 2944 1722 2977 Zacharias
1744 2945 1776 2975 et
1798 2943 1956 2983 principes
1981 2940 2155 2973 confinium
2178 2940 2238 2972 viri

1194 2999 1351 3040 congressi
1373 2998 1479 3031 essent
1497 2998 1557 3038 (eo
1574 2996 1660 3028 enim
1678 2994 1819 3036 Andigan
1836 3002 1876 3025 ex
1895 2995 2006 3032 Daras,
2021 2995 2053 3024 et
2070 2992 2240 3025 Zacharias

1194 3063 1235 3086 ex
1247 3052 1365 3085 Mardis
1382 3050 1498 3092 oppido
1517 3049 1672 3082 venerant
1689 3049 1720 3087 ),
1738 3046 1849 3079 iisdem
1866 3054 1976 3077 rursus
2001 3044 2178 3076 rationibus
2187 3044 2241 3085 jus

1194 3113 1289 3138 suum
1307 3104 1348 3136 ab
1368 3105 1503 3143 utraque
1520 3101 1609 3141 parte
1624 3098 1852 3137 defenderunt,
1875 3097 1994 3138 quibus
2020 3096 2052 3128 in
2067 3096 2240 3136 superiori-

1195 3157 1255 3189 bus
1271 3154 1437 3196 colloquiis
1449 3154 1539 3185 erant
1553 3151 1611 3184 usi.
1627 3150 1785 3182 volebant
1798 3149 1884 3181 enim
1898 3151 2000 3180 Persae
2012 3156 2031 3179 a
2043 3148 2146 3179 multo
2162 3150 2239 3179 lem—

1196 3216 1274 3249 pore
1291 3206 1454 3248 pecunias,
1471 3213 1552 3245 quas
1578 3202 1662 3234 soliti
1679 3202 1770 3234 erant
1794 3209 1835 3232 ex
1856 3199 2069 3231 conventione
2093 3200 2127 3230 et
2146 3200 2241 3239 pacto

1195 3258 1393 3300 temporibus
1414 3253 1585 3289 Justiniani
1610 3254 1706 3293 inito,
1730 3261 1749 3284 a
1766 3251 1916 3284 Romanis
1929 3250 2090 3291 accipere,
2113 3251 2146 3282 et
2158 3258 2240 3290 prae-

1197 3312 1283 3344 terea
1297 3309 1432 3342 retinere
1452 3309 1560 3339 Daras.
1582 3304 1718 3337 Romani
1737 3312 1814 3335 vero
1837 3303 1968 3342 eontra,
1995 3310 2036 3333 ne
2049 3300 2127 3342 quid
2148 3309 2242 3341 pecu-

1198 3364 1324 3394 niarum
1337 3359 1462 3398 darent,
1473 3356 1674 3399 pugnabant;
1689 3363 1771 3386 neve
1783 3354 1872 3394 quasi
1887 3362 1980 3394 poena
1993 3354 2025 3384 et
2035 3352 2155 3384 mulcta
2164 3360 2242 3393 qua-

1199 3414 1271 3446 dam
1286 3420 1397 3454 pacem
1413 3410 1567 3443 redimere
1579 3407 1771 3440 viderentur.
1790 3409 1890 3439 Daras
1907 3413 2035 3446 quoque
2053 3411 2241 3444 recuperare
