2372 3704
1005 186 1334 227 FRAGMENTA.

2171 201 2242 235 527

88 271 160 307 loce·
175 271 398 306 divinatione
413 272 468 305 ita
495 269 648 305 scribit:
671 267 744 306 Καὶ
764 269 795 306 οἱ
816 270 976 317 Σικελοὶ,
994 274 1054 317 τῆς
1076 274 1138 322 γῆς
1201 274 1308 318 Mai.;
1321 274 1529 323 Syncell.p.
1546 275 1688 324 193,A.
1702 279 1859 315 Fontem
1872 292 1949 315 non
1966 282 2107 318 indicat
2119 284 2249 332 steph.

86 326 295 382 ἀφορὸύσης,
311 325 436 364 ἔθυσαν
454 325 683 377 Πεδιοκράτει
696 325 762 363 τινὶ
777 326 878 378 ἥρωι,
896 328 955 366 καὶ
974 328 1063 379 μετὰ
1076 328 1139 375 τὴν
1201 332 1288 379 Byz.
1316 344 1354 369 v.
1379 328 1532 368 Ἄντεια.

86 385 252 425 ἐπάνοδον
278 387 341 431 τῆς
368 382 527 436 εὖφορίας
552 384 694 427 πολλοῖς
713 382 834 437 δώροις
854 384 912 423 τὸν
934 385 1051 438 βωμὸν
1070 389 1138 424 τῶν

85 445 255 484 Παλικῶν
277 441 489 489 ἐνέπλησαν.

137 503 338 541 Antecedit
351 515 413 552 ap.
427 503 602 539 Macrob.
620 504 836 540 Polemonis
850 504 892 541 fr.
912 503 975 542 83.
991 506 1141 541 Nomen

85 560 314 615 Πεδιοκράτει
338 574 359 598 e
373 561 460 601 cod.
478 563 592 599 Paris.
604 561 679 609 637
690 576 704 598 1
723 564 941 612 suppletum
955 575 976 598 a
987 563 1140 599 Schnei-

84 622 236 658 dewino
249 621 322 659 Rh.
334 620 438 658 Mus.
457 633 471 656 1
481 620 572 666 843,
584 633 624 669 p.
641 620 702 659 80.
716 622 951 661 Camerarius
965 622 1139 658 lacunam

82 687 303 726 notaverat,
335 691 452 727 quam
480 679 662 729 deinceps
693 681 857 717 editores
876 681 1136 729 neglexerunt.

82 736 238 790 Ἄδρανῷ
265 739 507 787 suppleverat
538 740 746 778 Hermann.
778 741 836 775 De
863 739 1013 774 AEtnaeis
1031 752 1072 788 p.
1096 739 1134 775 6.

83 796 323 834 Pediocrates
343 797 511 833 occurrit
537 798 650 834 etiam
670 810 733 846 ap.
766 797 926 834 Diodor.
955 799 1020 842 IV,
1044 797 1091 833 23
1126 810 1134 833 :

84 854 267 902 Ἐνίκησεν
280 855 291 904 (
304 853 484 907 <Ηρακλῆς
499 854 509 906 )
528 856 687 908 ἐπιφανεῖ
697 854 903 907 παρατάξει,
915 853 975 892 καὶ
989 855 1137 898 πολλοὺς

85 914 164 964 (sc.
180 915 249 952 τῶν
268 913 449 964 Σικανῶν)
468 913 681 961 ἀπέκτεινεν,
697 916 731 952 ἕν
743 908 792 958 οἷς
808 914 1037 965 μυθολογοῦσί
1050 929 1137 958 τινες

82 971 144 1010 καὶ
161 971 374 1024 στρατηγοὺς
385 973 563 1024 ἐπιφανεῖς
574 976 780 1024 γεγενῆσθαι
794 971 872 1016 τοὺς
886 971 1062 1024 μέχριτοῧ
1077 976 1136 1010 νῦν

82 1032 237 1082 ἡρωικῆς
250 1032 355 1080 τιμῆς
367 1029 618 1082 τυγχάνοντας,
632 1030 837 1069 Λεύκασπιν
861 1030 921 1068 καὶ
935 1030 1134 1083 Πεδιακρά-

81 1103 145 1135 την
167 1089 302 1139 (form.
321 1090 408 1126 dor.
423 1090 438 1141 )
464 1088 524 1126 καὶ
541 1089 724 1142 Βουφάναν
739 1090 798 1128 καὶ
816 1089 1015 1142 Γλυχάταν,
1034 1088 1084 1127 ἔτι
1100 1088 1135 1128 δὲ

83 1146 240 1186 Βυταίαν
256 1147 316 1186 καὶ
334 1147 527 1200 Κρυτίδαν.

591 1207 628 1245 4.

377 1286 406 1320 Ε
435 1285 583 1322 LIBRO
612 1284 832 1332 QUARTO.

136 1367 392 1416 Harpocratio
413 1380 421 1404 ;
443 1365 709 1417 Κραυαλλίδαι·
728 1365 896 1418 Αἰσχίνης
916 1367 949 1404 ἓν
964 1368 1013 1419 τῷ
1033 1366 1135 1405 Κατὰ

84 1425 332 1475 Κτησιφῶντος
360 1424 407 1474 (S
438 1438 527 1474 107,
544 1439 585 1474 p.
610 1425 682 1474 68,
705 1426 775 1471 38,
802 1426 870 1461 ubi
888 1438 990 1462 nunc
1011 1427 1133 1477 Κραυ-

81 1481 279 1532 γαλλίδαι),
299 1481 452 1531 Δίδυμός
466 1497 550 1534 φησι
567 1482 637 1519 δεῖν
651 1481 842 1534 γράφεσθαι
856 1483 1134 1534 Κραυγαλλίδαι·

81 1538 171 1577 οὕτω
193 1538 262 1592 γὰρ
291 1539 454 1590 λέγεσθαι
483 1539 547 1586 τὴν
577 1541 611 1577 ἐν
639 1541 806 1577 Φωκεῦσι
825 1540 972 1587 πλησίον
1004 1540 1135 1593 Κίρρας

81 1597 202 1650 χώραν
223 1601 253 1638 Κ
261 1597 483 1650 ραυγάλλιον,
514 1600 560 1642 ὡς
581 1597 641 1636 καὶ
663 1598 866 1651 Ξεναγόρας
887 1601 921 1637 ἐν
939 1599 968 1637 δ’
988 1600 1134 1654 Χρόνων

80 1657 221 1708 ἱστορεῖ.
240 1658 295 1696 Cf.
312 1659 464 1694 Miiller,
484 1659 572 1696 Dor.
590 1659 623 1703 Ι,
642 1670 683 1706 p.
706 1658 770 1701 43.

358 1742 389 1777 Ε
417 1739 580 1777 LIBRIS
608 1740 848 1779 INCERTIS.

134 1876 266 1924 steph.
305 1876 394 1923 Byz.
429 1887 437 1910 :
473 1871 660 1920 Ἀκόντιον,
692 1872 792 1916 πόλις
826 1872 1026 1925 Ἀρκαδίας,
1064 1873 1134 1912 ἀπὸ

81 1931 254 1971 Ἀκοντίου
282 1935 343 1970 τοῦ
366 1930 557 1974 Λυκάονος.
578 1929 683 1969 Ἔστι
705 1931 764 1969 καὶ
783 1930 886 1982 ἑτέρα
901 1931 1071 1980 Εὖὸοίας,
1088 1934 1135 1976 ὡς

81 1989 283 2043 Ξεναγόρας
301 1990 361 2028 καὶ
377 1988 580 2041 Ἀνδροτίων
597 1988 715 2040 ὀγδόῃ.

556 2087 559 2089 ,
586 2048 624 2087 6.

134 2121 293 2168 Dionys.
315 2119 405 2155 Hal.
427 2119 473 2156 A.
495 2117 541 2155 R.
560 2118 598 2162 Ι,
626 2130 694 2163 72,
716 2129 757 2165 p.
782 2116 854 2153 183
875 2119 922 2155 R.
943 2130 951 2152 :
975 2115 1134 2166 Ξεναγό-

83 2192 144 2229 ρας
160 2177 195 2215 δὲ
213 2180 232 2215 ὁ
252 2175 490 2229 συγγραφεὺς,
508 2174 707 2218 Ὀδυσσέως
725 2173 788 2212 καὶ
810 2173 943 2226 Κίρκης
962 2175 1054 2218 υἱοὶς
1073 2190 1133 2225 γε-

81 2235 200 2274 νέσθαι
219 2236 328 2288 τρεῖς,
348 2235 501 2285 Ῥῶμον,
530 2232 677 2280 Ἀντίαν,
697 2232 858 2284 Ἀρδέαν·
879 2233 1077 2277 οἰκίσαντας
1098 2233 1133 2271 δὲ

81 2294 172 2347 τρεῖς
191 2293 328 2339 πόλεις,
347 2294 404 2346 ἀφ’
426 2294 556 2330 ἑαυτῶν
574 2291 693 2329 θέσθαι
709 2296 780 2335 τοῖς
795 2290 964 2341 κτίσμασι
983 2290 1044 2335 τὰς
1057 2293 1134 2329 ὄνο-

83 2350 226 2403 μασίας.
248 2353 391 2389 Eadem
407 2364 452 2388 ex
474 2352 661 2399 Dionysio
687 2351 824 2389 Euseb.
840 2351 981 2390 Chr-on.
994 2363 1032 2400 p.
1055 2351 1130 2387 205

82 2463 262 2496 Pediocrati
280 2462 409 2494 cuidam
421 2462 529 2501 heroi,
547 2463 580 2494 et
598 2462 670 2502 post
682 2460 823 2494 reditum
837 2461 1008 2494 fertilitatis
1021 2461 1134 2494 multis

82 2516 176 2548 donis
193 2524 284 2547 aram
301 2515 483 2547 Palicorum
499 2514 685 2555 implerunt.

588 2569 625 2602 4.

126 2625 333 2659 crauallidae.
348 2624 513 2657 AEschines
525 2623 558 2655 in
584 2623 729 2655 oratione
742 2623 863 2655 contra
881 2622 1134 2664 ctesiphontem.

83 2678 240 2719 Didymus
262 2678 306 2708 ait
318 2676 525 2708 scribendum
544 2683 613 2707 esse
636 2674 881 2715 crauqallidae.
900 2674 952 2707 Sic
968 2675 1054 2707 enim
1078 2684 1135 2707 vo-

84 2731 149 2763 cari
159 2730 246 2771 apud
258 2730 437 2762 Phocenses
449 2729 588 2760 vicinam
600 2728 726 2761 Cirrhae
734 2727 893 2768 regionem
905 2728 1135 2769 Craugallium‚

84 2782 133 2815 uti
146 2783 242 2815 etiam
258 2783 441 2822 Xenagoras
456 2781 488 2812 in
503 2781 620 2821 quarto
640 2779 875 2812 Chronicorum
890 2780 1010 2812 narrat.

591 2830 627 2863 5.

126 2887 319 2925 Acontium,
345 2886 423 2918 urbs
448 2885 591 2918 Arcadiae
603 2910 612 2925 ,
644 2885 685 2917 ab
710 2885 844 2917 Acontio
870 2883 1027 2925 Lycaonis
1057 2884 1134 2917 filio.

86 2940 142 2972 Est
157 2948 234 2971 vero
261 2939 358 2971 etiam
373 2939 435 2970 alia
447 2938 480 2969 in
496 2937 638 2977 Euboea,
654 2938 690 2969 ut
703 2939 887 2977 Xenagoras
904 2936 1004 2967 refert
1020 2936 1053 2968 et
1068 2938 1134 2968 An-

86 2990 191 3023 drotio
205 2990 239 3022 in
252 2991 378 3022 octavo.
598 3033 620 3065 6

128 3086 311 3124 Xenagoras
319 3084 488 3116 historicus
498 3091 537 3115 ex
548 3083 660 3123 Ulysse
671 3083 703 3114 et
716 3082 807 3114 Circe
816 3083 882 3114 tres
896 3083 976 3114 fihos
983 3084 1135 3119 Romum,

88 3136 216 3168 Antiam
240 3137 272 3167 et
296 3135 433 3168 Ardeam
449 3136 634 3175 procreatos
660 3133 759 3173 dicit,
777 3135 809 3165 et
833 3135 874 3166 ab
899 3134 948 3165 his
962 3135 1027 3165 tres
1042 3132 1137 3163 urbes

87 3187 249 3228 conditas,
262 3187 462 3227 conditisque
475 3194 592 3217 nomen
605 3186 747 3226 ipsorum
759 3185 895 3218 inditum
906 3185 1002 3217 fuisse
1014 3183 1133 3216 scribit.

460 3253 526 3291 DE
547 3252 761 3291 lNSULlS.

131 3373 285 3415 Spbecia,
306 3375 432 3416 Cyprus
446 3374 561 3406 insula.
593 3318 684 3405 gnus
699 3372 784 3405 enim
802 3371 936 3413 Spbecia
949 3370 1137 3408 vocabatur,

1708 400 1744 432 7.

1255 454 1397 490 Plinius
1427 455 1522 491 Hist.
1551 457 1634 492 Nat.
1661 457 1744 502 VII,
1768 457 1829 503 31,
1858 458 1905 505 57
1940 473 1949 495 t
1982 462 2058 497 Sea:
2079 465 2246 501 ordinum

1203 509 1343 561 (naves)
1359 513 1404 547 X
1402 525 1587 561 enagorm*
1595 514 1810 561 Syracusios
1825 515 1986 565 (primos
1997 524 2248 559 construxisse

1201 578 1335 606 auctor
1351 570 1445 620 est).

1556 670 1680 709 ΠΕΡΙ
1707 671 1898 713 ΝΗΣΩΝ.

1252 825 1378 872 Etym.
1398 825 1451 864 M.
1469 837 1510 874 p.
1534 825 1625 872 738,
1645 824 1691 862 51
1719 839 1727 862 z
1751 824 1932 878 Σφήκεια,
1950 829 1973 873 ἠ
1997 826 2153 879 Κύπρος·
2168 829 2253 881 πρό-

1198 895 1296 934 τερον
1316 880 1384 934 γὰρ
1402 882 1564 935 Σφήκεια
1585 884 1763 930 ἐκαλεῖτο,
1784 882 1830 927 ὥς
1847 899 1933 937 φησι
1951 885 2128 938 Στέφανος
2149 888 2160 938 (
2176 902 2248 926 scr.

1200 939 1481 993 Φιλοστέφανος)
1503 944 1537 980 ἐν
1559 944 1609 994 τῷ
1626 941 1714 994 Περὶ
1743 942 1887 995 Κύπρου
1903 974 1912 991 ,
1931 944 2001 982 ἀπὸ
2019 947 2087 982 τῶν
2118 948 2251 993 ἕνοικη-

1199 997 1332 1036 σάντων
1352 1000 1463 1038 ἐκεῖσε
1483 1001 1627 1052 ἀνδρῶν,
1648 999 1681 1038 οἳ
1693 1002 1877 1040 ἐκαλοῦντο
1898 1004 2047 1055 Σφῆκες.
2064 1002 2252 1043 Ἐκαλεῖτο

1199 1054 1234 1094 δὲ
1261 1056 1320 1094 καὶ
1341 1057 1544 1110 Κεραστία,
1565 1060 1612 1102 ὡς
1632 1058 1834 1110 Μένανδρος
1860 1061 1894 1097 ἐν
1913 1062 1962 1112 τῷ
1986 1060 2074 1113 Περὶ
2105 1061 2250 1114 Κύπρου

1197 1114 1309 1164 λέγει,
1332 1117 1388 1154 διὰ
1406 1116 1445 1154 τὸ
1467 1118 1642 1164 ἐνοικῆσαι
1663 1119 1750 1169 αὐτῇ
1769 1117 1914 1170 ἄνδρας,
1934 1117 1967 1157 οἳ
1982 1113 2074 1170 εἶχον
2094 1119 2223 1172 κέρατα
2240 1135 2248 1143 ·

1198 1175 1243 1217 ὡς
1258 1174 1287 1212 δ’
1306 1177 1324 1212 ὃ
1345 1174 1545 1227 Ξεναγόρας
1559 1178 1592 1214 ἐν
1610 1178 1660 1228 τῷ
1682 1176 1769 1228 Περὶ
1786 1176 1913 1223 νήσων,
1928 1175 1984 1215 διὰ
2002 1178 2041 1215 τὸ
2058 1177 2150 1230 ἔχειν
2166 1181 2249 1217 πολ-

1197 1232 1260 1275 λὰς
1287 1232 1410 1284 ἐνοχὰς
1443 1234 1536 1283 (scr.
1568 1233 1732 1286 ἐξοχὰς),
1749 1235 1787 1279 ἃς
1806 1238 1936 1286 κέρατα
1955 1238 2112 1285 καλοῦσι,
2131 1240 2248 1290 Κερα-

1198 1290 1278 1329 στία
1294 1291 1498 1342 ὠνομάσθη.
1513 1294 1653 1331 Eadem
1666 1296 1812 1332 Tzetzes
1827 1296 1876 1331 ad
1889 1297 2082 1345 Lycophr.
2101 1301 2193 1343 447.

1700 1390 1740 1425 9.

1251 1444 1393 1479 Plinius
1414 1446 1460 1489 V,
1491 1443 1551 1488 31,
1589 1443 1636 1480 35
1667 1457 1676 1480 t
1709 1443 1913 1494 (Cyprum)
1934 1454 2108 1482 vocatam
2136 1455 2250 1484 antea

1196 1503 1468 1546 Acamantida,
1493 1503 1716 1539 Philonides
1734 1517 1745 1539 :
1770 1505 1936 1540 Cerastin
1953 1506 2195 1553 Xenagoras,
2213 1515 2254 1543 et

1196 1562 1391 1609 Aspeliam
1403 1569 1438 1596 et
1448 1561 1706 1597 Amathusiam
1717 1570 1755 1598 et
1769 1564 1984 1598 Macariam
1999 1575 2008 1599 .·
2025 1566 2249 1610 Astynomus

1200 1619 1362 1668 Crypton
1376 1628 1413 1655 et
1431 1620 1629 1657 Coliniam.

1267 1688 1270 1691 ’
1693 1692 1753 1717 10.

1251 1748 1506 1795 Harpocratio
1527 1759 1536 1785 :
1555 1745 1731 1798 Χύτροι...
1756 1745 1865 1790 Πόλις
1883 1747 1975 1784 ἐστὶν
1994 1748 2028 1785 ἐν
2046 1746 2180 1800 Κύπρῳ
2197 1747 2248 1786 οὔ·

1197 1819 1246 1841 τω
1265 1804 1484 1854 καλουμένη,
1505 1804 1595 1842 καθά
1616 1820 1700 1857 φησι
1718 1804 1919 1857 Ξεναγόρας
1950 1807 1985 1843 ἐν
2005 1811 2078 1848 ταῖς
2098 1806 2243 1852 Νήσοις.

1251 1864 1379 1911 Steph.
1405 1864 1493 1911 Byz.
1518 1877 1527 1899 :
1549 1862 1703 1914 Χυτροὶ,
1738 1863 1881 1915 Κύπρου
1901 1863 2018 1913 πόλις,
2043 1864 2086 1910 ἣν
2106 1865 2246 1914 ὠνομά-

1197 1923 1276 1957 σθαι
1300 1919 1362 1970 μὲν
1383 1920 1585 1973 Ξεναγόρας
1604 1920 1706 1973 φησὶν
1737 1920 1807 1959 ἀπὸ
1832 1921 1970 1974 Χύτρου
1993 1925 2053 1960 τοῦ
2085 1922 2245 1975 Ἀλέδρου

1194 1982 1254 2016 τοῦ
1275 1978 1503 2029 Ἀκάμαντος.

1691 2046 1707 2069 1
1718 2046 1733 2068 1
1744 2060 1752 2068 .

1248 2102 1376 2149 Steph.
1404 2102 1492 2149 Byz.
1527 2113 1536 2139 :
1569 2100 1785 2152 Καρπασία,
1818 2100 1917 2144 πόλις
1934 2100 2126 2152 Κύπρου...
2139 2101 2246 2142 Ἔστι

1194 2158 1255 2196 καὶ
1269 2161 1371 2204 ν’ῆσος
1390 2158 1582 2210 Καρπασία
1599 2158 1690 2196 κατὰ
1703 2158 1764 2205 τὴν
1783 2159 1893 2211 ἄκραν
1908 2159 1970 2207 τὴν
1983 2161 2244 2212 Σαρπηδονίαν.

1195 2216 1397 2269 Ξεναγόρας
1416 2216 1451 2254 δὲ
1473 2217 1664 2269 Κάρπαθον
1683 2217 1791 2265 αὐτήν
1810 2233 1907 2271 φησι.

1689 2296 1749 2319 12.

1249 2352 1374 2390 Schol.
1395 2353 1576 2401 Apollon.
1590 2353 1665 2389 Rh.
1685 2354 1717 2399 I,
1734 2353 1831 2396 624:
1851 2351 1986 2396 Σίκινος
2000 2351 2039 2391 δέ
2053 2354 2126 2391 ἐστι
2142 2353 2245 2401 νῆσός

1196 2463 1234 2494 ut
1252 2462 1517 2503 Philostephanus
1531 2462 1565 2494 in
1590 2462 1671 2494 libro
1692 2465 1740 2495 De
1754 2464 1860 2503 cypro
1876 2465 1938 2502 ait,
1961 2464 2047 2504 quod
2069 2465 2247 2498 incolentes

1196 2522 1268 2546 eam
1282 2513 1341 2545 viri
1355 2514 1493 2554 Spheces
1502 2514 1756 2554 appellabantur.
1776 2514 1959 2546 Vocabatur
1972 2516 2067 2547 etiam
2084 2517 2225 2548 Cerastia
2235 2541 2243 2553 ,

1198 2566 1235 2597 ut
1249 2565 1423 2598 Menander
1438 2565 1472 2596 in
1486 2565 1570 2597 libro
1593 2567 1638 2597 De
1657 2567 1763 2606 Cypro
1787 2566 1901 2607 refert,
1921 2567 2008 2607 quod
2024 2567 2245 2599 inhabitabant

1197 2627 1269 2650 eam
1286 2618 1343 2649 viri
1360 2618 1414 2659 qui
1431 2625 1550 2649 cornua
1563 2618 1732 2659 gerebant;
1748 2619 1784 2650 ut
1806 2627 1883 2650 vero
1900 2621 2082 2660 Xenagoras
2093 2620 2156 2659 ait,
2172 2628 2244 2660 pro-

1197 2671 1306 2711 pterea
1318 2670 1404 2711 quod
1413 2670 1533 2701 multas
1541 2670 1680 2702 habebat
1690 2669 1889 2710 eminentias,
1900 2679 1980 2711 quas
1989 2673 2110 2704 cerata
2120 2671 2244 2711 dicunt,

1197 2721 1338 2755 Cerastia
1350 2722 1464 2753 vocata
1481 2722 1539 2753 est.

1692 2780 1748 2812 10.

1240 2853 1372 2894 Chytri,
1390 2852 1466 2884 urbs
1489 2852 1585 2892 Cypri
1609 2851 1654 2883 sic
1668 2850 1772 2892 dicta',
1788 2852 1826 2884 ut
1839 2853 2022 2893 Xenagoras
2036 2852 2068 2884 in
2090 2853 2171 2884 libro
2198 2854 2246 2884 De

1197 2906 1309 2937 insulis
1326 2905 1433 2936 refert.

1240 2957 1367 2998 Chytri,
1383 2955 1479 2996 Cypri
1498 2955 1593 2995 urbs,
1608 2964 1707 2996 quam
1732 2957 1915 2996 Xenagoras
1930 2964 2048 2988 nomen
2063 2956 2181 2988 hahere
2199 2955 2244 2987 ait

1197 3019 1216 3042 a
1231 3010 1370 3050 Chytro‚
1384 3007 1489 3040 Aledri
1505 3007 1570 3039 filio
1580 3032 1589 3047 ,
1605 3007 1788 3039 Acamantis
1803 3007 1923 3048 nepoti.

1691 3063 1731 3095 11
1741 3086 1749 3095 .

1240 3129 1407 3170 carpasia,
1421 3129 1497 3160 urbs
1510 3129 1618 3169 Cypri.
1643 3129 1698 3160 Est
1710 3128 1806 3160 etiam
1826 3128 1930 3160 insula
1945 3128 2094 3168 carpasia
2109 3127 2148 3159 ad
2169 3136 2242 3167 pro-

1199 3183 1396 3216 montorium
1411 3181 1656 3223 Sarpedonium.
1671 3183 1852 3222 Xenagoras
1868 3189 1945 3213 vero
1957 3181 2155 3221 Carpathum
2170 3187 2241 3212 eam

1197 3235 1286 3267 dicit.

1693 3289 1749 3321 12.

1241 3366 1364 3400 Sicinus
1377 3366 1425 3399 est
1438 3365 1542 3399 insula
1557 3364 1707 3406 quaedam
1722 3364 1796 3396 ante
1820 3363 1974 3396 Euboeam
1989 3362 2067 3400 sita,
2090 3359 2166 3392 olim
2182 3360 2240 3391 (Ε-
