<?xml version="1.0" encoding="UTF-8"?>
<!DOCTYPE html PUBLIC "-//W3C//DTD XHTML 1.0 Transitional//EN"
    "http://www.w3.org/TR/xhtml1/DTD/xhtml1-transitional.dtd">
<html xmlns="http://www.w3.org/1999/xhtml" xml:lang="en" lang="en">
 <head>
  <title>
</title>
<meta http-equiv="Content-Type" content="text/html;charset=utf-8" />
  <meta name='ocr-system' content='tesseract 3.04.00' />
  <meta name='ocr-capabilities' content='ocr_page ocr_carea ocr_par ocr_line ocrx_word'/>
</head>
<body>
  <div class='ocr_page' id='page_1' title='image "./fragmentahistori04mueluoft_0353.png"; bbox 0 0 2372 3704; ppageno 0'>
   <div class='ocr_carea' id='block_1_1' title="bbox 1017 232 1346 275">
    <p class='ocr_par' dir='ltr' id='par_1_1' title="bbox 1017 232 1346 275">
     <span class='ocr_line' id='line_1_1' title="bbox 1017 232 1346 275; baseline -0.018 0"><span class='ocrx_word' id='word_1_1' title='bbox 1017 232 1346 275; x_wconf 82' lang='lat' dir='ltr'><strong>FRAGMENTA.</strong></span> 
     </span>
    </p>
   </div>
   <div class='ocr_carea' id='block_1_2' title="bbox 111 324 1153 554">
    <p class='ocr_par' dir='ltr' id='par_1_2' title="bbox 111 324 1152 554">
     <span class='ocr_line' id='line_1_2' title="bbox 111 324 1152 385; baseline -0.013 -13"><span class='ocrx_word' id='word_1_2' title='bbox 111 331 300 385; x_wconf 80' lang='grc' dir='ltr'>ζωγράφων</span> <span class='ocrx_word' id='word_1_3' title='bbox 337 331 483 380; x_wconf 80' lang='lat' dir='ltr'>sciipsit</span> <span class='ocrx_word' id='word_1_4' title='bbox 523 326 732 377; x_wconf 76' lang='lat' dir='ltr'>(sr.13)‚</span> <span class='ocrx_word' id='word_1_5' title='bbox 774 335 812 363; x_wconf 89' lang='lat' dir='ltr'>et</span> <span class='ocrx_word' id='word_1_6' title='bbox 849 338 961 374; x_wconf 91' lang='lat' dir='ltr'>quem</span> <span class='ocrx_word' id='word_1_7' title='bbox 996 337 1016 360; x_wconf 88' lang='lat' dir='ltr'>e</span> <span class='ocrx_word' id='word_1_8' title='bbox 1046 324 1152 359; x_wconf 85' lang='lat' dir='ltr'>Jubae</span> 
     </span>
     <span class='ocr_line' id='line_1_3' title="bbox 112 382 1151 434; baseline -0.012 -6"><span class='ocrx_word' id='word_1_9' title='bbox 112 390 410 434; x_wconf 83' lang='lat' dir='ltr'>commentariis,</span> <span class='ocrx_word' id='word_1_10' title='bbox 434 396 478 424; x_wconf 89' lang='lat' dir='ltr'>ut</span> <span class='ocrx_word' id='word_1_11' title='bbox 500 387 671 430; x_wconf 85' lang='lat' dir='ltr'>videtur,</span> <span class='ocrx_word' id='word_1_12' title='bbox 698 386 975 434; x_wconf 82' lang='lat' dir='ltr'>Harpocration</span> <span class='ocrx_word' id='word_1_13' title='bbox 999 382 1151 425; x_wconf 80' lang='lat' dir='ltr'>laudat,</span> 
     </span>
     <span class='ocr_line' id='line_1_4' title="bbox 112 442 1153 498; baseline -0.012 -11"><span class='ocrx_word' id='word_1_14' title='bbox 112 451 224 487; x_wconf 86' lang='lat' dir='ltr'>fuerit</span> <span class='ocrx_word' id='word_1_15' title='bbox 253 449 379 498; x_wconf 85' lang='lat' dir='ltr'>pictor</span> <span class='ocrx_word' id='word_1_16' title='bbox 410 450 613 490; x_wconf 84' lang='lat' dir='ltr'>Artemon,</span> <span class='ocrx_word' id='word_1_17' title='bbox 646 445 694 481; x_wconf 89' lang='lat' dir='ltr'>de</span> <span class='ocrx_word' id='word_1_18' title='bbox 726 457 807 492; x_wconf 87' lang='lat' dir='ltr'>quo</span> <span class='ocrx_word' id='word_1_19' title='bbox 832 444 973 479; x_wconf 89' lang='lat' dir='ltr'><strong>Plinius</strong></span> <span class='ocrx_word' id='word_1_20' title='bbox 992 442 1153 487; x_wconf 82' lang='lat' dir='ltr'>XXXV,</span> 
     </span>
     <span class='ocr_line' id='line_1_5' title="bbox 119 513 270 554; baseline -0.007 -10"><span class='ocrx_word' id='word_1_21' title='bbox 119 522 133 544; x_wconf 91' lang='lat'>1</span> <span class='ocrx_word' id='word_1_22' title='bbox 146 522 159 544; x_wconf 82' lang='grc' dir='ltr'>ι</span> <span class='ocrx_word' id='word_1_23' title='bbox 176 535 186 554; x_wconf 87' lang='grc'>,</span> <span class='ocrx_word' id='word_1_24' title='bbox 207 513 270 552; x_wconf 80' lang='grc' dir='ltr'>4ο.</span> 
     </span>
    </p>
   </div>
   <div class='ocr_carea' id='block_1_3' title="bbox 519 615 752 632">
    <p class='ocr_par' dir='ltr' id='par_1_3' title="bbox 519 615 752 632">
     <span class='ocr_line' id='line_1_6' title="bbox 519 615 752 632; baseline 0 3072"><span class='ocrx_word' id='word_1_25' title='bbox 519 615 752 632; x_wconf 95' lang='lat' dir='ltr'> </span> 
     </span>
    </p>
   </div>
   <div class='ocr_carea' id='block_1_4' title="bbox 131 691 1102 770">
    <p class='ocr_par' dir='ltr' id='par_1_4' title="bbox 131 691 1102 770">
     <span class='ocr_line' id='line_1_7' title="bbox 131 691 1102 770; baseline -0.013 1"><span class='ocrx_word' id='word_1_26' title='bbox 131 691 133 693; x_wconf 76' lang='grc'><strong>’</strong></span> <span class='ocrx_word' id='word_1_27' title='bbox 169 691 527 770; x_wconf 70' lang='lat' dir='ltr'><strong>ARTEMON</strong></span> <span class='ocrx_word' id='word_1_28' title='bbox 567 705 1102 767; x_wconf 72' lang='lat' dir='ltr'>CLAzoMENms.</span> 
     </span>
    </p>
   </div>
   <div class='ocr_carea' id='block_1_5' title="bbox 366 843 911 886">
    <p class='ocr_par' dir='ltr' id='par_1_5' title="bbox 366 843 911 886">
     <span class='ocr_line' id='line_1_8' title="bbox 366 843 911 886; baseline -0.013 0"><span class='ocrx_word' id='word_1_29' title='bbox 366 847 488 886; x_wconf 87' lang='grc' dir='ltr'>ΩΡΟΙ</span> <span class='ocrx_word' id='word_1_30' title='bbox 520 843 911 884; x_wconf 82' lang='grc' dir='ltr'>ΚΛΑΖΟΜΕΝΙΩΝ.</span> 
     </span>
    </p>
   </div>
   <div class='ocr_carea' id='block_1_6' title="bbox 628 962 660 987">
    <p class='ocr_par' dir='ltr' id='par_1_6' title="bbox 628 962 660 987">
     <span class='ocr_line' id='line_1_9' title="bbox 628 962 660 987; baseline 0.094 -3"><span class='ocrx_word' id='word_1_31' title='bbox 628 962 660 987; x_wconf 89' lang='lat'>1.</span> 
     </span>
    </p>
   </div>
   <div class='ocr_carea' id='block_1_7' title="bbox 121 1032 1171 1498">
    <p class='ocr_par' dir='ltr' id='par_1_7' title="bbox 121 1032 1171 1383">
     <span class='ocr_line' id='line_1_10' title="bbox 180 1032 1164 1081; baseline -0.008 -6"><span class='ocrx_word' id='word_1_32' title='bbox 180 1039 345 1075; x_wconf 83' lang='lat' dir='ltr'>AElianus</span> <span class='ocrx_word' id='word_1_33' title='bbox 363 1039 410 1073; x_wconf 94' lang='lat' dir='ltr'>N.</span> <span class='ocrx_word' id='word_1_34' title='bbox 431 1039 477 1073; x_wconf 92' lang='lat' dir='ltr'>A.</span> <span class='ocrx_word' id='word_1_35' title='bbox 498 1038 598 1081; x_wconf 88' lang='lat' dir='ltr'>XII,</span> <span class='ocrx_word' id='word_1_36' title='bbox 615 1036 664 1072; x_wconf 81' lang='lat'>28</span> <span class='ocrx_word' id='word_1_37' title='bbox 687 1047 695 1073; x_wconf 90' lang='lat'>:</span> <span class='ocrx_word' id='word_1_38' title='bbox 714 1032 845 1072; x_wconf 79' lang='grc' dir='ltr'>Ἀκούω</span> <span class='ocrx_word' id='word_1_39' title='bbox 863 1032 898 1070; x_wconf 81' lang='grc' dir='ltr'>δὲ</span> <span class='ocrx_word' id='word_1_40' title='bbox 916 1034 950 1070; x_wconf 82' lang='grc' dir='ltr'>ἐν</span> <span class='ocrx_word' id='word_1_41' title='bbox 976 1033 1164 1081; x_wconf 80' lang='grc' dir='ltr'>Κλαζομε-</span> 
     </span>
     <span class='ocr_line' id='line_1_11' title="bbox 121 1086 1166 1146; baseline -0.007 -12"><span class='ocrx_word' id='word_1_42' title='bbox 121 1097 195 1141; x_wconf 82' lang='grc' dir='ltr'>ναῖς</span> <span class='ocrx_word' id='word_1_43' title='bbox 216 1100 277 1134; x_wconf 91' lang='grc' dir='ltr'>σῦν</span> <span class='ocrx_word' id='word_1_44' title='bbox 305 1095 462 1146; x_wconf 82' lang='grc' dir='ltr'>γενέσθαι</span> <span class='ocrx_word' id='word_1_45' title='bbox 490 1094 640 1140; x_wconf 82' lang='grc' dir='ltr'>πτηνὸν,</span> <span class='ocrx_word' id='word_1_46' title='bbox 669 1092 760 1144; x_wconf 82' lang='grc' dir='ltr'>ἥπερ</span> <span class='ocrx_word' id='word_1_47' title='bbox 790 1086 848 1130; x_wconf 69' lang='grc' dir='ltr'>οῦν</span> <span class='ocrx_word' id='word_1_48' title='bbox 871 1091 1074 1141; x_wconf 81' lang='grc' dir='ltr'>ἐλυμαίνετο</span> <span class='ocrx_word' id='word_1_49' title='bbox 1103 1089 1166 1136; x_wconf 86' lang='grc' dir='ltr'>τὴν</span> 
     </span>
     <span class='ocr_line' id='line_1_12' title="bbox 122 1149 1166 1208; baseline -0.007 -14"><span class='ocrx_word' id='word_1_50' title='bbox 122 1155 243 1208; x_wconf 83' lang='grc' dir='ltr'>χώραν</span> <span class='ocrx_word' id='word_1_51' title='bbox 268 1160 337 1197; x_wconf 88' lang='grc' dir='ltr'>τοῖς</span> <span class='ocrx_word' id='word_1_52' title='bbox 365 1153 631 1204; x_wconf 82' lang='grc' dir='ltr'>Κλαζομενίοις·</span> <span class='ocrx_word' id='word_1_53' title='bbox 662 1152 721 1191; x_wconf 77' lang='grc' dir='ltr'>καὶ</span> <span class='ocrx_word' id='word_1_54' title='bbox 750 1152 843 1201; x_wconf 84' lang='grc' dir='ltr'>λέγει</span> <span class='ocrx_word' id='word_1_55' title='bbox 871 1154 972 1189; x_wconf 88' lang='grc' dir='ltr'>τοῦτο</span> <span class='ocrx_word' id='word_1_56' title='bbox 993 1149 1166 1203; x_wconf 84' lang='grc' dir='ltr'>Ἀρτέμων</span> 
     </span>
     <span class='ocr_line' id='line_1_13' title="bbox 124 1209 1168 1265; baseline -0.008 -12"><span class='ocrx_word' id='word_1_57' title='bbox 124 1217 159 1253; x_wconf 84' lang='grc' dir='ltr'>ἐν</span> <span class='ocrx_word' id='word_1_58' title='bbox 177 1219 247 1257; x_wconf 87' lang='grc' dir='ltr'>τοῖς</span> <span class='ocrx_word' id='word_1_59' title='bbox 268 1211 390 1265; x_wconf 51' lang='grc' dir='ltr'>(Ὤροις</span> <span class='ocrx_word' id='word_1_60' title='bbox 410 1212 518 1264; x_wconf 80' lang='grc' dir='ltr'>(ὅροις</span> <span class='ocrx_word' id='word_1_61' title='bbox 539 1211 674 1262; x_wconf 88' lang='lat' dir='ltr'><strong>codd.)</strong></span> <span class='ocrx_word' id='word_1_62' title='bbox 695 1214 764 1254; x_wconf 79' lang='grc' dir='ltr'>τοῖς</span> <span class='ocrx_word' id='word_1_63' title='bbox 786 1210 1030 1260; x_wconf 82' lang='grc' dir='ltr'>Κλαζομενίων</span> <span class='ocrx_word' id='word_1_64' title='bbox 1046 1239 1056 1259; x_wconf 83' lang='grc'>,</span> <span class='ocrx_word' id='word_1_65' title='bbox 1077 1209 1168 1246; x_wconf 86' lang='grc' dir='ltr'>ἔνθεν</span> 
     </span>
     <span class='ocr_line' id='line_1_14' title="bbox 124 1266 1171 1323; baseline -0.006 -13"><span class='ocrx_word' id='word_1_66' title='bbox 124 1288 177 1310; x_wconf 84' lang='grc' dir='ltr'>τοι</span> <span class='ocrx_word' id='word_1_67' title='bbox 193 1272 253 1310; x_wconf 81' lang='grc' dir='ltr'>καὶ</span> <span class='ocrx_word' id='word_1_68' title='bbox 266 1274 377 1323; x_wconf 85' lang='grc' dir='ltr'>χῶρος</span> <span class='ocrx_word' id='word_1_69' title='bbox 394 1271 465 1309; x_wconf 80' lang='grc' dir='ltr'>ἐκεῖ</span> <span class='ocrx_word' id='word_1_70' title='bbox 478 1270 644 1318; x_wconf 87' lang='grc' dir='ltr'>κέκληται</span> <span class='ocrx_word' id='word_1_71' title='bbox 661 1269 717 1313; x_wconf 75' lang='grc' dir='ltr'>ὑὸς</span> <span class='ocrx_word' id='word_1_72' title='bbox 730 1271 908 1321; x_wconf 74' lang='grc' dir='ltr'>πτερωτῆς</span> <span class='ocrx_word' id='word_1_73' title='bbox 921 1266 1171 1318; x_wconf 75' lang='grc' dir='ltr'>ὀνομαζόμενος</span> 
     </span>
     <span class='ocr_line' id='line_1_15' title="bbox 125 1330 436 1383; baseline -0.01 -13"><span class='ocrx_word' id='word_1_74' title='bbox 125 1347 162 1370; x_wconf 84' lang='grc' dir='ltr'>τε</span> <span class='ocrx_word' id='word_1_75' title='bbox 179 1331 238 1369; x_wconf 84' lang='grc' dir='ltr'>καὶ</span> <span class='ocrx_word' id='word_1_76' title='bbox 260 1330 436 1383; x_wconf 78' lang='grc' dir='ltr'>ᾀδόμενος.</span> 
     </span>
    </p>

    <p class='ocr_par' dir='ltr' id='par_1_8' title="bbox 128 1388 1166 1498">
     <span class='ocr_line' id='line_1_16' title="bbox 178 1388 1166 1428; baseline -0.006 0"><span class='ocrx_word' id='word_1_77' title='bbox 178 1394 235 1428; x_wconf 89' lang='lat' dir='ltr'>De</span> <span class='ocrx_word' id='word_1_78' title='bbox 263 1403 328 1427; x_wconf 88' lang='lat' dir='ltr'>sue</span> <span class='ocrx_word' id='word_1_79' title='bbox 353 1391 453 1426; x_wconf 85' lang='lat' dir='ltr'>alato</span> <span class='ocrx_word' id='word_1_80' title='bbox 480 1391 520 1426; x_wconf 92' lang='lat' dir='ltr'>in</span> <span class='ocrx_word' id='word_1_81' title='bbox 538 1391 662 1426; x_wconf 88' lang='lat' dir='ltr'>numis</span> <span class='ocrx_word' id='word_1_82' title='bbox 683 1390 849 1426; x_wconf 80' lang='lat' dir='ltr'>Clazom.</span> <span class='ocrx_word' id='word_1_83' title='bbox 872 1402 910 1425; x_wconf 87' lang='lat' dir='ltr'>v.</span> <span class='ocrx_word' id='word_1_84' title='bbox 932 1388 1088 1424; x_wconf 83' lang='lat' dir='ltr'>Eckhel.</span> <span class='ocrx_word' id='word_1_85' title='bbox 1119 1389 1166 1423; x_wconf 92' lang='lat' dir='ltr'>D.</span> 
     </span>
     <span class='ocr_line' id='line_1_17' title="bbox 128 1447 421 1498; baseline -0.007 -10"><span class='ocrx_word' id='word_1_86' title='bbox 128 1452 174 1488; x_wconf 79' lang='lat' dir='ltr'>N.</span> <span class='ocrx_word' id='word_1_87' title='bbox 192 1451 251 1495; x_wconf 88' lang='lat'>11,</span> <span class='ocrx_word' id='word_1_88' title='bbox 269 1463 310 1498; x_wconf 90' lang='lat' dir='ltr'>p.</span> <span class='ocrx_word' id='word_1_89' title='bbox 331 1447 421 1486; x_wconf 86' lang='grc' dir='ltr'>5ιο.</span> 
     </span>
    </p>
   </div>
   <div class='ocr_carea' id='block_1_8' title="bbox 460 1557 837 1597">
    <p class='ocr_par' dir='ltr' id='par_1_9' title="bbox 460 1557 837 1597">
     <span class='ocr_line' id='line_1_18' title="bbox 460 1557 837 1597; baseline -0.005 -1"><span class='ocrx_word' id='word_1_90' title='bbox 460 1559 577 1597; x_wconf 85' lang='grc' dir='ltr'>ΠΕΡΙ</span> <span class='ocrx_word' id='word_1_91' title='bbox 607 1557 837 1596; x_wconf 83' lang='grc' dir='ltr'>ΟΜΗΡΟΥ.</span> 
     </span>
    </p>
   </div>
   <div class='ocr_carea' id='block_1_9' title="bbox 626 1665 664 1687">
    <p class='ocr_par' dir='ltr' id='par_1_10' title="bbox 626 1665 664 1687">
     <span class='ocr_line' id='line_1_19' title="bbox 626 1665 664 1687; baseline 0 0"><span class='ocrx_word' id='word_1_92' title='bbox 626 1665 664 1687; x_wconf 84' lang='lat'>2.</span> 
     </span>
    </p>
   </div>
   <div class='ocr_carea' id='block_1_10' title="bbox 130 1726 1189 2775">
    <p class='ocr_par' dir='ltr' id='par_1_11' title="bbox 130 1726 1176 1956">
     <span class='ocr_line' id='line_1_20' title="bbox 183 1726 1174 1781; baseline -0.002 -14"><span class='ocrx_word' id='word_1_93' title='bbox 183 1730 316 1767; x_wconf 83' lang='lat' dir='ltr'>Suidas</span> <span class='ocrx_word' id='word_1_94' title='bbox 339 1743 346 1766; x_wconf 93' lang='lat'>:</span> <span class='ocrx_word' id='word_1_95' title='bbox 369 1728 542 1781; x_wconf 86' lang='grc' dir='ltr'>Ἀρκτῖνος</span> <span class='ocrx_word' id='word_1_96' title='bbox 570 1727 717 1777; x_wconf 78' lang='grc' dir='ltr'>Τήλεω,</span> <span class='ocrx_word' id='word_1_97' title='bbox 737 1730 795 1765; x_wconf 85' lang='grc' dir='ltr'>τοῦ</span> <span class='ocrx_word' id='word_1_98' title='bbox 819 1726 966 1766; x_wconf 84' lang='grc' dir='ltr'>Ναύτεω</span> <span class='ocrx_word' id='word_1_99' title='bbox 983 1727 1174 1778; x_wconf 82' lang='grc' dir='ltr'>ἀπογόνου,</span> 
     </span>
     <span class='ocr_line' id='line_1_21' title="bbox 130 1785 1176 1838; baseline -0.002 -11"><span class='ocrx_word' id='word_1_100' title='bbox 130 1787 324 1834; x_wconf 82' lang='grc' dir='ltr'>Μιλήσιος,</span> <span class='ocrx_word' id='word_1_101' title='bbox 340 1786 514 1834; x_wconf 79' lang='grc' dir='ltr'>ἐποποιὸς,</span> <span class='ocrx_word' id='word_1_102' title='bbox 527 1785 871 1838; x_wconf 77' lang='grc' dir='ltr'>μαθητὴςὉμῆρου,</span> <span class='ocrx_word' id='word_1_103' title='bbox 884 1788 930 1829; x_wconf 83' lang='grc' dir='ltr'>ὡς</span> <span class='ocrx_word' id='word_1_104' title='bbox 942 1785 1034 1835; x_wconf 81' lang='grc' dir='ltr'>λέγει</span> <span class='ocrx_word' id='word_1_105' title='bbox 1048 1789 1065 1824; x_wconf 99' lang='lat'>6</span> <span class='ocrx_word' id='word_1_106' title='bbox 1083 1788 1176 1835; x_wconf 83' lang='grc' dir='ltr'>Κλα-</span> 
     </span>
     <span class='ocr_line' id='line_1_22' title="bbox 131 1844 1174 1898; baseline -0.001 -15"><span class='ocrx_word' id='word_1_107' title='bbox 131 1846 286 1896; x_wconf 85' lang='grc' dir='ltr'>ζομένιος</span> <span class='ocrx_word' id='word_1_108' title='bbox 301 1845 476 1898; x_wconf 82' lang='grc' dir='ltr'>Ἀρτέμων</span> <span class='ocrx_word' id='word_1_109' title='bbox 490 1848 524 1884; x_wconf 84' lang='grc' dir='ltr'>ἐν</span> <span class='ocrx_word' id='word_1_110' title='bbox 543 1848 591 1898; x_wconf 74' lang='grc' dir='ltr'>τῷ</span> <span class='ocrx_word' id='word_1_111' title='bbox 613 1845 699 1896; x_wconf 86' lang='grc' dir='ltr'>Περὶ</span> <span class='ocrx_word' id='word_1_112' title='bbox 720 1844 881 1896; x_wconf 76' lang='grc' dir='ltr'>Ὁμήρου</span> <span class='ocrx_word' id='word_1_113' title='bbox 893 1875 903 1894; x_wconf 89' lang='grc'>,</span> <span class='ocrx_word' id='word_1_114' title='bbox 921 1844 1068 1896; x_wconf 87' lang='grc' dir='ltr'>γεγονὼς</span> <span class='ocrx_word' id='word_1_115' title='bbox 1085 1845 1174 1883; x_wconf 82' lang='grc' dir='ltr'>κατὰ</span> 
     </span>
     <span class='ocr_line' id='line_1_23' title="bbox 131 1903 1011 1956; baseline -0.001 -13"><span class='ocrx_word' id='word_1_116' title='bbox 131 1905 195 1952; x_wconf 79' lang='grc' dir='ltr'>τὴν</span> <span class='ocrx_word' id='word_1_117' title='bbox 215 1905 244 1943; x_wconf 89' lang='grc' dir='ltr'>θ’</span> <span class='ocrx_word' id='word_1_118' title='bbox 265 1904 466 1955; x_wconf 78' lang='grc' dir='ltr'>ὀλυμπιάδα</span> <span class='ocrx_word' id='word_1_119' title='bbox 493 1904 582 1954; x_wconf 81' lang='grc' dir='ltr'>μετὰ</span> <span class='ocrx_word' id='word_1_120' title='bbox 603 1905 632 1942; x_wconf 83' lang='grc' dir='ltr'>υ’</span> <span class='ocrx_word' id='word_1_121' title='bbox 655 1903 715 1950; x_wconf 83' lang='grc' dir='ltr'>ἔτη</span> <span class='ocrx_word' id='word_1_122' title='bbox 737 1906 806 1942; x_wconf 82' lang='grc' dir='ltr'>τῶν</span> <span class='ocrx_word' id='word_1_123' title='bbox 827 1906 1011 1956; x_wconf 80' lang='grc' dir='ltr'>Τρωικῶν.</span> 
     </span>
    </p>

    <p class='ocr_par' dir='ltr' id='par_1_12' title="bbox 133 1962 1189 2775">
     <span class='ocr_line' id='line_1_24' title="bbox 185 1962 1176 2014; baseline -0.002 -13"><span class='ocrx_word' id='word_1_124' title='bbox 185 1967 230 2001; x_wconf 91' lang='lat' dir='ltr'>In</span> <span class='ocrx_word' id='word_1_125' title='bbox 251 1966 400 2002; x_wconf 88' lang='lat' dir='ltr'>duobus</span> <span class='ocrx_word' id='word_1_126' title='bbox 426 1965 625 2001; x_wconf 84' lang='lat' dir='ltr'><strong>codicibus</strong></span> <span class='ocrx_word' id='word_1_127' title='bbox 652 1965 702 2012; x_wconf 88' lang='lat' dir='ltr'>(V</span> <span class='ocrx_word' id='word_1_128' title='bbox 727 1972 763 2000; x_wconf 89' lang='lat' dir='ltr'>et</span> <span class='ocrx_word' id='word_1_129' title='bbox 782 1967 812 2000; x_wconf 94' lang='lat' dir='ltr'>L</span> <span class='ocrx_word' id='word_1_130' title='bbox 837 1977 898 2013; x_wconf 87' lang='lat' dir='ltr'>ap.</span> <span class='ocrx_word' id='word_1_131' title='bbox 921 1962 1083 2014; x_wconf 87' lang='lat' dir='ltr'>Bernh.)</span> <span class='ocrx_word' id='word_1_132' title='bbox 1105 1978 1176 2013; x_wconf 85' lang='lat' dir='ltr'>pro</span> 
     </span>
     <span class='ocr_line' id='line_1_25' title="bbox 133 2022 1173 2072; baseline -0.002 -12"><span class='ocrx_word' id='word_1_133' title='bbox 133 2023 163 2060; x_wconf 89' lang='lat' dir='ltr'>u&#39;</span> <span class='ocrx_word' id='word_1_134' title='bbox 184 2031 239 2060; x_wconf 88' lang='lat' dir='ltr'>est</span> <span class='ocrx_word' id='word_1_135' title='bbox 257 2022 321 2069; x_wconf 83' lang='grc' dir='ltr'>υι’;</span> <span class='ocrx_word' id='word_1_136' title='bbox 339 2025 400 2060; x_wconf 91' lang='lat' dir='ltr'>cui</span> <span class='ocrx_word' id='word_1_137' title='bbox 420 2025 515 2072; x_wconf 83' lang='lat' dir='ltr'>siglo</span> <span class='ocrx_word' id='word_1_138' title='bbox 531 2025 570 2059; x_wconf 91' lang='lat' dir='ltr'>in</span> <span class='ocrx_word' id='word_1_139' title='bbox 587 2026 631 2060; x_wconf 90' lang='lat' dir='ltr'>V.</span> <span class='ocrx_word' id='word_1_140' title='bbox 654 2024 952 2071; x_wconf 88' lang='lat' dir='ltr'>suprascriptum</span> <span class='ocrx_word' id='word_1_141' title='bbox 975 2031 1029 2059; x_wconf 90' lang='lat' dir='ltr'>est</span> <span class='ocrx_word' id='word_1_142' title='bbox 1051 2022 1096 2060; x_wconf 91' lang='grc' dir='ltr'>λ’.</span> <span class='ocrx_word' id='word_1_143' title='bbox 1116 2025 1173 2060; x_wconf 87' lang='grc'>01.</span> 
     </span>
     <span class='ocr_line' id='line_1_26' title="bbox 134 2081 1175 2131; baseline -0.001 -14"><span class='ocrx_word' id='word_1_144' title='bbox 134 2095 176 2131; x_wconf 78' lang='grc'>9,</span> <span class='ocrx_word' id='word_1_145' title='bbox 199 2095 213 2117; x_wconf 94' lang='lat'>1</span> <span class='ocrx_word' id='word_1_146' title='bbox 233 2098 286 2113; x_wconf 89' lang='lat'>=</span> <span class='ocrx_word' id='word_1_147' title='bbox 313 2086 385 2127; x_wconf 68' lang='grc'>744</span> <span class='ocrx_word' id='word_1_148' title='bbox 401 2093 436 2117; x_wconf 84' lang='lat' dir='ltr'>a.</span> <span class='ocrx_word' id='word_1_149' title='bbox 464 2081 532 2127; x_wconf 89' lang='lat' dir='ltr'>C.;</span> <span class='ocrx_word' id='word_1_150' title='bbox 557 2083 674 2130; x_wconf 82' lang='lat' dir='ltr'>igitur</span> <span class='ocrx_word' id='word_1_151' title='bbox 697 2089 809 2130; x_wconf 88' lang='lat' dir='ltr'>capta</span> <span class='ocrx_word' id='word_1_152' title='bbox 835 2082 951 2129; x_wconf 78' lang='lat' dir='ltr'>Troja</span> <span class='ocrx_word' id='word_1_153' title='bbox 974 2090 1027 2118; x_wconf 82' lang='lat' dir='ltr'>est</span> <span class='ocrx_word' id='word_1_154' title='bbox 1054 2086 1175 2127; x_wconf 62' lang='lat'>11443</span> 
     </span>
     <span class='ocr_line' id='line_1_27' title="bbox 134 2140 1178 2190; baseline 0 -14"><span class='ocrx_word' id='word_1_155' title='bbox 134 2142 279 2189; x_wconf 89' lang='lat' dir='ltr'>primus</span> <span class='ocrx_word' id='word_1_156' title='bbox 308 2141 560 2189; x_wconf 88' lang='lat' dir='ltr'>expeditionis</span> <span class='ocrx_word' id='word_1_157' title='bbox 592 2153 711 2176; x_wconf 87' lang='lat' dir='ltr'>annus</span> <span class='ocrx_word' id='word_1_158' title='bbox 730 2148 784 2176; x_wconf 83' lang='lat' dir='ltr'>est</span> <span class='ocrx_word' id='word_1_159' title='bbox 810 2140 906 2184; x_wconf 74' lang='lat'>1154</span> <span class='ocrx_word' id='word_1_160' title='bbox 935 2153 970 2177; x_wconf 82' lang='lat' dir='ltr'>a.</span> <span class='ocrx_word' id='word_1_161' title='bbox 1004 2142 1045 2179; x_wconf 91' lang='lat' dir='ltr'>C.</span> <span class='ocrx_word' id='word_1_162' title='bbox 1081 2141 1178 2190; x_wconf 82' lang='lat' dir='ltr'>(sive</span> 
     </span>
     <span class='ocr_line' id='line_1_28' title="bbox 137 2198 1178 2248; baseline 0 -13"><span class='ocrx_word' id='word_1_163' title='bbox 137 2200 159 2235; x_wconf 89' lang='lat'>6</span> <span class='ocrx_word' id='word_1_164' title='bbox 189 2206 222 2239; x_wconf 88' lang='grc' dir='ltr'>Χ</span> <span class='ocrx_word' id='word_1_165' title='bbox 247 2199 296 2234; x_wconf 81' lang='lat'>63</span> <span class='ocrx_word' id='word_1_166' title='bbox 324 2208 410 2234; x_wconf 87' lang='lat' dir='ltr'>ante</span> <span class='ocrx_word' id='word_1_167' title='bbox 434 2200 588 2248; x_wconf 83' lang='lat' dir='ltr'>Olymp.</span> <span class='ocrx_word' id='word_1_168' title='bbox 617 2198 676 2248; x_wconf 89' lang='lat'>1).</span> <span class='ocrx_word' id='word_1_169' title='bbox 699 2201 952 2236; x_wconf 67' lang='lat' dir='ltr'>Posterior-em</span> <span class='ocrx_word' id='word_1_170' title='bbox 978 2212 1178 2235; x_wconf 87' lang='lat' dir='ltr'>numerum</span> 
     </span>
     <span class='ocr_line' id='line_1_29' title="bbox 136 2258 1180 2307; baseline 0 -13"><span class='ocrx_word' id='word_1_171' title='bbox 136 2259 285 2307; x_wconf 84' lang='lat' dir='ltr'>signant</span> <span class='ocrx_word' id='word_1_172' title='bbox 309 2258 421 2295; x_wconf 91' lang='lat' dir='ltr'><strong>codd.</strong></span> <span class='ocrx_word' id='word_1_173' title='bbox 442 2259 488 2295; x_wconf 83' lang='lat' dir='ltr'>V.</span> <span class='ocrx_word' id='word_1_174' title='bbox 519 2265 555 2294; x_wconf 87' lang='lat' dir='ltr'>et</span> <span class='ocrx_word' id='word_1_175' title='bbox 581 2260 647 2302; x_wconf 89' lang='lat' dir='ltr'>L.‚</span> <span class='ocrx_word' id='word_1_176' title='bbox 679 2270 842 2306; x_wconf 89' lang='lat' dir='ltr'>eumque</span> <span class='ocrx_word' id='word_1_177' title='bbox 870 2260 1076 2307; x_wconf 86' lang='lat' dir='ltr'>genuinum</span> <span class='ocrx_word' id='word_1_178' title='bbox 1105 2271 1180 2294; x_wconf 89' lang='lat' dir='ltr'>esse</span> 
     </span>
     <span class='ocr_line' id='line_1_30' title="bbox 136 2315 1181 2365; baseline 0 -13"><span class='ocrx_word' id='word_1_179' title='bbox 136 2323 274 2352; x_wconf 88' lang='lat' dir='ltr'>statuo.</span> <span class='ocrx_word' id='word_1_180' title='bbox 289 2316 418 2351; x_wconf 87' lang='lat' dir='ltr'>Serior</span> <span class='ocrx_word' id='word_1_181' title='bbox 429 2315 586 2363; x_wconf 86' lang='lat' dir='ltr'>quidam</span> <span class='ocrx_word' id='word_1_182' title='bbox 597 2317 860 2365; x_wconf 83' lang='lat' dir='ltr'>suprascripsit</span> <span class='ocrx_word' id='word_1_183' title='bbox 873 2315 905 2353; x_wconf 88' lang='grc' dir='ltr'>λ’</span> <span class='ocrx_word' id='word_1_184' title='bbox 913 2345 922 2362; x_wconf 96' lang='grc'>,</span> <span class='ocrx_word' id='word_1_185' title='bbox 936 2324 978 2353; x_wconf 92' lang='lat' dir='ltr'>ut</span> <span class='ocrx_word' id='word_1_186' title='bbox 988 2318 1181 2365; x_wconf 84' lang='lat' dir='ltr'>vulgarem</span> 
     </span>
     <span class='ocr_line' id='line_1_31' title="bbox 138 2374 1183 2425; baseline 0.001 -14"><span class='ocrx_word' id='word_1_187' title='bbox 138 2375 606 2412; x_wconf 78' lang='lat' dir='ltr'>Alexandrinorum-aeraen</span> <span class='ocrx_word' id='word_1_188' title='bbox 625 2374 828 2421; x_wconf 85' lang='lat' dir='ltr'>Trojanam</span> <span class='ocrx_word' id='word_1_189' title='bbox 847 2375 879 2425; x_wconf 93' lang='lat'>(1</span> <span class='ocrx_word' id='word_1_190' title='bbox 892 2375 976 2424; x_wconf 78' lang='lat'>184)</span> <span class='ocrx_word' id='word_1_191' title='bbox 994 2378 1183 2412; x_wconf 90' lang='lat' dir='ltr'>nancisce-</span> 
     </span>
     <span class='ocr_line' id='line_1_32' title="bbox 138 2434 1182 2472; baseline 0.001 -2"><span class='ocrx_word' id='word_1_192' title='bbox 138 2441 256 2470; x_wconf 83' lang='lat' dir='ltr'>retur.</span> <span class='ocrx_word' id='word_1_193' title='bbox 287 2434 454 2469; x_wconf 82' lang='lat' dir='ltr'><strong>Eandem</strong></span> <span class='ocrx_word' id='word_1_194' title='bbox 482 2446 592 2470; x_wconf 87' lang='lat' dir='ltr'>aeram</span> <span class='ocrx_word' id='word_1_195' title='bbox 620 2442 790 2470; x_wconf 90' lang='lat' dir='ltr'>secutum</span> <span class='ocrx_word' id='word_1_196' title='bbox 819 2447 897 2471; x_wconf 89' lang='lat' dir='ltr'>esse</span> <span class='ocrx_word' id='word_1_197' title='bbox 922 2437 1182 2472; x_wconf 83' lang='lat' dir='ltr'>Democritum</span> 
     </span>
     <span class='ocr_line' id='line_1_33' title="bbox 140 2491 1183 2541; baseline 0.002 -14"><span class='ocrx_word' id='word_1_198' title='bbox 140 2492 303 2528; x_wconf 85' lang='lat' dir='ltr'>diximus</span> <span class='ocrx_word' id='word_1_199' title='bbox 322 2492 359 2526; x_wconf 91' lang='lat' dir='ltr'>in</span> <span class='ocrx_word' id='word_1_200' title='bbox 379 2492 535 2540; x_wconf 81' lang='lat' dir='ltr'>Fragm.</span> <span class='ocrx_word' id='word_1_201' title='bbox 559 2491 700 2530; x_wconf 88' lang='lat' dir='ltr'>Chron.</span> <span class='ocrx_word' id='word_1_202' title='bbox 721 2505 760 2540; x_wconf 89' lang='lat' dir='ltr'>p.</span> <span class='ocrx_word' id='word_1_203' title='bbox 786 2492 868 2529; x_wconf 73' lang='lat'>123.</span> <span class='ocrx_word' id='word_1_204' title='bbox 889 2495 1098 2529; x_wconf 81' lang='lat' dir='ltr'>Homerum</span> <span class='ocrx_word' id='word_1_205' title='bbox 1118 2493 1183 2541; x_wconf 92' lang='lat' dir='ltr'>(de</span> 
     </span>
     <span class='ocr_line' id='line_1_34' title="bbox 140 2551 1182 2599; baseline 0.002 -13"><span class='ocrx_word' id='word_1_206' title='bbox 140 2563 218 2598; x_wconf 89' lang='lat' dir='ltr'>quo</span> <span class='ocrx_word' id='word_1_207' title='bbox 245 2551 484 2586; x_wconf 76' lang='lat' dir='ltr'>Democritus</span> <span class='ocrx_word' id='word_1_208' title='bbox 513 2563 667 2598; x_wconf 90' lang='lat' dir='ltr'>quoque</span> <span class='ocrx_word' id='word_1_209' title='bbox 688 2552 908 2599; x_wconf 87' lang='lat' dir='ltr'>scripserat;</span> <span class='ocrx_word' id='word_1_210' title='bbox 938 2564 973 2588; x_wconf 80' lang='lat' dir='ltr'>v,</span> <span class='ocrx_word' id='word_1_211' title='bbox 1004 2553 1182 2590; x_wconf 86' lang='lat' dir='ltr'>Mullach.</span> 
     </span>
     <span class='ocr_line' id='line_1_35' title="bbox 140 2606 1187 2659; baseline 0.002 -14"><span class='ocrx_word' id='word_1_212' title='bbox 140 2611 319 2645; x_wconf 89' lang='lat' dir='ltr'>Democr.</span> <span class='ocrx_word' id='word_1_213' title='bbox 356 2608 492 2656; x_wconf 80' lang='lat' dir='ltr'>fragm.</span> <span class='ocrx_word' id='word_1_214' title='bbox 522 2622 563 2657; x_wconf 90' lang='lat' dir='ltr'>p.</span> <span class='ocrx_word' id='word_1_215' title='bbox 599 2606 695 2657; x_wconf 84' lang='lat'>236)</span> <span class='ocrx_word' id='word_1_216' title='bbox 725 2612 906 2645; x_wconf 87' lang='lat' dir='ltr'>Artemon</span> <span class='ocrx_word' id='word_1_217' title='bbox 942 2612 1187 2659; x_wconf 83' lang='lat' dir='ltr'>assignaverit</span> 
     </span>
     <span class='ocr_line' id='line_1_36' title="bbox 141 2668 1186 2716; baseline 0.003 -11"><span class='ocrx_word' id='word_1_218' title='bbox 141 2668 359 2716; x_wconf 84' lang='lat' dir='ltr'>Olympiadi</span> <span class='ocrx_word' id='word_1_219' title='bbox 389 2668 533 2715; x_wconf 84' lang='lat' dir='ltr'>primae.</span> <span class='ocrx_word' id='word_1_220' title='bbox 563 2669 741 2704; x_wconf 89' lang='lat' dir='ltr'>Arctinus</span> <span class='ocrx_word' id='word_1_221' title='bbox 772 2681 793 2704; x_wconf 83' lang='lat' dir='ltr'>a</span> <span class='ocrx_word' id='word_1_222' title='bbox 825 2669 968 2716; x_wconf 80' lang='lat' dir='ltr'>Cyrilro</span> <span class='ocrx_word' id='word_1_223' title='bbox 989 2670 1083 2707; x_wconf 85' lang='lat' dir='ltr'>Adv.</span> <span class='ocrx_word' id='word_1_224' title='bbox 1113 2672 1186 2708; x_wconf 86' lang='lat' dir='ltr'>Jul.</span> 
     </span>
     <span class='ocr_line' id='line_1_37' title="bbox 141 2726 1189 2775; baseline 0.005 -14"><span class='ocrx_word' id='word_1_225' title='bbox 141 2739 182 2775; x_wconf 81' lang='lat' dir='ltr'>p.</span> <span class='ocrx_word' id='word_1_226' title='bbox 219 2738 262 2761; x_wconf 83' lang='lat'>12</span> <span class='ocrx_word' id='word_1_227' title='bbox 277 2753 287 2770; x_wconf 89' lang='lat'>‚</span> <span class='ocrx_word' id='word_1_228' title='bbox 311 2727 353 2772; x_wconf 87' lang='grc' dir='ltr'>Β,</span> <span class='ocrx_word' id='word_1_229' title='bbox 377 2726 541 2762; x_wconf 86' lang='lat' dir='ltr'>Eusebio</span> <span class='ocrx_word' id='word_1_230' title='bbox 565 2734 603 2762; x_wconf 88' lang='lat' dir='ltr'>et</span> <span class='ocrx_word' id='word_1_231' title='bbox 635 2728 869 2775; x_wconf 84' lang='lat' dir='ltr'>Hieronymo</span> <span class='ocrx_word' id='word_1_232' title='bbox 899 2729 1114 2765; x_wconf 76' lang='lat' dir='ltr'>collocatur</span> <span class='ocrx_word' id='word_1_233' title='bbox 1139 2731 1189 2766; x_wconf 83' lang='lat' dir='ltr'>ad</span> 
     </span>
    </p>
   </div>
   <div class='ocr_carea' id='block_1_11' title="bbox 142 2785 1190 2894">
    <p class='ocr_par' dir='ltr' id='par_1_13' title="bbox 142 2785 1190 2894">
     <span class='ocr_line' id='line_1_38' title="bbox 142 2785 1190 2837; baseline 0.003 -15"><span class='ocrx_word' id='word_1_234' title='bbox 142 2785 295 2834; x_wconf 86' lang='lat' dir='ltr'>Olymp.</span> <span class='ocrx_word' id='word_1_235' title='bbox 314 2797 347 2820; x_wconf 94' lang='lat'>1.</span> <span class='ocrx_word' id='word_1_236' title='bbox 363 2786 487 2831; x_wconf 85' lang='lat' dir='ltr'>Quare</span> <span class='ocrx_word' id='word_1_237' title='bbox 498 2786 662 2823; x_wconf 87' lang='lat' dir='ltr'>Fischer.</span> <span class='ocrx_word' id='word_1_238' title='bbox 680 2787 720 2820; x_wconf 89' lang='lat' dir='ltr'>in</span> <span class='ocrx_word' id='word_1_239' title='bbox 733 2787 825 2821; x_wconf 85' lang='lat' dir='ltr'>Tab.</span> <span class='ocrx_word' id='word_1_240' title='bbox 841 2788 921 2822; x_wconf 88' lang='lat' dir='ltr'>chr.</span> <span class='ocrx_word' id='word_1_241' title='bbox 941 2801 981 2835; x_wconf 89' lang='lat' dir='ltr'>p.</span> <span class='ocrx_word' id='word_1_242' title='bbox 1002 2788 1066 2835; x_wconf 91' lang='lat'>61,</span> <span class='ocrx_word' id='word_1_243' title='bbox 1085 2789 1190 2837; x_wconf 77' lang='lat' dir='ltr'>apud</span> 
     </span>
     <span class='ocr_line' id='line_1_39' title="bbox 144 2841 1188 2894; baseline 0.005 -14"><span class='ocrx_word' id='word_1_244' title='bbox 144 2844 299 2880; x_wconf 86' lang='lat' dir='ltr'>Suidam</span> <span class='ocrx_word' id='word_1_245' title='bbox 315 2856 387 2892; x_wconf 88' lang='lat' dir='ltr'>pro</span> <span class='ocrx_word' id='word_1_246' title='bbox 416 2841 445 2880; x_wconf 90' lang='grc' dir='ltr'>θ’</span> <span class='ocrx_word' id='word_1_247' title='bbox 471 2843 525 2882; x_wconf 91' lang='grc' dir='ltr'>ολ.</span> <span class='ocrx_word' id='word_1_248' title='bbox 553 2845 794 2880; x_wconf 89' lang='lat' dir='ltr'>scribendum</span> <span class='ocrx_word' id='word_1_249' title='bbox 822 2847 1034 2894; x_wconf 88' lang='lat' dir='ltr'>suspicatur</span> <span class='ocrx_word' id='word_1_250' title='bbox 1062 2845 1094 2882; x_wconf 81' lang='grc' dir='ltr'>α’</span> <span class='ocrx_word' id='word_1_251' title='bbox 1112 2847 1188 2894; x_wconf 88' lang='grc' dir='ltr'>ὀλ.;</span> 
     </span>
    </p>
   </div>
   <div class='ocr_carea' id='block_1_12' title="bbox 145 2902 1192 3012">
    <p class='ocr_par' dir='ltr' id='par_1_14' title="bbox 145 2902 1192 3012">
     <span class='ocr_line' id='line_1_40' title="bbox 145 2902 1189 2950; baseline 0.004 -12"><span class='ocrx_word' id='word_1_252' title='bbox 145 2915 221 2950; x_wconf 88' lang='lat' dir='ltr'>qua</span> <span class='ocrx_word' id='word_1_253' title='bbox 235 2902 458 2949; x_wconf 88' lang='lat' dir='ltr'>conjectura</span> <span class='ocrx_word' id='word_1_254' title='bbox 472 2903 581 2939; x_wconf 88' lang='lat' dir='ltr'>facile</span> <span class='ocrx_word' id='word_1_255' title='bbox 596 2916 776 2940; x_wconf 89' lang='lat' dir='ltr'>caremus.</span> <span class='ocrx_word' id='word_1_256' title='bbox 792 2906 965 2941; x_wconf 84' lang='lat' dir='ltr'>Xanthus</span> <span class='ocrx_word' id='word_1_257' title='bbox 978 2913 1015 2942; x_wconf 90' lang='lat' dir='ltr'>et</span> <span class='ocrx_word' id='word_1_258' title='bbox 1030 2907 1189 2942; x_wconf 81' lang='lat' dir='ltr'>Phanias</span> 
     </span>
     <span class='ocr_line' id='line_1_41' title="bbox 148 2946 1192 3012; baseline 0.005 -16"><span class='ocrx_word' id='word_1_259' title='bbox 148 2960 216 3011; x_wconf 77' lang='lat' dir='ltr'>(fr.</span> <span class='ocrx_word' id='word_1_260' title='bbox 245 2958 311 3012; x_wconf 88' lang='lat'>18)</span> <span class='ocrx_word' id='word_1_261' title='bbox 339 2963 538 2998; x_wconf 85' lang='lat' dir='ltr'>Arctinum</span> <span class='ocrx_word' id='word_1_262' title='bbox 567 2963 719 2999; x_wconf 82' lang='lat' dir='ltr'>Leschae</span> <span class='ocrx_word' id='word_1_263' title='bbox 748 2976 916 2999; x_wconf 83' lang='lat' dir='ltr'>coaevum</span> <span class='ocrx_word' id='word_1_264' title='bbox 948 2972 985 3000; x_wconf 88' lang='lat' dir='ltr'>et</span> <span class='ocrx_word' id='word_1_265' title='bbox 1015 2946 1192 3001; x_wconf 69' lang='lat' dir='ltr'>aemulum</span> 
     </span>
    </p>
   </div>
   <div class='ocr_carea' id='block_1_13' title="bbox 306 3102 1030 3230">
    <p class='ocr_par' dir='ltr' id='par_1_15' title="bbox 306 3102 1030 3230">
     <span class='ocr_line' id='line_1_42' title="bbox 306 3102 1030 3143; baseline 0.003 -2"><span class='ocrx_word' id='word_1_266' title='bbox 306 3102 537 3142; x_wconf 86' lang='lat' dir='ltr'><strong>ANNALES</strong></span> <span class='ocrx_word' id='word_1_267' title='bbox 566 3103 1030 3143; x_wconf 83' lang='lat' dir='ltr'>CLAZOMENlORUM.</span> 
     </span>
     <span class='ocr_line' id='line_1_43' title="bbox 652 3199 683 3230; baseline -0.065 0"><span class='ocrx_word' id='word_1_268' title='bbox 652 3199 683 3230; x_wconf 88' lang='lat'>1.</span> 
     </span>
    </p>
   </div>
   <div class='ocr_carea' id='block_1_14' title="bbox 149 3264 1193 3358">
    <p class='ocr_par' dir='ltr' id='par_1_16' title="bbox 149 3264 1193 3358">
     <span class='ocr_line' id='line_1_44' title="bbox 191 3264 1193 3309; baseline 0.004 -13"><span class='ocrx_word' id='word_1_269' title='bbox 191 3264 281 3304; x_wconf 80' lang='lat' dir='ltr'>Apud</span> <span class='ocrx_word' id='word_1_270' title='bbox 302 3265 522 3299; x_wconf 79' lang='lat' dir='ltr'>Clazomenios</span> <span class='ocrx_word' id='word_1_271' title='bbox 542 3267 637 3299; x_wconf 85' lang='lat' dir='ltr'>audio</span> <span class='ocrx_word' id='word_1_272' title='bbox 650 3277 740 3300; x_wconf 85' lang='lat' dir='ltr'>suem</span> <span class='ocrx_word' id='word_1_273' title='bbox 757 3269 851 3301; x_wconf 79' lang='lat' dir='ltr'>fuisse</span> <span class='ocrx_word' id='word_1_274' title='bbox 866 3269 987 3300; x_wconf 81' lang='lat' dir='ltr'>alatum</span> <span class='ocrx_word' id='word_1_275' title='bbox 998 3293 1006 3307; x_wconf 94' lang='lat'>‚</span> <span class='ocrx_word' id='word_1_276' title='bbox 1029 3270 1083 3309; x_wconf 87' lang='lat' dir='ltr'>qui</span> <span class='ocrx_word' id='word_1_277' title='bbox 1101 3278 1193 3309; x_wconf 82' lang='lat' dir='ltr'>agros</span> 
     </span>
     <span class='ocr_line' id='line_1_45' title="bbox 149 3317 1191 3358; baseline 0.005 -13"><span class='ocrx_word' id='word_1_278' title='bbox 149 3323 260 3346; x_wconf 82' lang='lat' dir='ltr'>eorum</span> <span class='ocrx_word' id='word_1_279' title='bbox 278 3317 469 3357; x_wconf 78' lang='lat' dir='ltr'>vastaverit,</span> <span class='ocrx_word' id='word_1_280' title='bbox 486 3318 533 3349; x_wconf 84' lang='lat' dir='ltr'>uti</span> <span class='ocrx_word' id='word_1_281' title='bbox 553 3318 659 3358; x_wconf 77' lang='lat' dir='ltr'>prodit</span> <span class='ocrx_word' id='word_1_282' title='bbox 672 3319 823 3351; x_wconf 81' lang='lat' dir='ltr'>Artemon</span> <span class='ocrx_word' id='word_1_283' title='bbox 838 3319 869 3350; x_wconf 90' lang='lat' dir='ltr'>in</span> <span class='ocrx_word' id='word_1_284' title='bbox 884 3319 1059 3350; x_wconf 81' lang='lat' dir='ltr'>Annalibus</span> <span class='ocrx_word' id='word_1_285' title='bbox 1078 3319 1191 3351; x_wconf 86' lang='lat' dir='ltr'>Clazo-</span> 
     </span>
    </p>
   </div>
   <div class='ocr_carea' id='block_1_15' title="bbox 151 3367 1192 3451">
    <p class='ocr_par' dir='ltr' id='par_1_17' title="bbox 151 3367 1192 3451">
     <span class='ocr_line' id='line_1_46' title="bbox 151 3367 1192 3407; baseline 0.005 -10"><span class='ocrx_word' id='word_1_286' title='bbox 151 3367 346 3407; x_wconf 79' lang='lat' dir='ltr'>meniorum;</span> <span class='ocrx_word' id='word_1_287' title='bbox 363 3368 448 3402; x_wconf 85' lang='lat' dir='ltr'>unde</span> <span class='ocrx_word' id='word_1_288' title='bbox 458 3369 553 3402; x_wconf 82' lang='lat' dir='ltr'>etiam</span> <span class='ocrx_word' id='word_1_289' title='bbox 567 3370 656 3402; x_wconf 86' lang='lat' dir='ltr'>locus</span> <span class='ocrx_word' id='word_1_290' title='bbox 668 3370 733 3402; x_wconf 83' lang='lat' dir='ltr'>illic</span> <span class='ocrx_word' id='word_1_291' title='bbox 745 3371 932 3402; x_wconf 82' lang='lat' dir='ltr'>decantatus</span> <span class='ocrx_word' id='word_1_292' title='bbox 943 3371 1020 3402; x_wconf 76' lang='lat' dir='ltr'>suis</span> <span class='ocrx_word' id='word_1_293' title='bbox 1034 3370 1125 3402; x_wconf 68' lang='lat' dir='ltr'>alati</span> <span class='ocrx_word' id='word_1_294' title='bbox 1141 3380 1192 3402; x_wconf 92' lang='lat' dir='ltr'>no-</span> 
     </span>
     <span class='ocr_line' id='line_1_47' title="bbox 154 3417 302 3451; baseline 0.014 -2"><span class='ocrx_word' id='word_1_295' title='bbox 154 3417 302 3451; x_wconf 81' lang='lat' dir='ltr'>minatur.</span> 
     </span>
    </p>
   </div>
   <div class='ocr_carea' id='block_1_16' title="bbox 2170 229 2237 262">
    <p class='ocr_par' dir='ltr' id='par_1_18' title="bbox 2170 229 2237 262">
     <span class='ocr_line' id='line_1_48' title="bbox 2170 229 2237 262; baseline -0.03 0"><span class='ocrx_word' id='word_1_296' title='bbox 2170 229 2237 262; x_wconf 64' lang='lat'>341</span> 
     </span>
    </p>
   </div>
   <div class='ocr_carea' id='block_1_17' title="bbox 1213 315 2263 777">
    <p class='ocr_par' dir='ltr' id='par_1_19' title="bbox 1213 315 2263 774">
     <span class='ocr_line' id='line_1_49' title="bbox 1215 315 2251 360; baseline -0.008 -4"><span class='ocrx_word' id='word_1_297' title='bbox 1215 321 1357 356; x_wconf 87' lang='lat' dir='ltr'>dicunt.</span> <span class='ocrx_word' id='word_1_298' title='bbox 1370 319 1544 354; x_wconf 87' lang='lat' dir='ltr'>Ceterum</span> <span class='ocrx_word' id='word_1_299' title='bbox 1558 317 1604 352; x_wconf 89' lang='lat' dir='ltr'>de</span> <span class='ocrx_word' id='word_1_300' title='bbox 1615 317 1769 353; x_wconf 84' lang='lat' dir='ltr'>Arctino</span> <span class='ocrx_word' id='word_1_301' title='bbox 1782 316 1841 351; x_wconf 88' lang='lat' dir='ltr'>adi</span> <span class='ocrx_word' id='word_1_302' title='bbox 1853 315 2091 350; x_wconf 81' lang='lat' dir='ltr'>Welckerum</span> <span class='ocrx_word' id='word_1_303' title='bbox 2100 315 2138 349; x_wconf 91' lang='lat' dir='ltr'>in</span> <span class='ocrx_word' id='word_1_304' title='bbox 2151 315 2251 360; x_wconf 65' lang='lat' dir='ltr'>Cre-l.</span> 
     </span>
     <span class='ocr_line' id='line_1_50' title="bbox 1213 374 2256 427; baseline -0.006 -14"><span class='ocrx_word' id='word_1_305' title='bbox 1213 392 1254 427; x_wconf 89' lang='lat' dir='ltr'>p.</span> <span class='ocrx_word' id='word_1_306' title='bbox 1273 391 1317 413; x_wconf 81' lang='lat'>21</span> <span class='ocrx_word' id='word_1_307' title='bbox 1331 390 1344 412; x_wconf 92' lang='lat'>1</span> <span class='ocrx_word' id='word_1_308' title='bbox 1363 389 1419 424; x_wconf 89' lang='lat' dir='ltr'>sq.</span> <span class='ocrx_word' id='word_1_309' title='bbox 1440 376 1547 423; x_wconf 91' lang='lat' dir='ltr'>(coll.</span> <span class='ocrx_word' id='word_1_310' title='bbox 1566 388 1605 423; x_wconf 93' lang='lat' dir='ltr'>p.</span> <span class='ocrx_word' id='word_1_311' title='bbox 1631 374 1747 423; x_wconf 77' lang='lat'>188);</span> <span class='ocrx_word' id='word_1_312' title='bbox 1765 387 1875 421; x_wconf 85' lang='lat' dir='ltr'>quem</span> <span class='ocrx_word' id='word_1_313' title='bbox 1892 381 2015 408; x_wconf 82' lang='lat' dir='ltr'>tamen</span> <span class='ocrx_word' id='word_1_314' title='bbox 2030 374 2151 408; x_wconf 88' lang='lat' dir='ltr'>miror</span> <span class='ocrx_word' id='word_1_315' title='bbox 2170 385 2256 408; x_wconf 88' lang='lat' dir='ltr'>cnm</span> 
     </span>
     <span class='ocr_line' id='line_1_51' title="bbox 1215 432 2258 483; baseline -0.007 -11"><span class='ocrx_word' id='word_1_316' title='bbox 1215 437 1347 473; x_wconf 89' lang='lat' dir='ltr'>Vossio</span> <span class='ocrx_word' id='word_1_317' title='bbox 1378 435 1497 483; x_wconf 84' lang='lat' dir='ltr'>(Hist.</span> <span class='ocrx_word' id='word_1_318' title='bbox 1522 434 1589 469; x_wconf 90' lang='lat' dir='ltr'>Gr.</span> <span class='ocrx_word' id='word_1_319' title='bbox 1623 446 1664 480; x_wconf 92' lang='lat' dir='ltr'>p.</span> <span class='ocrx_word' id='word_1_320' title='bbox 1699 432 1793 481; x_wconf 74' lang='lat'><strong>405)</strong></span> <span class='ocrx_word' id='word_1_321' title='bbox 1826 439 1986 466; x_wconf 81' lang='lat' dir='ltr'>statuere</span> <span class='ocrx_word' id='word_1_322' title='bbox 2015 433 2258 466; x_wconf 77' lang='lat' dir='ltr'>Artemonem</span> 
     </span>
     <span class='ocr_line' id='line_1_52' title="bbox 1217 490 2256 533; baseline -0.007 -2"><span class='ocrx_word' id='word_1_323' title='bbox 1217 503 1389 531; x_wconf 86' lang='lat' dir='ltr'>nostrum</span> <span class='ocrx_word' id='word_1_324' title='bbox 1420 505 1497 529; x_wconf 89' lang='lat' dir='ltr'>esse</span> <span class='ocrx_word' id='word_1_325' title='bbox 1526 492 1805 528; x_wconf 85' lang='lat' dir='ltr'>Clazomenium</span> <span class='ocrx_word' id='word_1_326' title='bbox 1836 491 1939 524; x_wconf 83' lang='lat' dir='ltr'>illum</span> <span class='ocrx_word' id='word_1_327' title='bbox 1972 490 2256 533; x_wconf 87' lang='lat' dir='ltr'>mechanicum,</span> 
     </span>
     <span class='ocr_line' id='line_1_53' title="bbox 1219 547 2257 602; baseline -0.008 -13"><span class='ocrx_word' id='word_1_328' title='bbox 1219 555 1284 602; x_wconf 92' lang='lat' dir='ltr'>qui</span> <span class='ocrx_word' id='word_1_329' title='bbox 1306 553 1444 588; x_wconf 87' lang='lat' dir='ltr'>Pericli</span> <span class='ocrx_word' id='word_1_330' title='bbox 1470 563 1627 599; x_wconf 82' lang='lat' dir='ltr'>operam</span> <span class='ocrx_word' id='word_1_331' title='bbox 1649 562 1754 585; x_wconf 85' lang='lat' dir='ltr'>suam</span> <span class='ocrx_word' id='word_1_332' title='bbox 1774 548 1989 596; x_wconf 71' lang='lat' dir='ltr'>praestiterit</span> <span class='ocrx_word' id='word_1_333' title='bbox 2018 547 2072 594; x_wconf 73' lang='lat' dir='ltr'>(v,</span> <span class='ocrx_word' id='word_1_334' title='bbox 2094 547 2257 582; x_wconf 89' lang='lat' dir='ltr'>Diodor.</span> 
     </span>
     <span class='ocr_line' id='line_1_54' title="bbox 1218 605 2263 659; baseline -0.01 -11"><span class='ocrx_word' id='word_1_335' title='bbox 1218 613 1317 659; x_wconf 85' lang='lat' dir='ltr'>XII,</span> <span class='ocrx_word' id='word_1_336' title='bbox 1353 609 1769 655; x_wconf 77' lang='lat' dir='ltr'>283Plutarch.Pe1.</span> <span class='ocrx_word' id='word_1_337' title='bbox 1807 618 1918 651; x_wconf 82' lang='lat' dir='ltr'>c.27</span> <span class='ocrx_word' id='word_1_338' title='bbox 1947 605 2076 651; x_wconf 83' lang='lat' dir='ltr'>ibique</span> <span class='ocrx_word' id='word_1_339' title='bbox 2103 606 2263 640; x_wconf 82' lang='lat' dir='ltr'>Sintenis</span> 
     </span>
     <span class='ocr_line' id='line_1_55' title="bbox 1219 661 2263 725; baseline -0.011 -18"><span class='ocrx_word' id='word_1_340' title='bbox 1219 683 1260 719; x_wconf 88' lang='lat' dir='ltr'>p.</span> <span class='ocrx_word' id='word_1_341' title='bbox 1288 682 1359 718; x_wconf 79' lang='lat'>192</span> <span class='ocrx_word' id='word_1_342' title='bbox 1382 682 1439 717; x_wconf 91' lang='lat' dir='ltr'>sq.</span> <span class='ocrx_word' id='word_1_343' title='bbox 1459 668 1608 704; x_wconf 88' lang='lat' dir='ltr'>Servius</span> <span class='ocrx_word' id='word_1_344' title='bbox 1623 666 1672 702; x_wconf 88' lang='lat' dir='ltr'>ad</span> <span class='ocrx_word' id='word_1_345' title='bbox 1688 666 1770 701; x_wconf 88' lang='lat' dir='ltr'>AEn.</span> <span class='ocrx_word' id='word_1_346' title='bbox 1798 665 1871 708; x_wconf 83' lang='lat' dir='ltr'>IX,</span> <span class='ocrx_word' id='word_1_347' title='bbox 1892 661 1990 709; x_wconf 88' lang='lat'><strong>505·</strong></span> <span class='ocrx_word' id='word_1_348' title='bbox 2009 663 2150 725; x_wconf 83' lang='lat' dir='ltr'>Plinius</span> <span class='ocrx_word' id='word_1_349' title='bbox 2171 663 2263 705; x_wconf 87' lang='lat' dir='ltr'><strong>VII,</strong></span> 
     </span>
     <span class='ocr_line' id='line_1_56' title="bbox 1224 690 2058 777; baseline -0.012 -13"><span class='ocrx_word' id='word_1_350' title='bbox 1224 727 1293 777; x_wconf 87' lang='lat'>56,</span> <span class='ocrx_word' id='word_1_351' title='bbox 1317 727 1518 774; x_wconf 82' lang='lat' dir='ltr'>57;schol.</span> <span class='ocrx_word' id='word_1_352' title='bbox 1540 724 1733 772; x_wconf 86' lang='lat' dir='ltr'>Aristoph.</span> <span class='ocrx_word' id='word_1_353' title='bbox 1754 722 1917 758; x_wconf 88' lang='lat' dir='ltr'>Acharn.</span> <span class='ocrx_word' id='word_1_354' title='bbox 1948 690 2058 769; x_wconf 87' lang='grc'>850).</span> 
     </span>
    </p>
   </div>
   <div class='ocr_carea' id='block_1_18' title="bbox 1627 857 1871 874">
    <p class='ocr_par' dir='ltr' id='par_1_20' title="bbox 1627 857 1871 874">
     <span class='ocr_line' id='line_1_57' title="bbox 1627 857 1871 874; baseline 0 2830"><span class='ocrx_word' id='word_1_355' title='bbox 1627 857 1871 874; x_wconf 95' lang='lat' dir='ltr'> </span> 
     </span>
    </p>
   </div>
   <div class='ocr_carea' id='block_1_19' title="bbox 1294 946 2204 1028">
    <p class='ocr_par' dir='ltr' id='par_1_21' title="bbox 1294 946 2204 1028">
     <span class='ocr_line' id='line_1_58' title="bbox 1294 946 2204 1028; baseline -0.007 -22"><span class='ocrx_word' id='word_1_356' title='bbox 1294 948 1651 1028; x_wconf 84' lang='lat' dir='ltr'><strong>ARTEMON.</strong></span> <span class='ocrx_word' id='word_1_357' title='bbox 1693 946 2204 1004; x_wconf 84' lang='lat' dir='ltr'><strong>PERGAMENUS.</strong></span> 
     </span>
    </p>
   </div>
   <div class='ocr_carea' id='block_1_20' title="bbox 1230 1078 2271 1125">
    <p class='ocr_par' dir='ltr' id='par_1_22' title="bbox 1230 1078 2271 1125">
     <span class='ocr_line' id='line_1_59' title="bbox 1230 1078 2271 1125; baseline -0.004 -8"><span class='ocrx_word' id='word_1_358' title='bbox 1230 1082 1498 1118; x_wconf 81' lang='lat' dir='ltr'>Commentarii</span> <span class='ocrx_word' id='word_1_359' title='bbox 1524 1083 1562 1114; x_wconf 76' lang='lat' dir='ltr'>in</span> <span class='ocrx_word' id='word_1_360' title='bbox 1588 1080 1744 1114; x_wconf 80' lang='lat' dir='ltr'>Pindari</span> <span class='ocrx_word' id='word_1_361' title='bbox 1767 1081 1938 1113; x_wconf 78' lang='lat' dir='ltr'>carmina</span> <span class='ocrx_word' id='word_1_362' title='bbox 1957 1078 2096 1112; x_wconf 76' lang='lat' dir='ltr'>Siculis</span> <span class='ocrx_word' id='word_1_363' title='bbox 2118 1081 2271 1125; x_wconf 76' lang='lat' dir='ltr'>scripta.</span> 
     </span>
    </p>
   </div>
   <div class='ocr_carea' id='block_1_21' title="bbox 1734 1163 1769 1201">
    <p class='ocr_par' dir='ltr' id='par_1_23' title="bbox 1734 1163 1769 1201">
     <span class='ocr_line' id='line_1_60' title="bbox 1734 1163 1769 1201; baseline 0.057 -2"><span class='ocrx_word' id='word_1_364' title='bbox 1734 1163 1769 1201; x_wconf 82' lang='lat'>3.</span> 
     </span>
    </p>
   </div>
   <div class='ocr_carea' id='block_1_22' title="bbox 1233 1237 2286 1820">
    <p class='ocr_par' dir='ltr' id='par_1_24' title="bbox 1233 1237 2280 1587">
     <span class='ocr_line' id='line_1_61' title="bbox 1284 1237 2273 1291; baseline -0.005 -12"><span class='ocrx_word' id='word_1_365' title='bbox 1284 1243 1410 1279; x_wconf 90' lang='lat' dir='ltr'>Schol.</span> <span class='ocrx_word' id='word_1_366' title='bbox 1435 1242 1543 1280; x_wconf 88' lang='lat' dir='ltr'>Pind.</span> <span class='ocrx_word' id='word_1_367' title='bbox 1567 1242 1678 1289; x_wconf 77' lang='lat' dir='ltr'><strong>Pyth.</strong></span> <span class='ocrx_word' id='word_1_368' title='bbox 1712 1242 1751 1285; x_wconf 87' lang='lat'>1,</span> <span class='ocrx_word' id='word_1_369' title='bbox 1794 1253 1807 1275; x_wconf 91' lang='lat'><em>1</em></span> <span class='ocrx_word' id='word_1_370' title='bbox 1834 1252 1842 1277; x_wconf 73' lang='grc' dir='ltr'>ε</span> <span class='ocrx_word' id='word_1_371' title='bbox 1871 1238 2033 1291; x_wconf 85' lang='grc' dir='ltr'>Ἱέρωνι</span> <span class='ocrx_word' id='word_1_372' title='bbox 2057 1237 2273 1289; x_wconf 79' lang='grc' dir='ltr'>Αἰτναίῳ]</span> 
     </span>
     <span class='ocr_line' id='line_1_62' title="bbox 1233 1296 2275 1352; baseline -0.006 -13"><span class='ocrx_word' id='word_1_373' title='bbox 1233 1300 1433 1352; x_wconf 82' lang='grc' dir='ltr'>Γέγραπται</span> <span class='ocrx_word' id='word_1_374' title='bbox 1451 1299 1513 1348; x_wconf 83' lang='grc' dir='ltr'>μὲν</span> <span class='ocrx_word' id='word_1_375' title='bbox 1530 1302 1547 1337; x_wconf 90' lang='lat'>6</span> <span class='ocrx_word' id='word_1_376' title='bbox 1568 1298 1717 1341; x_wconf 83' lang='grc' dir='ltr'>ἐπίνικος</span> <span class='ocrx_word' id='word_1_377' title='bbox 1737 1296 1890 1349; x_wconf 78' lang='grc' dir='ltr'>Ἱέρωνι,</span> <span class='ocrx_word' id='word_1_378' title='bbox 1914 1297 2054 1348; x_wconf 85' lang='grc' dir='ltr'>λέγεται</span> <span class='ocrx_word' id='word_1_379' title='bbox 2079 1296 2113 1334; x_wconf 83' lang='grc' dir='ltr'>δὲ</span> <span class='ocrx_word' id='word_1_380' title='bbox 2140 1299 2158 1334; x_wconf 91' lang='lat'>6</span> <span class='ocrx_word' id='word_1_381' title='bbox 2187 1296 2233 1334; x_wconf 73' lang='grc' dir='ltr'><strong><em>Πῖ</em></strong></span> <span class='ocrx_word' id='word_1_382' title='bbox 2224 1313 2275 1333; x_wconf 82' lang='grc' dir='ltr'>ιν-</span> 
     </span>
     <span class='ocr_line' id='line_1_63' title="bbox 1236 1355 2278 1411; baseline -0.005 -14"><span class='ocrx_word' id='word_1_383' title='bbox 1236 1361 1338 1411; x_wconf 88' lang='grc' dir='ltr'>δαρος</span> <span class='ocrx_word' id='word_1_384' title='bbox 1358 1357 1465 1401; x_wconf 75' lang='grc' dir='ltr'>οὕτως</span> <span class='ocrx_word' id='word_1_385' title='bbox 1486 1360 1562 1406; x_wconf 85' lang='lat' dir='ltr'>(sc</span> <span class='ocrx_word' id='word_1_386' title='bbox 1587 1359 1714 1394; x_wconf 80' lang='lat' dir='ltr'>veihis</span> <span class='ocrx_word' id='word_1_387' title='bbox 1738 1355 1870 1408; x_wconf 77' lang='grc' dir='ltr'>γρυσέα</span> <span class='ocrx_word' id='word_1_388' title='bbox 1892 1355 2040 1407; x_wconf 64' lang='grc' dir='ltr'>φόρμιγξ</span> <span class='ocrx_word' id='word_1_389' title='bbox 2025 1355 2062 1404; x_wconf 87' lang='lat'>)</span> <span class='ocrx_word' id='word_1_390' title='bbox 2085 1355 2278 1401; x_wconf 65' lang='grc' dir='ltr'>ἓπιὸείλη-</span> 
     </span>
     <span class='ocr_line' id='line_1_64' title="bbox 1234 1413 2278 1467; baseline -0.005 -12"><span class='ocrx_word' id='word_1_391' title='bbox 1234 1422 1314 1456; x_wconf 86' lang='grc' dir='ltr'>σθαι</span> <span class='ocrx_word' id='word_1_392' title='bbox 1351 1416 1443 1454; x_wconf 80' lang='grc' dir='ltr'>κατὰ</span> <span class='ocrx_word' id='word_1_393' title='bbox 1479 1415 1585 1467; x_wconf 85' lang='grc' dir='ltr'>Ἀρτέ</span> <span class='ocrx_word' id='word_1_394' title='bbox 1580 1431 1667 1453; x_wconf 75' lang='grc' dir='ltr'>μονα</span> <span class='ocrx_word' id='word_1_395' title='bbox 1701 1416 1757 1453; x_wconf 84' lang='grc' dir='ltr'>τὸν</span> <span class='ocrx_word' id='word_1_396' title='bbox 1791 1416 1986 1466; x_wconf 79' lang='grc' dir='ltr'>ἱστορικὸν,</span> <span class='ocrx_word' id='word_1_397' title='bbox 2023 1413 2059 1452; x_wconf 77' lang='grc' dir='ltr'>ὅτ</span> <span class='ocrx_word' id='word_1_398' title='bbox 2045 1430 2074 1451; x_wconf 94' lang='grc' dir='ltr'>ι</span> <span class='ocrx_word' id='word_1_399' title='bbox 2110 1414 2150 1460; x_wconf 79' lang='grc' dir='ltr'>δὴ</span> <span class='ocrx_word' id='word_1_400' title='bbox 2185 1415 2278 1465; x_wconf 79' lang='grc' dir='ltr'>αὐτῷ</span> 
     </span>
     <span class='ocr_line' id='line_1_65' title="bbox 1234 1471 2280 1528; baseline -0.005 -14"><span class='ocrx_word' id='word_1_401' title='bbox 1234 1479 1252 1514; x_wconf 87' lang='lat'>6</span> <span class='ocrx_word' id='word_1_402' title='bbox 1273 1476 1389 1528; x_wconf 83' lang='grc' dir='ltr'>Ἱέρων</span> <span class='ocrx_word' id='word_1_403' title='bbox 1408 1478 1542 1527; x_wconf 67' lang='grc' dir='ltr'>χρυσῆν</span> <span class='ocrx_word' id='word_1_404' title='bbox 1565 1474 1745 1525; x_wconf 76' lang='grc' dir='ltr'>υπέσχετο</span> <span class='ocrx_word' id='word_1_405' title='bbox 1756 1474 1914 1524; x_wconf 81' lang='grc' dir='ltr'>κιθάραν,</span> <span class='ocrx_word' id='word_1_406' title='bbox 1939 1497 1990 1502; x_wconf 85' lang='grc'>-</span> <span class='ocrx_word' id='word_1_407' title='bbox 2007 1471 2100 1511; x_wconf 86' lang='grc' dir='ltr'>Τὰ</span> <span class='ocrx_word' id='word_1_408' title='bbox 2083 1472 2117 1510; x_wconf 80' lang='grc' dir='ltr'>ὀὲ</span> <span class='ocrx_word' id='word_1_409' title='bbox 2138 1476 2280 1510; x_wconf 83' lang='grc' dir='ltr'>τοιαῦτα</span> 
     </span>
     <span class='ocr_line' id='line_1_66' title="bbox 1234 1532 2208 1587; baseline -0.003 -15"><span class='ocrx_word' id='word_1_410' title='bbox 1234 1533 1432 1587; x_wconf 82' lang='grc' dir='ltr'>περιεργίας</span> <span class='ocrx_word' id='word_1_411' title='bbox 1451 1532 1701 1584; x_wconf 76' lang='grc' dir='ltr'>πεπλήρωται,</span> <span class='ocrx_word' id='word_1_412' title='bbox 1727 1535 1823 1569; x_wconf 88' lang='lat' dir='ltr'>bene</span> <span class='ocrx_word' id='word_1_413' title='bbox 1844 1533 1975 1580; x_wconf 85' lang='lat' dir='ltr'>adjicit</span> <span class='ocrx_word' id='word_1_414' title='bbox 1992 1533 2208 1569; x_wconf 84' lang='lat' dir='ltr'>scholiasta.</span> 
     </span>
    </p>

    <p class='ocr_par' dir='ltr' id='par_1_25' title="bbox 1235 1593 2286 1820">
     <span class='ocr_line' id='line_1_67' title="bbox 1289 1593 2276 1642; baseline -0.002 -12"><span class='ocrx_word' id='word_1_415' title='bbox 1289 1595 1456 1630; x_wconf 88' lang='lat' dir='ltr'>Eandem</span> <span class='ocrx_word' id='word_1_416' title='bbox 1485 1594 1666 1642; x_wconf 83' lang='lat' dir='ltr'>ineptiam</span> <span class='ocrx_word' id='word_1_417' title='bbox 1693 1594 1832 1641; x_wconf 80' lang='lat' dir='ltr'>repetit</span> <span class='ocrx_word' id='word_1_418' title='bbox 1859 1594 1976 1629; x_wconf 90' lang='lat' dir='ltr'>schol.</span> <span class='ocrx_word' id='word_1_419' title='bbox 1997 1593 2128 1640; x_wconf 85' lang='lat' dir='ltr'>paullo</span> <span class='ocrx_word' id='word_1_420' title='bbox 2156 1599 2244 1639; x_wconf 88' lang='lat' dir='ltr'>post</span> <span class='ocrx_word' id='word_1_421' title='bbox 2269 1603 2276 1628; x_wconf 93' lang='lat'><strong>:</strong></span> 
     </span>
     <span class='ocr_line' id='line_1_68' title="bbox 1235 1647 2283 1703; baseline -0.006 -13"><span class='ocrx_word' id='word_1_422' title='bbox 1235 1650 1338 1694; x_wconf 83' lang='grc' dir='ltr'>Τινὲς</span> <span class='ocrx_word' id='word_1_423' title='bbox 1356 1653 1490 1703; x_wconf 72' lang='grc' dir='ltr'>χρυσῆν</span> <span class='ocrx_word' id='word_1_424' title='bbox 1508 1649 1722 1701; x_wconf 77' lang='grc' dir='ltr'>ὑποσχέσθαι</span> <span class='ocrx_word' id='word_1_425' title='bbox 1739 1648 1824 1701; x_wconf 69' lang='grc' dir='ltr'>φασὶ</span> <span class='ocrx_word' id='word_1_426' title='bbox 1837 1651 1982 1701; x_wconf 78' lang='grc' dir='ltr'>κιθάραν</span> <span class='ocrx_word' id='word_1_427' title='bbox 1999 1647 2055 1686; x_wconf 82' lang='grc' dir='ltr'>τὸν</span> <span class='ocrx_word' id='word_1_428' title='bbox 2075 1647 2214 1699; x_wconf 80' lang='grc' dir='ltr'>Ἱέρωνα</span> <span class='ocrx_word' id='word_1_429' title='bbox 2233 1649 2283 1699; x_wconf 83' lang='grc' dir='ltr'>τῷ</span> 
     </span>
     <span class='ocr_line' id='line_1_69' title="bbox 1239 1706 2286 1761; baseline -0.006 -13"><span class='ocrx_word' id='word_1_430' title='bbox 1239 1710 1422 1761; x_wconf 80' lang='grc' dir='ltr'>Πινδάρῳ.</span> <span class='ocrx_word' id='word_1_431' title='bbox 1445 1708 1508 1747; x_wconf 82' lang='grc' dir='ltr'>Διὸ</span> <span class='ocrx_word' id='word_1_432' title='bbox 1525 1708 1585 1746; x_wconf 80' lang='grc' dir='ltr'>καὶ</span> <span class='ocrx_word' id='word_1_433' title='bbox 1601 1711 1618 1745; x_wconf 91' lang='lat'>6</span> <span class='ocrx_word' id='word_1_434' title='bbox 1636 1707 1783 1754; x_wconf 73' lang='grc' dir='ltr'>ποιητὴς</span> <span class='ocrx_word' id='word_1_435' title='bbox 1803 1709 2080 1758; x_wconf 77' lang='grc' dir='ltr'>ὑπομιμνήσκων</span> <span class='ocrx_word' id='word_1_436' title='bbox 2102 1706 2204 1744; x_wconf 79' lang='grc' dir='ltr'>αὐτὸν</span> <span class='ocrx_word' id='word_1_437' title='bbox 2224 1709 2286 1751; x_wconf 58' lang='grc' dir='ltr'>τῖς</span> 
     </span>
     <span class='ocr_line' id='line_1_70' title="bbox 1238 1766 1933 1820; baseline 0 -14"><span class='ocrx_word' id='word_1_438' title='bbox 1238 1768 1446 1820; x_wconf 83' lang='grc' dir='ltr'>ἐπαγγελίας</span> <span class='ocrx_word' id='word_1_439' title='bbox 1467 1767 1535 1806; x_wconf 81' lang='grc' dir='ltr'>ἀπὸ</span> <span class='ocrx_word' id='word_1_440' title='bbox 1552 1769 1613 1814; x_wconf 76' lang='grc' dir='ltr'>τῆς</span> <span class='ocrx_word' id='word_1_441' title='bbox 1628 1768 1771 1820; x_wconf 76' lang='grc' dir='ltr'>κιθάρας</span> <span class='ocrx_word' id='word_1_442' title='bbox 1790 1766 1933 1820; x_wconf 80' lang='grc' dir='ltr'>ἤρξατο.</span> 
     </span>
    </p>
   </div>
   <div class='ocr_carea' id='block_1_23' title="bbox 1745 1868 1778 1905">
    <p class='ocr_par' dir='ltr' id='par_1_26' title="bbox 1745 1868 1778 1905">
     <span class='ocr_line' id='line_1_71' title="bbox 1745 1868 1778 1905; baseline 0 -7"><span class='ocrx_word' id='word_1_443' title='bbox 1745 1868 1778 1905; x_wconf 63' lang='lat'>[⁴-</span> 
     </span>
    </p>
   </div>
   <div class='ocr_carea' id='block_1_24' title="bbox 1238 1936 2289 2517">
    <p class='ocr_par' dir='ltr' id='par_1_27' title="bbox 1238 1936 2289 2517">
     <span class='ocr_line' id='line_1_72' title="bbox 1292 1936 2283 1989; baseline -0.005 -13"><span class='ocrx_word' id='word_1_444' title='bbox 1292 1941 1396 1976; x_wconf 82' lang='lat' dir='ltr'>Idem</span> <span class='ocrx_word' id='word_1_445' title='bbox 1417 1941 1468 1975; x_wconf 88' lang='lat' dir='ltr'>ib.</span> <span class='ocrx_word' id='word_1_446' title='bbox 1491 1941 1529 1985; x_wconf 88' lang='grc' dir='ltr'>Ι,</span> <span class='ocrx_word' id='word_1_447' title='bbox 1556 1939 1602 1974; x_wconf 73' lang='grc'>32</span> <span class='ocrx_word' id='word_1_448' title='bbox 1626 1950 1634 1976; x_wconf 76' lang='grc' dir='ltr'>ζ</span> <span class='ocrx_word' id='word_1_449' title='bbox 1657 1936 1832 1989; x_wconf 80' lang='grc' dir='ltr'>Ἀρτέμων</span> <span class='ocrx_word' id='word_1_450' title='bbox 1862 1937 1897 1974; x_wconf 85' lang='grc' dir='ltr'>δέ</span> <span class='ocrx_word' id='word_1_451' title='bbox 1918 1951 1967 1978; x_wconf 90' lang='grc' dir='ltr'>τις</span> <span class='ocrx_word' id='word_1_452' title='bbox 1991 1936 2161 1987; x_wconf 79' lang='grc' dir='ltr'>ἱστορικὸς</span> <span class='ocrx_word' id='word_1_453' title='bbox 2179 1939 2283 1972; x_wconf 80' lang='grc' dir='ltr'>πιθα-</span> 
     </span>
     <span class='ocr_line' id='line_1_73' title="bbox 1238 1993 2279 2049; baseline -0.005 -14"><span class='ocrx_word' id='word_1_454' title='bbox 1238 1996 1383 2049; x_wconf 81' lang='grc' dir='ltr'>νώτερον</span> <span class='ocrx_word' id='word_1_455' title='bbox 1399 1999 1590 2047; x_wconf 81' lang='grc' dir='ltr'>λογοποιεῖ·</span> <span class='ocrx_word' id='word_1_456' title='bbox 1609 1995 1770 2039; x_wconf 75' lang='grc' dir='ltr'>καθάπαξ</span> <span class='ocrx_word' id='word_1_457' title='bbox 1787 1995 1866 2047; x_wconf 79' lang='grc' dir='ltr'>γὰρ,</span> <span class='ocrx_word' id='word_1_458' title='bbox 1885 1994 1987 2048; x_wconf 57' lang='grc' dir='ltr'>φησιν</span> <span class='ocrx_word' id='word_1_459' title='bbox 2002 2024 2011 2040; x_wconf 95' lang='grc'>,</span> <span class='ocrx_word' id='word_1_460' title='bbox 2028 2000 2097 2030; x_wconf 77' lang='grc' dir='ltr'>πᾶν</span> <span class='ocrx_word' id='word_1_461' title='bbox 2112 1993 2186 2047; x_wconf 82' lang='grc' dir='ltr'>ὄρος</span> <span class='ocrx_word' id='word_1_462' title='bbox 2200 1993 2279 2045; x_wconf 64' lang='grc' dir='ltr'>ἔχον</span> 
     </span>
     <span class='ocr_line' id='line_1_74' title="bbox 1242 2054 2277 2110; baseline -0.008 -15"><span class='ocrx_word' id='word_1_463' title='bbox 1242 2057 1348 2110; x_wconf 80' lang='grc' dir='ltr'>πυρὸς</span> <span class='ocrx_word' id='word_1_464' title='bbox 1378 2056 1557 2098; x_wconf 81' lang='grc' dir='ltr'>ἀναδόσεις</span> <span class='ocrx_word' id='word_1_465' title='bbox 1578 2055 1634 2093; x_wconf 81' lang='grc' dir='ltr'>ἐπὶ</span> <span class='ocrx_word' id='word_1_466' title='bbox 1658 2057 1799 2107; x_wconf 68' lang='grc' dir='ltr'>Τυφῶνι</span> <span class='ocrx_word' id='word_1_467' title='bbox 1821 2054 1969 2092; x_wconf 83' lang='grc' dir='ltr'>καίεται.</span> <span class='ocrx_word' id='word_1_468' title='bbox 1995 2055 2179 2090; x_wconf 84' lang='lat' dir='ltr'>Pindarus</span> <span class='ocrx_word' id='word_1_469' title='bbox 2198 2054 2223 2087; x_wconf 94' lang='lat' dir='ltr'>l.</span> <span class='ocrx_word' id='word_1_470' title='bbox 2253 2054 2277 2088; x_wconf 94' lang='lat' dir='ltr'>l.</span> 
     </span>
     <span class='ocr_line' id='line_1_75' title="bbox 1242 2112 2286 2164; baseline -0.006 -12"><span class='ocrx_word' id='word_1_471' title='bbox 1242 2117 1289 2153; x_wconf 87' lang='lat' dir='ltr'>de</span> <span class='ocrx_word' id='word_1_472' title='bbox 1307 2117 1417 2152; x_wconf 85' lang='lat' dir='ltr'>AEtna</span> <span class='ocrx_word' id='word_1_473' title='bbox 1435 2112 1618 2164; x_wconf 88' lang='lat' dir='ltr'>loquitur,</span> <span class='ocrx_word' id='word_1_474' title='bbox 1643 2127 1754 2162; x_wconf 90' lang='lat' dir='ltr'>quem</span> <span class='ocrx_word' id='word_1_475' title='bbox 1774 2116 1828 2162; x_wconf 77' lang='lat' dir='ltr'>Ty</span> <span class='ocrx_word' id='word_1_476' title='bbox 1830 2115 1949 2162; x_wconf 87' lang='lat' dir='ltr'>phoni</span> <span class='ocrx_word' id='word_1_477' title='bbox 1969 2114 2146 2161; x_wconf 89' lang='lat' dir='ltr'>Juppiter</span> <span class='ocrx_word' id='word_1_478' title='bbox 2159 2113 2286 2160; x_wconf 90' lang='lat' dir='ltr'>impo-</span> 
     </span>
     <span class='ocr_line' id='line_1_76' title="bbox 1240 2172 2287 2221; baseline -0.006 -10"><span class='ocrx_word' id='word_1_479' title='bbox 1240 2176 1368 2211; x_wconf 89' lang='lat' dir='ltr'>suerit.</span> <span class='ocrx_word' id='word_1_480' title='bbox 1394 2176 1490 2210; x_wconf 90' lang='lat' dir='ltr'>Hinc</span> <span class='ocrx_word' id='word_1_481' title='bbox 1512 2187 1578 2210; x_wconf 87' lang='lat' dir='ltr'>sua</span> <span class='ocrx_word' id='word_1_482' title='bbox 1593 2175 1750 2221; x_wconf 88' lang='lat' dir='ltr'>sumpsit</span> <span class='ocrx_word' id='word_1_483' title='bbox 1770 2175 1891 2208; x_wconf 87' lang='lat' dir='ltr'>Tzetz.</span> <span class='ocrx_word' id='word_1_484' title='bbox 1915 2172 1964 2208; x_wconf 88' lang='lat' dir='ltr'>ad</span> <span class='ocrx_word' id='word_1_485' title='bbox 1976 2172 2168 2220; x_wconf 81' lang='lat' dir='ltr'>Lycophr.</span> <span class='ocrx_word' id='word_1_486' title='bbox 2191 2183 2234 2205; x_wconf 91' lang='lat'>1</span> <span class='ocrx_word' id='word_1_487' title='bbox 2220 2196 2230 2216; x_wconf 58' lang='grc' dir='ltr'><em>Ι</em></span> <span class='ocrx_word' id='word_1_488' title='bbox 2241 2183 2260 2215; x_wconf 86' lang='lat'><strong>7</strong></span> <span class='ocrx_word' id='word_1_489' title='bbox 2277 2198 2287 2217; x_wconf 84' lang='lat'>‚</span> 
     </span>
     <span class='ocr_line' id='line_1_77' title="bbox 1241 2226 2286 2283; baseline -0.007 -12"><span class='ocrx_word' id='word_1_490' title='bbox 1241 2247 1281 2283; x_wconf 91' lang='lat' dir='ltr'>p.</span> <span class='ocrx_word' id='word_1_491' title='bbox 1303 2233 1376 2277; x_wconf 68' lang='grc'>454</span> <span class='ocrx_word' id='word_1_492' title='bbox 1399 2234 1459 2269; x_wconf 87' lang='lat' dir='ltr'>ed.</span> <span class='ocrx_word' id='word_1_493' title='bbox 1484 2233 1632 2271; x_wconf 79' lang='lat' dir='ltr'>Miiller.</span> <span class='ocrx_word' id='word_1_494' title='bbox 1653 2233 1758 2268; x_wconf 84' lang='lat' dir='ltr'>Idem</span> <span class='ocrx_word' id='word_1_495' title='bbox 1778 2245 1817 2280; x_wconf 88' lang='lat' dir='ltr'>p.</span> <span class='ocrx_word' id='word_1_496' title='bbox 1844 2230 1917 2274; x_wconf 72' lang='grc'>455</span> <span class='ocrx_word' id='word_1_497' title='bbox 1940 2231 2034 2266; x_wconf 86' lang='lat' dir='ltr'>dicit</span> <span class='ocrx_word' id='word_1_498' title='bbox 2049 2243 2087 2266; x_wconf 89' lang='lat' dir='ltr'>se</span> <span class='ocrx_word' id='word_1_499' title='bbox 2106 2226 2286 2279; x_wconf 76' lang='grc' dir='ltr'>ἵστορικώ-</span> 
     </span>
     <span class='ocr_line' id='line_1_78' title="bbox 1243 2289 2289 2342; baseline -0.006 -14"><span class='ocrx_word' id='word_1_500' title='bbox 1243 2306 1339 2342; x_wconf 86' lang='grc' dir='ltr'>τερσν</span> <span class='ocrx_word' id='word_1_501' title='bbox 1370 2301 1406 2328; x_wconf 85' lang='lat' dir='ltr'>et</span> <span class='ocrx_word' id='word_1_502' title='bbox 1426 2292 1641 2328; x_wconf 86' lang='lat' dir='ltr'>fabularum</span> <span class='ocrx_word' id='word_1_503' title='bbox 1669 2290 2039 2339; x_wconf 85' lang='lat' dir='ltr'>interpretandarum</span> <span class='ocrx_word' id='word_1_504' title='bbox 2066 2289 2289 2337; x_wconf 82' lang='lat' dir='ltr'>peritiorem</span> 
     </span>
     <span class='ocr_line' id='line_1_79' title="bbox 1246 2343 2287 2400; baseline -0.005 -14"><span class='ocrx_word' id='word_1_505' title='bbox 1246 2363 1326 2387; x_wconf 89' lang='lat' dir='ltr'>csse</span> <span class='ocrx_word' id='word_1_506' title='bbox 1348 2352 1407 2386; x_wconf 80' lang='grc' dir='ltr'>τοῦ</span> <span class='ocrx_word' id='word_1_507' title='bbox 1441 2348 1676 2400; x_wconf 85' lang='grc' dir='ltr'>Πολυίστορος</span> <span class='ocrx_word' id='word_1_508' title='bbox 1701 2346 1921 2400; x_wconf 77' lang='grc' dir='ltr'>Ἀλεξάνδρου</span> <span class='ocrx_word' id='word_1_509' title='bbox 1940 2346 2000 2384; x_wconf 84' lang='grc' dir='ltr'>καὶ</span> <span class='ocrx_word' id='word_1_510' title='bbox 2027 2343 2287 2395; x_wconf 78' lang='grc' dir='ltr'>Ἀπολλοδώρου</span> 
     </span>
     <span class='ocr_line' id='line_1_80' title="bbox 1246 2404 2289 2459; baseline -0.005 -13"><span class='ocrx_word' id='word_1_511' title='bbox 1246 2408 1305 2446; x_wconf 84' lang='grc' dir='ltr'>καὶ</span> <span class='ocrx_word' id='word_1_512' title='bbox 1326 2407 1536 2459; x_wconf 84' lang='grc' dir='ltr'>Ἀρτέμωνος</span> <span class='ocrx_word' id='word_1_513' title='bbox 1562 2411 1621 2445; x_wconf 85' lang='grc' dir='ltr'>τοῦ</span> <span class='ocrx_word' id='word_1_514' title='bbox 1653 2409 1884 2459; x_wconf 80' lang='grc' dir='ltr'>Περγαμηνοῦ</span> <span class='ocrx_word' id='word_1_515' title='bbox 1905 2405 1963 2444; x_wconf 81' lang='grc' dir='ltr'>καὶ</span> <span class='ocrx_word' id='word_1_516' title='bbox 1995 2404 2230 2457; x_wconf 85' lang='grc' dir='ltr'>Κασσάνδρου.</span> <span class='ocrx_word' id='word_1_517' title='bbox 2249 2405 2289 2454; x_wconf 66' lang='grc' dir='ltr'>(Ρ)</span> 
     </span>
     <span class='ocr_line' id='line_1_81' title="bbox 1245 2465 1644 2517; baseline 0 -13"><span class='ocrx_word' id='word_1_518' title='bbox 1245 2470 1307 2505; x_wconf 88' lang='grc' dir='ltr'>τοῦ</span> <span class='ocrx_word' id='word_1_519' title='bbox 1329 2465 1546 2517; x_wconf 82' lang='grc' dir='ltr'>..αλαμινίου</span> <span class='ocrx_word' id='word_1_520' title='bbox 1567 2467 1644 2505; x_wconf 87' lang='grc' dir='ltr'>κτλ.</span> 
     </span>
    </p>
   </div>
   <div class='ocr_carea' id='block_1_25' title="bbox 1751 2542 1788 2579">
    <p class='ocr_par' dir='ltr' id='par_1_28' title="bbox 1751 2542 1788 2579">
     <span class='ocr_line' id='line_1_82' title="bbox 1751 2542 1788 2579; baseline -0.054 0"><span class='ocrx_word' id='word_1_521' title='bbox 1751 2542 1788 2579; x_wconf 86' lang='lat'>5.</span> 
     </span>
    </p>
   </div>
   <div class='ocr_carea' id='block_1_26' title="bbox 1250 2609 2295 3016">
    <p class='ocr_par' dir='ltr' id='par_1_29' title="bbox 1250 2609 2295 3016">
     <span class='ocr_line' id='line_1_83' title="bbox 1300 2609 2294 2662; baseline -0.003 -12"><span class='ocrx_word' id='word_1_522' title='bbox 1300 2615 1405 2650; x_wconf 88' lang='lat' dir='ltr'>Idem</span> <span class='ocrx_word' id='word_1_523' title='bbox 1436 2615 1496 2652; x_wconf 84' lang='lat' dir='ltr'>Ol.</span> <span class='ocrx_word' id='word_1_524' title='bbox 1520 2615 1575 2660; x_wconf 91' lang='grc' dir='ltr'>ΙΙ,</span> <span class='ocrx_word' id='word_1_525' title='bbox 1602 2613 1674 2650; x_wconf 85' lang='lat'>16:</span> <span class='ocrx_word' id='word_1_526' title='bbox 1699 2610 1917 2662; x_wconf 82' lang='grc' dir='ltr'>Καμόντες</span> <span class='ocrx_word' id='word_1_527' title='bbox 1937 2609 1974 2647; x_wconf 79' lang='grc' dir='ltr'>οἳ</span> <span class='ocrx_word' id='word_1_528' title='bbox 1993 2610 2067 2660; x_wconf 84' lang='lat' dir='ltr'>(sc.</span> <span class='ocrx_word' id='word_1_529' title='bbox 2090 2611 2120 2646; x_wconf 86' lang='grc' dir='ltr'>οἱ</span> <span class='ocrx_word' id='word_1_530' title='bbox 2140 2611 2199 2646; x_wconf 87' lang='grc' dir='ltr'>τοῦ</span> <span class='ocrx_word' id='word_1_531' title='bbox 2219 2609 2294 2654; x_wconf 77' lang='grc' dir='ltr'>Θή-</span> 
     </span>
     <span class='ocr_line' id='line_1_84' title="bbox 1251 2667 2294 2724; baseline -0.006 -15"><span class='ocrx_word' id='word_1_532' title='bbox 1251 2687 1354 2724; x_wconf 89' lang='grc' dir='ltr'>ρωνος</span> <span class='ocrx_word' id='word_1_533' title='bbox 1370 2670 1538 2723; x_wconf 84' lang='grc' dir='ltr'>πατέρες)</span> <span class='ocrx_word' id='word_1_534' title='bbox 1560 2670 1697 2709; x_wconf 77' lang='grc' dir='ltr'>πολλὰ</span> <span class='ocrx_word' id='word_1_535' title='bbox 1717 2671 1831 2722; x_wconf 82' lang='grc' dir='ltr'>θυμῷ</span> <span class='ocrx_word' id='word_1_536' title='bbox 1855 2668 1963 2720; x_wconf 81' lang='grc' dir='ltr'>ἱερὸν</span> <span class='ocrx_word' id='word_1_537' title='bbox 1986 2667 2111 2719; x_wconf 75' lang='grc' dir='ltr'>ἔσχον</span> <span class='ocrx_word' id='word_1_538' title='bbox 2132 2667 2294 2716; x_wconf 86' lang='grc' dir='ltr'>οἴκημα</span> 
     </span>
     <span class='ocr_line' id='line_1_85' title="bbox 1250 2725 2293 2782; baseline -0.007 -13"><span class='ocrx_word' id='word_1_539' title='bbox 1250 2731 1480 2781; x_wconf 86' lang='grc' dir='ltr'>ποταμοῦ]</span> <span class='ocrx_word' id='word_1_540' title='bbox 1511 2730 1739 2782; x_wconf 82' lang='grc' dir='ltr'>Ἀρίσταρχος</span> <span class='ocrx_word' id='word_1_541' title='bbox 1769 2728 1832 2774; x_wconf 84' lang='grc' dir='ltr'>τὴν</span> <span class='ocrx_word' id='word_1_542' title='bbox 1861 2727 1960 2765; x_wconf 86' lang='grc' dir='ltr'>πόλιν</span> <span class='ocrx_word' id='word_1_543' title='bbox 1994 2725 2293 2777; x_wconf 78' lang='lat' dir='ltr'>(Agrigentum)</span> 
     </span>
     <span class='ocr_line' id='line_1_86' title="bbox 1250 2784 2291 2840; baseline -0.006 -13"><span class='ocrx_word' id='word_1_544' title='bbox 1250 2805 1380 2839; x_wconf 88' lang='grc' dir='ltr'>οικημα</span> <span class='ocrx_word' id='word_1_545' title='bbox 1397 2793 1557 2840; x_wconf 90' lang='grc' dir='ltr'>ποταμοῦ</span> <span class='ocrx_word' id='word_1_546' title='bbox 1572 2786 1873 2839; x_wconf 84' lang='grc' dir='ltr'>προσηγορεῦσθαί</span> <span class='ocrx_word' id='word_1_547' title='bbox 1887 2801 1971 2838; x_wconf 79' lang='grc' dir='ltr'>φησι</span> <span class='ocrx_word' id='word_1_548' title='bbox 1985 2784 2040 2823; x_wconf 87' lang='grc' dir='ltr'>διὰ</span> <span class='ocrx_word' id='word_1_549' title='bbox 2055 2785 2093 2823; x_wconf 83' lang='grc' dir='ltr'>τὸ</span> <span class='ocrx_word' id='word_1_550' title='bbox 2109 2786 2291 2835; x_wconf 81' lang='grc' dir='ltr'>ὁμώνυμον</span> 
     </span>
     <span class='ocr_line' id='line_1_87' title="bbox 1250 2843 2294 2899; baseline -0.006 -14"><span class='ocrx_word' id='word_1_551' title='bbox 1250 2851 1338 2885; x_wconf 83' lang='grc' dir='ltr'>εἶναι</span> <span class='ocrx_word' id='word_1_552' title='bbox 1369 2850 1417 2885; x_wconf 80' lang='grc' dir='ltr'>τῶ</span> <span class='ocrx_word' id='word_1_553' title='bbox 1458 2849 1605 2899; x_wconf 78' lang='grc' dir='ltr'>ποταμῶ</span> <span class='ocrx_word' id='word_1_554' title='bbox 1636 2845 1858 2897; x_wconf 79' lang='grc' dir='ltr'>Ἀκράγαντι.</span> <span class='ocrx_word' id='word_1_555' title='bbox 1893 2845 1968 2891; x_wconf 75' lang='grc' dir='ltr'>Τὴν</span> <span class='ocrx_word' id='word_1_556' title='bbox 2000 2843 2071 2897; x_wconf 83' lang='grc' dir='ltr'>γὰρ</span> <span class='ocrx_word' id='word_1_557' title='bbox 2103 2844 2294 2893; x_wconf 79' lang='grc' dir='ltr'>ὀνομασίαν</span> 
     </span>
     <span class='ocr_line' id='line_1_88' title="bbox 1253 2901 2295 2955; baseline -0.006 -11"><span class='ocrx_word' id='word_1_558' title='bbox 1253 2909 1274 2953; x_wconf 83' lang='grc' dir='ltr'>ἡ</span> <span class='ocrx_word' id='word_1_559' title='bbox 1302 2906 1401 2949; x_wconf 88' lang='grc' dir='ltr'>πόλις</span> <span class='ocrx_word' id='word_1_560' title='bbox 1421 2906 1490 2943; x_wconf 86' lang='grc' dir='ltr'>ἀπὸ</span> <span class='ocrx_word' id='word_1_561' title='bbox 1519 2909 1577 2943; x_wconf 85' lang='grc' dir='ltr'>τοῦ</span> <span class='ocrx_word' id='word_1_562' title='bbox 1606 2908 1767 2953; x_wconf 79' lang='grc' dir='ltr'>ποταμοῦ</span> <span class='ocrx_word' id='word_1_563' title='bbox 1798 2902 1911 2955; x_wconf 75' lang='grc' dir='ltr'>ἔσχεν.</span> <span class='ocrx_word' id='word_1_564' title='bbox 1935 2902 2109 2954; x_wconf 82' lang='grc' dir='ltr'>Ἀρτέμων</span> <span class='ocrx_word' id='word_1_565' title='bbox 2132 2901 2166 2939; x_wconf 81' lang='grc' dir='ltr'>δὲ</span> <span class='ocrx_word' id='word_1_566' title='bbox 2187 2905 2205 2939; x_wconf 89' lang='lat'>6</span> <span class='ocrx_word' id='word_1_567' title='bbox 2227 2901 2295 2939; x_wconf 80' lang='grc' dir='ltr'>ἀπὸ</span> 
     </span>
     <span class='ocr_line' id='line_1_89' title="bbox 1254 2960 2293 3016; baseline -0.005 -13"><span class='ocrx_word' id='word_1_568' title='bbox 1254 2964 1446 3016; x_wconf 84' lang='grc' dir='ltr'>Περγάμου</span> <span class='ocrx_word' id='word_1_569' title='bbox 1468 2963 1529 3010; x_wconf 78' lang='grc' dir='ltr'>τὴν</span> <span class='ocrx_word' id='word_1_570' title='bbox 1551 2963 1683 3002; x_wconf 77' lang='grc' dir='ltr'>Γέλλαν</span> <span class='ocrx_word' id='word_1_571' title='bbox 1716 2962 1829 3000; x_wconf 69' lang='grc' dir='ltr'>οἴεταιι</span> <span class='ocrx_word' id='word_1_572' title='bbox 1843 2963 1911 2999; x_wconf 78' lang='grc' dir='ltr'>δεῖν</span> <span class='ocrx_word' id='word_1_573' title='bbox 1933 2960 2091 3008; x_wconf 79' lang='grc' dir='ltr'>ἀκούειν,</span> <span class='ocrx_word' id='word_1_574' title='bbox 2111 2961 2201 2999; x_wconf 72' lang='grc' dir='ltr'>οὕτω</span> <span class='ocrx_word' id='word_1_575' title='bbox 2226 2977 2293 2998; x_wconf 87' lang='grc' dir='ltr'>κα-</span> 
     </span>
    </p>
   </div>
   <div class='ocr_carea' id='block_1_27' title="bbox 1495 3104 1938 3227">
    <p class='ocr_par' dir='ltr' id='par_1_30' title="bbox 1495 3104 1938 3227">
     <span class='ocr_line' id='line_1_90' title="bbox 1495 3104 1938 3144; baseline -0.005 0"><span class='ocrx_word' id='word_1_576' title='bbox 1495 3136 1516 3144; x_wconf 65' lang='grc'><strong><em>,</em></strong></span> <span class='ocrx_word' id='word_1_577' title='bbox 1617 3106 1681 3144; x_wconf 88' lang='lat' dir='ltr'>DE</span> <span class='ocrx_word' id='word_1_578' title='bbox 1702 3104 1938 3143; x_wconf 80' lang='lat' dir='ltr'><strong>HOMERO.</strong></span> 
     </span>
     <span class='ocr_line' id='line_1_91' title="bbox 1752 3196 1786 3227; baseline -0.029 0"><span class='ocrx_word' id='word_1_579' title='bbox 1752 3196 1786 3227; x_wconf 84' lang='lat'>2..</span> 
     </span>
    </p>
   </div>
   <div class='ocr_carea' id='block_1_28' title="bbox 1256 3264 2297 3462">
    <p class='ocr_par' dir='ltr' id='par_1_31' title="bbox 1256 3264 2297 3462">
     <span class='ocr_line' id='line_1_92' title="bbox 1295 3264 2297 3308; baseline -0.005 -9"><span class='ocrx_word' id='word_1_580' title='bbox 1295 3268 1460 3308; x_wconf 63' lang='lat' dir='ltr'>motinus,</span> <span class='ocrx_word' id='word_1_581' title='bbox 1477 3269 1563 3300; x_wconf 87' lang='lat' dir='ltr'>Telei</span> <span class='ocrx_word' id='word_1_582' title='bbox 1579 3268 1681 3308; x_wconf 77' lang='lat' dir='ltr'>filins,</span> <span class='ocrx_word' id='word_1_583' title='bbox 1701 3269 1832 3300; x_wconf 70' lang='lat' dir='ltr'>aNaule</span> <span class='ocrx_word' id='word_1_584' title='bbox 1848 3268 2019 3307; x_wconf 77' lang='lat' dir='ltr'>oriundus,</span> <span class='ocrx_word' id='word_1_585' title='bbox 2036 3266 2175 3298; x_wconf 85' lang='lat' dir='ltr'>Milesius</span> <span class='ocrx_word' id='word_1_586' title='bbox 2188 3264 2297 3304; x_wconf 83' lang='lat' dir='ltr'>epicus</span> 
     </span>
     <span class='ocr_line' id='line_1_93' title="bbox 1256 3315 2294 3360; baseline -0.007 -9"><span class='ocrx_word' id='word_1_587' title='bbox 1256 3321 1362 3360; x_wconf 83' lang='lat' dir='ltr'>poeta,</span> <span class='ocrx_word' id='word_1_588' title='bbox 1378 3320 1507 3351; x_wconf 83' lang='lat' dir='ltr'>Homeri</span> <span class='ocrx_word' id='word_1_589' title='bbox 1521 3320 1711 3360; x_wconf 80' lang='lat' dir='ltr'>discipulus,</span> <span class='ocrx_word' id='word_1_590' title='bbox 1722 3320 1759 3351; x_wconf 85' lang='lat' dir='ltr'>ut</span> <span class='ocrx_word' id='word_1_591' title='bbox 1775 3320 1819 3351; x_wconf 85' lang='lat' dir='ltr'>ait</span> <span class='ocrx_word' id='word_1_592' title='bbox 1834 3321 1962 3351; x_wconf 81' lang='lat' dir='ltr'>Arlemo</span> <span class='ocrx_word' id='word_1_593' title='bbox 1973 3316 2194 3350; x_wconf 81' lang='lat' dir='ltr'>Clazomenius</span> <span class='ocrx_word' id='word_1_594' title='bbox 2209 3316 2239 3345; x_wconf 90' lang='lat' dir='ltr'>in</span> <span class='ocrx_word' id='word_1_595' title='bbox 2256 3315 2294 3345; x_wconf 90' lang='lat' dir='ltr'>li-</span> 
     </span>
     <span class='ocr_line' id='line_1_94' title="bbox 1256 3365 2296 3411; baseline -0.007 -8"><span class='ocrx_word' id='word_1_596' title='bbox 1256 3371 1313 3402; x_wconf 83' lang='lat' dir='ltr'>bro</span> <span class='ocrx_word' id='word_1_597' title='bbox 1337 3374 1384 3403; x_wconf 91' lang='lat' dir='ltr'>De</span> <span class='ocrx_word' id='word_1_598' title='bbox 1398 3373 1535 3403; x_wconf 85' lang='lat' dir='ltr'>Homero</span> <span class='ocrx_word' id='word_1_599' title='bbox 1547 3395 1555 3410; x_wconf 92' lang='lat'><strong><em>‚</em></strong></span> <span class='ocrx_word' id='word_1_600' title='bbox 1585 3371 1693 3403; x_wconf 82' lang='lat' dir='ltr'>floruit</span> <span class='ocrx_word' id='word_1_601' title='bbox 1724 3371 1910 3411; x_wconf 82' lang='lat' dir='ltr'>Olympiade</span> <span class='ocrx_word' id='word_1_602' title='bbox 1933 3378 2030 3407; x_wconf 79' lang='lat' dir='ltr'>nona,</span> <span class='ocrx_word' id='word_1_603' title='bbox 2060 3365 2296 3407; x_wconf 75' lang='lat' dir='ltr'>quadringentis</span> 
     </span>
     <span class='ocr_line' id='line_1_95' title="bbox 1257 3417 2251 3462; baseline -0.005 -10"><span class='ocrx_word' id='word_1_604' title='bbox 1257 3422 1266 3459; x_wconf 87' lang='lat'>(</span> <span class='ocrx_word' id='word_1_605' title='bbox 1279 3421 1325 3453; x_wconf 74' lang='lat' dir='ltr'>vel</span> <span class='ocrx_word' id='word_1_606' title='bbox 1343 3421 1582 3462; x_wconf 74' lang='lat' dir='ltr'>quadringentis</span> <span class='ocrx_word' id='word_1_607' title='bbox 1597 3421 1729 3462; x_wconf 77' lang='lat' dir='ltr'>decem)</span> <span class='ocrx_word' id='word_1_608' title='bbox 1745 3422 1835 3453; x_wconf 85' lang='lat' dir='ltr'>annis</span> <span class='ocrx_word' id='word_1_609' title='bbox 1850 3423 1918 3461; x_wconf 83' lang='lat' dir='ltr'>post</span> <span class='ocrx_word' id='word_1_610' title='bbox 1933 3421 2050 3451; x_wconf 73' lang='lat' dir='ltr'>bellum</span> <span class='ocrx_word' id='word_1_611' title='bbox 2067 3417 2251 3457; x_wconf 77' lang='lat' dir='ltr'>Trojanum.</span> 
     </span>
    </p>
   </div>
  </div>
 </body>
</html>
