2372 3704
125 274 199 305 422

121 356 171 391 τῶ
191 353 458 407 ἐπιγραφομένῳ
475 353 726 405 Ὑπομνήματι
734 355 958 409 Ἀνδριάντων
978 357 1038 395 καὶ
1056 359 1165 408 ἀγαλ·

123 412 257 471 μάτων,
270 412 429 452 Ιλαύκου
441 428 526 464 φησι
536 429 595 451 του
611 413 697 453 Χίου
707 413 745 452 τὸ
757 415 791 452 ἐν
803 417 973 467 Δελιροῒςε
961 415 1165 490 υπόστημαέ

120 473 190 508 οἱον
211 470 402 522 ἐγγυθηκην
429 470 506 509 τινὰ
530 472 686 523 σιδηρᾶν,
712 471 875 522 ἀνάθημα
898 472 1102 512 Ἀλυάττου·
1126 477 1165 512 οὗ

120 531 138 565 6
159 528 345 581 ‘Hpo'soroq
364 530 506 578 (125)
530 529 751 579 μνημονεύει,
774 531 1060 583 ὑποκρητηρίδιον
1081 532 1165 570 αὐτὸ

120 587 251 624 καλῶν.
285 586 358 625 Καὶ
387 589 404 625 ὃ
431 587 669 638 Ἡγήσανδρος
696 587 806 625 ταύτὰ
835 587 941 639 λέγει.
970 591 1164 626 Alterutro

119 646 206 682 loco
247 647 479 695 Hegesandri
513 659 652 682 nomen
687 654 911 696 corruptum·
942 659 1018 683 esse
1049 654 1163 695 puto,

119 711 231 752 atque
245 705 506 752 reponendum
517 705 810 740 Alexandriclem
832 705 1036 753 Delphum,
1052 718 1164 752 quem

119 763 350 799 monimenta
365 763 548 811 Delphica
560 764 766 812 explicasse
780 762 878 799 bene
893 771 1026 798 notum
1041 766 1107 800 est.

605 839 668 880 46.

163 908 317 944 ‘Bekker
334 908 478 944 Anecd.
493 921 533 956 p.
553 907 642 953 377,
662 907 709 943 25
732 920 740 942 τ
762 905 1037 948 Ἀλκυονίδες
1057 909 1164 956 ἡμέ-

122 980 213 1018 ραι·
245 965 324 1018 περὶ
346 969 405 1003 τοῦ
431 967 574 1018 ἀριθμοῦ
601 964 834 1015 διαφέρονται.
870 963 1068 1012 Σιμωνίδης
1096 964 1163 1015 γὰρ

119 1025 154 1060 ἐν
171 1023 378 1064 Πεντάθλοις
399 1022 442 1060 ια’
461 1025 503 1073 (l.
520 1022 582 1074 ιδ’)
601 1021 705 1074 φησὶν
717 1020 838 1067 αὐτὰς,
855 1020 915 1057 καὶ
930 1020 1163 1072 Ἀριστοτέλης

122 1083 156 1118 ἐν
184 1086 253 1124 τοῖς
287 1080 376 1152 Περὶ
401 1080 508 1132 ζώων.
536 1078 749 1131 Δημαγόρας
779 1078 815 1116 δὲ
840 1081 857 1116 6
890 1078 1023 1128 Σάμιος
1055 1078 1163 1126 ἑπτὰ,

122 1138 315 1191 Φιλόχορος
340 1140 410 1176 ἐννε
403 1138 447 1176 ’.α
469 1137 539 1177 Τον
569 1136 604 1175 δὲ
630 1138 682 1174 ἐπ’
714 1137 833 1179 αὐταῖς
859 1139 964 1186 μῦθον
989 1136 1158 1187 Ἀγήσαν-

118 1197 195 1248 δρος
211 1198 333 1247 (Suid.
356 1195 648 1248 Ἡγήσανδρος)’
635 1211 668 1232 εν
682 1200 750 1237 τοῖς
764 1193 852 1246 Περι
872 1193 913 1214 '⁶‘
919 1193 1157 1243 Υπομνήμασι

116 1253 208 1306 λέγει
227 1253 350 1298 οὕτως·
371 1272 387 1289 ιι
402 1253 607 1296 Ἀλκυονέως
622 1269 681 1291 του
701 1252 859 1304 γίγαντος
879 1252 1058 1304 θυγατέρες
1071 1255 1160 1299 ἠσαν

119 1311 302 1364 [Φῡονία],
324 1311 473 1358 Χθονία,
496 1310 623 1361 Ἄνθη,
646 1310 813 1358 Μεθώνη,
839 1309 1036 1357 Ἀλκίππα,
1058 1312 1158 1348 Παλ·

115 1369 202 1416 λήνη
217 1399 227 1416 ,
251 1369 393 1421 Δριμὼ,
410 1369 581 1422 Ἀστερίη.
603 1372 717 1408 Αῧται
744 1367 833 1418 μετὰ
857 1367 920 1414 τὴν
950 1371 1008 1405 τοῦ
1033 1368 1162 1420 πατρὸς

115 1429 275 1474 τελευτὴν
291 1428 360 1466 ἀπὸ
378 1427 625 1480 Καναστραίου
638 1457 648 1474 ,
666 1426 687 1464 ὅ
702 1428 793 1464 ἐστιν
812 1425 915 1477 ἄκρον
936 1429 997 1472 τῆς
1020 1427 1161 1473 Πελλή-

115 1502 192 1533 νης,
231 1486 375 1538 ἔρριψαν
411 1485 518 1530 αὑτὰς
551 1487 597 1529 εἷς
633 1484 695 1532 τὴν
728 1484 920 1522 θάλασσαν.
956 1484 1159 1537 Ἀμφιτρίτη

119 1546 148 1582 δ’
170 1545 275 1588 αὐτὰς
294 1544 429 1596 ὄρνιθας
449 1543 609 1591 ἐποίησε,
628 1543 686 1581 καὶ
701 1542 771 1581 ἀπὸ
792 1546 850 1580 τοῦ
868 1542 997 1594 πατρὸς
1017 1542 1160 1582 Ἀλκυό-

113 1618 166 1646 νες
187 1602 395 1649 ἐκλήθησαν.
418 1620 432 1636 »
460 1604 506 1641 Αἱ
538 1601 574 1639 δὲ
601 1601 741 1651 νήνεμοι
763 1599 823 1638 καὶ
842 1599 996 1651 γαλήνην
1016 1600 1160 1652 ἔχουσαι

117 1660 243 1713 ἡμέραι
261 1661 454 1704 ἀλκυονίδες
470 1662 671 1698 καλοῦνται.

165 1721 306 1756 Eadem
316 1721 448 1757 Suidas
459 1733 488 1758 s.
501 1734 539 1755 ν.
548 1749 558 1768 ,
568 1721 638 1755 nisi
650 1719 756 1768 quod
774 1731 844 1767 pro
857 1717 992 1756 Φθονία
1002 1747 1011 1764 ,
1022 1718 1154 1756 Χθονία

113 1779 229 1815 habet
239 1777 439 1825 Φωσθονία,
453 1780 543 1814 etin
559 1786 681 1814 antec.
701 1777 735 1813 ἓν
755 1781 823 1818 τοῖς
835 1775 924 1828 Περὶ
945 1775 1156 1826 ὑπομνημά-

111 1851 195 1875 των.
212 1839 284 1885 Ap.
306 1837 462 1873 Bekker.
484 1850 556 1885 pro
582 1834 810 1884 ὑπομνήμασι
831 1843 886 1871 est
912 1834 1155 1885 ὃπομνήματι;

111 1895 267 1931 fortasse
294 1896 410 1944 igitur
425 1896 590 1931 scribere
614 1902 766 1943 praestat
789 1894 824 1930 ἐν
848 1895 897 1945 τῷ
923 1892 1043 1945 Περὶ*
1065 1896 1151 1931 ὑπο-

112 1951 287 2001 μνήματι,
315 1955 442 1992 collat.
482 1954 526 1991 fr.
552 1953 615 1997 45.
648 1954 823 1989 Ceterum
854 1953 900 1990 cf.
928 1955 1151 2002 Demagorae

111 2012 226 2055 Samii
251 2011 384 2059 fragm.
405 2011 442 2048 3.

525 2106 741 2121 ——oooo-—ss

140 2180 624 2239 HEGESANDER
671 2182 757 2239 SA
767 2182 1132 2240 LAMlNIUS.

161 2305 307 2339 Tzetzes
322 2304 414 2351 Lyc.
437 2303 511 2339 883
534 2316 542 2339 :
570 2301 681 2354 Ἀργὼ
701 2302 875 2350 ἐκλήθη...
898 2302 951 2340 ὅτι
982 2305 1017 2341 ἐν
1037 2301 1154 2355 Ἄργει

110 2358 333 2410 ἐναυπηγήθη
347 2389 358 2409 .‚
381 2359 426 2403 ὥς
445 2375 547 2412 φησιν
568 2359 808 2411 Ἡγήσανδρος
828 2364 846 2398 6
868 2361 1096 2411 Σαλαμίνιος.

162 2420 234 2454 Hic
247 2419 383 2467 procul
400 2419 516 2455 dubio
535 2427 589 2455 est
603 2420 704 2456 idem
720 2422 786 2468 qui
797 2421 1000 2472 Cassander
1013 2421 1155 2457 dicitur

110 2478 158 2513 ad
177 2479 269 2524 Lyc.
303 2490 339 2514 V.
370 2490 458 2525 177⁷
491 2478 558 2513 ubi
576 2480 723 2514 Tzetzes
737 2491 775 2515 se
795 2479 1007 2515 fabularum
1033 2481 1153 2516 inter-

107 2535 377 2583 pretandarum
392 2536 611 2583 peritiorem
623 2549 699 2572 esse
712 2536 832 2582 jactat
845 2540 904 2572 τοῦ
919 2532 1153 2587 Πολυΐστορος

108 2591 330 2643 Ἀλεξάνδρου
358 2591 416 2629 καὶ
454 2592 710 2645 Ἀπολλοδώρου
747 2593 807 2630 καὶ
842 2591 1053 2645 Ἀρτέμωνος
1092 2596 1152 2631 τοῦ

109 2652 342 2702 Περγαμηνοῦ
370 2649 429 2686 καὶ
455 2650 681 2702 Κασσάνδρου
713 2655 772 2689 τοῦ
807 2651 1035 2702 Σαλαμινίου.
1065 2654 1152 2690 Cas-

108 2709 288 2745 sandrum
319 2711 444 2745 nescio
475 2723 588 2758 quem
625 2719 897 2748 commemorat
930 2713 1153 2748 Censorinus

107 2771 161 2804 De
186 2768 244 2804 die
269 2775 348 2804 nat.
377 2781 409 2803 c.
438 2769 499 2817 18,
518 2782 552 2806 e.
580 2774 600 2813 4
626 2770 694 2805 ubi
726 2783 734 2805 :
761 2771 993 2806 Cassandrus
1027 2773 1151 2804 tricies

106 2828 225 2861 sexies
258 2833 447 2860 centenum
477 2828 632 2862 millium
663 2828 731 2874 (sc.
765 2839 952 2863 annorum
980 2839 1056 2862 esse
1090 2825 1148 2863 τὸν

108 2881 218 2933 μέγαν
237 2880 390 2918 ἐνιαυτὸν
417 2882 580 2934 statuit).
605 2886 718 2932 Quod
737 2886 1040 2933 Thryllitzschius
1057 2898 1146 2920 con-

105 2989 153 3019 De
165 2986 276 3018 statuis
289 2988 320 3018 et
330 2986 442 3026 signis,
469 2988 581 3019 Glauci
598 2988 679 3027 Chii,
697 2990 761 3028 ait,
777 2989 1039 3029 suppositorium,
1057 2988 1144 3029 quod

106 3039 235 3079 Delphis
251 3040 315 3078 est,
330 3039 428 3070 veluti
442 3040 648 3079 engythecam
662 3041 821 3081 quandam
835 3050 902 3073 esse
916 3042 1046 3072 ferream
1057 3065 1066 3080 ,
1080 3043 1146 3072 Ha·

105 3090 197 3130 lyatti
214 3089 334 3121 donum
349 3101 357 3120 ε
375 3089 466 3129 cujus
478 3089 572 3121 etiam
584 3091 762 3123 Herodotus
775 3092 931 3130 meminit,
944 3092 1146 3132 ὑποκρητηρί·

104 3143 169 3174 διον
185 3150 306 3174 vocans
323 3143 333 3181 (
348 3141 379 3172 id
401 3143 466 3180 est,
482 3145 628 3174 crateris
645 3146 914 3184 suppositorium
929 3145 976 3176 vel
990 3144 1090 3176 basin
1105 3145 1116 3184 )
1134 3153 1145 3174 .-

104 3203 178 3226 cum
192 3202 257 3235 quo
270 3193 427 3225 consentit
441 3194 648 3234 Hegesander.
1041 3209 1043 3212 .

594 3249 652 3281 46.

143 3298 296 3338 Alcyonii
317 3296 378 3328 dii.
405 3298 451 3328 De
464 3305 598 3329 numero
614 3306 725 3329 eorum
739 3298 907 3339 scriptores
931 3299 1012 3330 inter
1026 3308 1060 3331 se
1082 3299 1144 3330 dis-

102 3350 254 3382 sentiunt.
288 3349 465 3382 Simonides
488 3349 573 3380 enim
602 3349 634 3380 in
662 3350 967 3390 Quinquertionibus
997 3352 1144 3384 undecim

103 3399 404 3442 [quattuordecim]
418 3408 485 3431 esse
505 3400 599 3439 dicit,
614 3402 650 3431 ut
672 3400 855 3432 Aristoteles
869 3401 900 3432 in
924 3402 1059 3433 Historia
1074 3403 1143 3433 ani-

103 3452 234 3485 malium
254 3464 261 3483 ι
279 3451 427 3491 Diagoras
446 3459 523 3483 vero
537 3451 664 3484 Samius
687 3453 806 3492 septem
820 3475 830 3492 ,
859 3453 1067 3485 Philochorus
1083 3463 1142 3486 no·

563 268 882 308 HEGESIDEMI
911 270 1142 316 CYTHNII,
1173 271 1444 311 HEGESIPPI
1474 273 1827 314 MERYBERNAEI

1224 360 1333 408 jecit,
1357 362 1460 410 apud
1479 363 1648 399 Tzetzem
1666 376 1738 412 pro
1757 364 2002 413 Hegesandro
2021 366 2265 404 scribendum

1226 431 1302 456 esse
1332 421 1528 469 Hegesiam
1554 421 1842 468 (Salaminium,
1868 422 2095 476 Cypriorum
2115 424 2264 474 auct.),

1223 489 1359 525 parum
1368 490 1406 513 se
1426 479 1678 516 commendat.
1691 480 1863 515 Ceterum
1876 493 1958 528 quae
1975 483 2121 518 Tzetzes
2137 483 2161 520 l.
2174 483 2197 517 l.
2218 494 2265 518 ex

1225 535 1469 582 Hegesandro
1503 535 1633 581 affert,
1674 536 1808 572 eadem
1841 537 1945 585 apud
1973 539 2099 586 Etym.
2138 541 2192 576 M.
2226 552 2263 578 v.

1225 589 1335 642 Ἀργὼ
1355 592 1563 628 afferuntur
1579 606 1625 629 ex
1640 595 1724 630 Hecr
1695 598 1847 644 gesippo
1869 595 1940 644 (fr.
1960 593 2019 646 5).

1272 803 1323 857 H
1330 802 1788 862 EGESIDEMUS
1826 804 2214 866 CYTHNIUS.

1281 940 1295 956 n
1320 925 1588 974 Hegesidemus
1614 933 1742 962 utrum
1770 927 1965 963 historiam
1984 940 2033 963 an
2049 929 2153 965 aliud
2171 931 2264 967 scri·

1221 985 1338 1032 pserit
1358 984 1483 1019 adhuc
1507 997 1652 1032 quaero,
1669 985 1901 1021 Historicum
1917 986 2071 1033 quidem
2086 995 2142 1023 est
2161 987 2266 1035 cujus

1224 1054 1336 1077 causa
1366 1042 1542 1078 laudatur
1566 1043 1688 1078 Plinio
1721 1044 1771 1078 H.
1801 1044 1847 1081 N.
1868 1044 1940 1088 IX,
1964 1043 1986 1079 8
2007 1057 2016 1079 ε
2037 1044 2185 1080 Similia
2216 1047 2264 1082 (le

1217 1113 1333 1147 puero
1371 1103 1408 1135 in
1438 1103 1545 1136 lasso
1576 1102 1664 1136 urbe
1699 1109 1955 1146 memorantur,
2000 1107 2103 1149 qu'us
2133 1116 2261 1140 amore

1221 1165 1405 1206 spectatus
1440 1157 1516 1206 (sc.
1561 1159 1779 1209 delphinus)
1816 1160 1903 1208 long
1882 1172 1924 1195 σο
1961 1168 2136 1209 tempore,
2177 1163 2265 1199 dum

1221 1217 1415 1252 abeuntem
1433 1220 1469 1251 in
1494 1218 1578 1252 litus
1602 1218 1707 1252 avide
1733 1221 1905 1265 sequitur,
1932 1221 1968 1253 in
1988 1231 2140 1255 arenam
2157 1223 2264 1256 inve-

1227 1282 1304 1309 ctus
1314 1278 1529 1323 exspiravit.
1542 1276 1702 1310 Puerum
1718 1276 1941 1311 Alexander
1954 1277 2119 1324 Magnus
2132 1279 2263 1326 Baby-

1223 1334 1305 1368 lone
1326 1335 1491 1381 Neptuni
1516 1334 1721 1369 sacerdotio
1742 1331 1934 1381 praefecit,
1971 1347 2133 1371 amorem
2161 1338 2264 1373 illum

1220 1395 1382 1426 numinis
1396 1395 1507 1440 propi
1511 1395 1551 1427 tii
1551 1390 1674 1437 fuisse
1687 1395 1955 1441 interpretatu&
1971 1395 2021 1429 In
2030 1395 2160 1430 eadem
2176 1396 2265 1431 urbe

1219 1450 1327 1485 lasso
1358 1451 1624 1496 Hegesidemus
1653 1451 1779 1486 scribit
1795 1459 1831 1486 et
1847 1453 1965 1487 alium
1985 1465 2140 1500 puerum
2162 1455 2263 1489 Her-

1219 1510 1331 1543 miam
1341 1511 1496 1552 nomine,
1514 1510 1687 1543 similiter
1700 1513 1823 1544 maria
1824 1513 2137 1559 perequitantem‚
2151 1525 2261 1559 quum

1219 1570 1420 1613 repentinae
1436 1566 1794 1615 procellat-fluctibus
1813 1571 2048 1603 exanimatus
2066 1577 2175 1614 esset,
2198 1582 2259 1606 re-

1221 1624 1335 1659 latum
1356 1637 1366 1660 .·
1398 1625 1689 1673 delphinumque
1716 1637 1866 1661 causam
1890 1627 1955 1662 leti
1970 1624 2159 1672 fatentem
2188 1640 2262 1664 non

1218 1694 1396 1730 reversum
1408 1687 1443 1718 in
1458 1687 1590 1727 maria,
1605 1691 1715 1731 atque
1728 1686 1767 1719 in
1776 1687 1871 1720 sicco
1883 1688 2105 1733 exspirasse.
2118 1686 2260 1721 Eadem

1217 1740 1343 1787 refert,
1361 1749 1474 1789 atque
1496 1741 1786 1791 Hegesidemum
1795 1743 1965 1779 similiter
1991 1743 2120 1779 laudat
2140 1745 2258 1781 Solin.

1218 1812 1252 1834 c.
1280 1798 1338 1837 18.
1376 1815 1392 1831 υ
1413 1801 1585 1837 Vossius.
1622 1800 1821 1846 Cythnium
1856 1808 2052 1837 auctorem
2087 1803 2262 1839 nominat

1217 1858 1357 1892 Plinius
1376 1858 1444 1893 lib.
1467 1859 1484 1893 Ι
1506 1858 1605 1894 inter
1623 1858 1744 1893 sontes
1759 1858 1848 1894 libri
1865 1859 1936 1896 IX.
1953 1859 2123 1895 Eandem
2141 1860 2261 1896 histo-

1214 1917 1310 1951 riam
1326 1916 1442 1952 flisius
1456 1923 1586 1952 narrat
1609 1917 1784 1964 Myrsilus
1812 1917 1968 1954 Lesbius
1987 1929 2048 1966 ap.
2065 1918 2257 1955 Plutarch.

1215 1976 1271 2010 De
1283 1975 1424 2012 sollert.
1445 1975 1558 2013 anim.
1580 1987 1611 2011 c.
1629 1974 1694 2020 36,
1710 1987 1753 2023 p.
1770 1975 1846 2023 984
1867 1976 1911 2014 E.
1929 1976 1985 2011 Ex
2009 1977 2259 2025 Hegesidemo

1214 2031 1364 2069 fluxisse
1395 2034 1568 2082 suspicor
1587 2046 1669 2081 quae
1697 2033 1890 2071 Plutarch.
1912 2034 1940 2072 l.
1970 2034 1997 2070 l.
2033 2034 2080 2070 de
2099 2035 2260 2076 Coerano

1214 2092 1328 2127 Pario
1350 2092 1485 2136 tradit,
1509 2093 1575 2140 qui
1599 2093 1696 2128 inter
1711 2091 1848 2128 Parum
1873 2098 1911 2127 et
1935 2093 2081 2129 Naxum
2109 2093 2260 2130 naufra-

1215 2151 1320 2198 gium
1335 2162 1464 2199 passus
1481 2162 1502 2186 a
1528 2150 1712 2199 delphino
1729 2151 1769 2188 in
1789 2150 1975 2198 Cythnum
1994 2149 2196 2201 (corrupte
2213 2153 2258 2188 li-

1217 2207 1280 2243 bri
1297 2205 1481 2258 Σικύνθου)
1504 2208 1648 2244 delatus
1663 2209 1709 2244 sit
1724 2205 1814 2244 κατὰ
1834 2205 2020 2253 σπήλαιον,
2049 2206 2068 2245 ὃ
2087 2207 2258 2246 δείκνυται

1215 2263 1318 2316 μέχρι
1337 2267 1408 2311 νῦν,
1419 2264 1478 2302 καὶ
1495 2266 1653 2302 καλεῖται
1672 2264 1872 2317 Κοιράνειον
1892 2266 1968 2302 κτλ.
1984 2286 2034 2293 -
2047 2268 2256 2316 Hegesida-

1213 2337 1337 2369 mum,
1367 2326 1586 2374 magistrum
1615 2326 1764 2374 Hippiae
1785 2326 1885 2370 Elei,
1914 2333 2100 2362 memorat
2126 2326 2259 2363 Suidas

1213 2395 1250 2420 v.
1275 2379 1425 2424 Ἱππίας.

1213 2591 1658 2650 HEGESIPPUS
1689 2590 2251 2650 MECYBERNAEUS.

1263 2712 1442 2760 Stephan.
1462 2713 1551 2760 Byz.
1572 2724 1581 2749 :
1602 2709 1836 2762 Μηκύὸερνα,
1851 2709 1950 2754 πόλις
1969 2710 2179 2760 Παλλήνης.
2193 2714 2255 2758 τῆς

1211 2769 1245 2805 ἐν
1259 2769 1384 2821 Θράκῃ
1406 2768 1639 2821 Χερρονήσου.
1657 2769 1843 2812 Ἑκαταῖος
1862 2769 2032 2821 Εὐρώπῃ.
2051 2768 2096 2810 ‘O
2111 2769 2255 2815 πολίτης

1210 2826 1491 2878 Μηκυῧερναῖος·
1524 2826 1630 2870 οὕτως
1660 2826 1726 2877 γὰρ
1763 2826 2000 2878 ἀναγράφεται
2031 2825 2254 2877 Ἡγήσιππος

1209 2887 1226 2921 ὃ
1237 2884 1279 2921 τὰ
1294 2884 1525 2931 Παλληνιακὰ
1540 2883 1769 2936 συντεταχὼς,
1780 2884 1839 2921 καὶ
1855 2884 2053 2927 Φιλωνίδης
2066 2884 2126 2921 καὶ
2137 2884 2252 2923 ἄλλοι.

1207 2997 1291 3020 vem.
1311 2989 1510 3029 Hegesander
1523 2989 1555 3020 in
1570 2989 1813 3020 Commentariis
1821 2988 1861 3020 de
1869 2989 1886 3003 *
1894 2989 1910 3005 *
1923 2988 2004 3019 hanc
2012 2988 2052 3021 de
2065 2989 2102 3019 iis
2112 2988 2252 3020 fabulam

1205 3043 1334 3071 narrat:
1350 3053 1366 3067 ‹-
1382 3040 1531 3080 Alcyonei
1544 3041 1676 3080 gigantis
1689 3040 1762 3071 filioe
1776 3040 1904 3072 suerunt
1918 3039 2115 3080 [Phthonia,]
2129 3040 2251 3072 Chtho-

1208 3091 1272 3130 nia,
1284 3091 1399 3130 Ambe,
1413 3092 1573 3130 Methone,
1585 3091 1726 3131 Alcippe,
1740 3090 2014 3135 PallenehDrimQ
2030 3091 2160 3122 Asteria.
2174 3093 2252 3123 Haec

1206 3145 1276 3183 post
1289 3145 1388 3184 patris
1400 3144 1524 3175 obitum
1551 3144 1592 3175 de
1615 3145 1818 3183 Canastraeo,
1841 3142 1928 3183 quod
1948 3144 1997 3174 est
2018 3143 2161 3175 Pallenes
2179 3152 2252 3183 pro-

1206 3195 1400 3227 montorium
1409 3219 1419 3235 ,
1433 3195 1465 3227 in
1479 3204 1566 3227 mare
1578 3204 1612 3226 se
1623 3194 1802 3235 praecipites
1813 3193 1985 3231 dederunt;
2000 3193 2042 3225 ab
2058 3194 2251 3234 Amphitrite

1206 3256 1281 3279 vero
1297 3249 1329 3279 in
1353 3256 1429 3280 aves
1453 3249 1586 3279 mutatae
1598 3247 1638 3279 de
1654 3249 1744 3288 patre
1768 3246 1923 3286 Alcyones
1938 3246 2104 3287 appellatae
2128 3248 2214 3279 sunt.
2232 3259 2247 3274 n

1205 3299 1253 3330 Ab
1264 3299 1311 3330 his
1320 3298 1387 3331 dies
1398 3299 1500 3331 sereni
1513 3299 1545 3331 et
1556 3299 1650 3331 maris
1662 3298 1928 3338 tranquillitatem>
1938 3296 2090 3330 habentes
2105 3298 2248 3338 Alcyonii

1207 3351 1374 3382 vocantur.

1246 3406 1328 3444 Argo
1344 3403 1433 3434 navis
1452 3402 1524 3434 inde
1538 3411 1654 3435 nomen
1667 3402 1762 3434 habet
1771 3426 1780 3440 ,
1797 3401 1882 3442 quod
1895 3402 1986 3435 estin
2000 3401 2145 3443 Argolide
2157 3410 2244 3434 com-

1205 3456 1296 3494 pacta
1307 3477 1316 3494 ,
1330 3455 1367 3487 ut
1383 3454 1426 3486 ait
1440 3454 1639 3495 Hegesander
1654 3453 1854 3487 Salaminius.
