2372 3704
90 238 163 268 6⁴28

89 313 148 351 καὶ
166 312 228 359 τὴν
258 314 357 364 δρῦν
371 328 409 364 χ.
432 327 451 350 e
481 315 568 351 cod.
589 316 662 353 Vit.
687 322 723 350 et
745 316 821 353 Ciz.
838 317 883 351 ln
899 315 974 351 fine
990 328 1063 364 pro
1088 317 1134 358 ὡς

89 372 148 408 καί
167 387 251 423 φησι
266 371 493 414 Ἀπολλώνιος
509 374 590 422 lege
606 371 653 415 ὥς
669 387 752 424 φησι
764 372 841 412 Ἀπ.
858 375 1034 410 Ceterum
1049 387 1135 410 cum

89 430 311 467 Sebastiano
337 430 422 480 (ap.
443 432 594 469 Miiller.
613 432 663 467 ad
687 433 804 468 schol.
830 434 950 469 Tzetz.
969 445 1010 480 p.
1034 431 1133 480 633)

90 498 213 525 statuo
254 491 423 526 Tzetzem
455 490 637 527 Charonis
663 492 920 526 narrationem
947 489 1016 540 (fr.
1050 491 1132 539 12),

93 549 240 595 qualem
260 548 500 584 habetschol.
516 549 712 596 Apollonii
728 562 812 584 cum
827 550 900 584 alia
912 549 1135 595 confudisse,

89 618 368 654 perperamque
383 607 430 641 ab
448 619 494 642 eo
515 608 622 642 citari
639 607 852 644 Charonem
865 635 874 651 ,
897 607 1002 653 cujus
1025 620 1135 642 men-

90 665 231 700 tionem
252 677 331 699 non
350 664 501 700 aliunde
519 666 588 700 nisi
604 677 649 700 ex
669 666 755 713 ipsis
783 665 916 701 scholl.
933 665 982 700 ad
1000 666 1127 713 Apoll.

86 724 302 771 arripuerit.
334 724 411 758 Nec
431 723 552 758 minus
573 724 804 772 negligenter
835 725 983 759 Tzetzes
1014 724 1135 771 ipsum

90 782 340 828 Apollonium
361 782 473 826 citat;
498 782 528 816 is
555 782 653 816 enim
677 789 806 816 narrat
837 781 1040 816 Parrhaebii
1069 793 1135 828 pa-

94 846 190 873 trmn
211 852 408 886 quercum,
428 839 695 886 hamadryadis
711 840 850 884 sedem,
873 840 1006 887 spretis
1025 851 1136 886 nym-

94 897 178 943 pha»
209 897 385 944 precibus
415 897 610 942 cecidisse,
639 897 756 944 idque
792 897 842 932 ob
871 897 1015 932 facinus
1042 898 1136 932 iram

92 955 268 1002 nymphae
292 961 490 1002 expertum
518 967 609 991 esse.
639 956 760 990 Porro
792 967 874 1002 quae
892 954 939 990 de
967 955 1134 1000 Arcade,

92 1013 160 1047 Joxv
168 1014 195 1047 is
210 1013 268 1047 vel
281 1013 467 1060 Apollinis
482 1011 574 1055 filio,
594 1012 717 1059 deque
737 1012 817 1059 ejus
837 1025 882 1048 ex
895 1013 1137 1061 Chrysopelia

92 1071 220 1106 liberis
239 1072 303 1107 Tz.
325 1070 453 1114 habet,
476 1082 517 1105 ea
537 1072 695 1118 sumpsit
713 1083 758 1105 ex
779 1070 1021 1118 Apollodoro
1043 1072 1076 1118 1,
1094 1083 1135 1120 9,

97 1140 130 1174 1,
147 1141 191 1163 ex
209 1140 285 1175 quo
305 1140 376 1176 pro
398 1126 639 1178 Προσοπέλεια
656 1128 926 1177 corrigendum
952 1135 1006 1164 est
1033 1130 1136 1179 Χρυ-

93 1185 271 1221 σοπέλεια.
287 1185 431 1232 Quodsi
445 1187 529 1233 quis
540 1187 697 1222 miretur
711 1187 896 1233 ejusmodi
907 1200 1034 1223 rerum
1049 1201 1137 1223 con-

94 1244 293 1294 fusionem,
313 1256 448 1291 parum
463 1244 524 1279 ille
543 1245 650 1279 novit
666 1245 788 1292 qualis
807 1246 955 1280 Tzetzes
974 1246 1031 1281 vir
1050 1246 1108 1283 sit.

146 1360 398 1397 XANTHUS.
420 1360 514 1396 Cum
543 1361 687 1397 Xanthi
715 1361 930 1410 fragmentis
952 1361 999 1397 de
1026 1362 1139 1398 rebus

92 1420 290 1467 Lydorum
304 1419 460 1454 omnino
478 1419 733 1467 comparanda
746 1427 831 1455 sunt
843 1433 924 1467 quae
942 1419 990 1455 de
1006 1420 1138 1455 iisdem

94 1479 271 1525 leguntur
315 1478 354 1512 in
385 1478 530 1513 Nicolai
562 1479 784 1514 Damasceni
822 1477 954 1526 fragm.
997 1491 1136 1527 22-29,

97 1535 230 1572 62-65.
243 1535 292 1571 68
306 1563 315 1584 ,
330 1547 409 1583 prae
425 1537 557 1571 ceteris
570 1549 660 1572 vero
678 1537 1011 1572 luculentissimum
1026 1538 1072 1574 fr.
1090 1542 1139 1586 49

96 1597 211 1642 (tom.
230 1595 303 1642 111,
322 1606 361 1640 p.
385 1593 558 1630 380-386
572 1594 598 1643 ).
631 1596 724 1630 Satis
746 1596 846 1630 enim
865 1596 983 1642 liquet
1001 1597 1139 1631 Dama—

95 1664 249 1687 §cenum
270 1664 335 1686 sua
355 1663 399 1686 cx
419 1653 554 1687 Nostro
572 1664 647 1687 esse
666 1660 893 1690 mutuatum.

148 1712 191 1746 P.
217 1711 287 1758 36,
316 1710 360 1746 fr.
399 1723 420 1745 2
454 1718 547 1747 extr.
581 1711 821 1747 scribendum
851 1718 935 1748 est:
964 1709 1024 1747 καὶ
1039 1709 1139 1753 αὐτὸς

98 1766 175 1809 τοὺς
203 1765 334 1809 Λυδοὺς
354 1766 503 1814 ἐδίδαξε,
522 1767 582 1804 καὶ
602 1767 645 1805 τὰ
663 1768 752 1818 μέλη
770 1766 825 1805 διὰ
844 1771 944 1806 τοῦτο
959 1768 1140 1820 Τορρήὸια

102 1825 272 1862 ἐκιλεῖτο.
290 1826 384 1862 Vide
397 1833 479 1864 not.
499 1827 547 1862 ad
559 1828 823 1864 NicolaiDam.
840 1827 886 1864 fr.
906 1840 952 1863 22
966 1855 975 1873 ,
991 1841 1029 1876 Ρ.
1047 1828 1137 1874 370.

154 1887 237 1933 Pag.
262 1885 321 1930 37.
343 1885 391 1923 fr.
419 1884 439 1920 5
463 1898 501 1922 a.
529 1886 720 1923 ——Schol.
750 1889 881 1924 Venet.
907 1894 945 1922 et
973 1888 1138 1924 Vatican.

100 1950 108 1986 ιζ
132 1945 194 1978 02¹.
215 1942 351 1979 Cobet.
368 1942 379 1992 )
399 1942 447 1978 ad
461 1944 589 1991 Eurip.
609 1944 796 1982 Androm.
819 1957 887 1990 10,
903 1945 969 1979 ubi
989 1945 1140 1981 Andro·

98 2006 207 2035 uit-:la
243 2001 335 2036 (licit
359 2014 366 2035 :
403 1999 504 2037 πόσιν
527 1999 588 2049 μὲν
616 1999 760 2053 “Έκτορ’
788 2000 821 2044 ἐξ
853 2000 1037 2052 Ἀχιλλέως
1059 2003 1141 2040 Θα-

96 2058 145 2093 vr}-
162 2060 186 2093 ε’
206 2058 333 2095 ἐσεῖδον
346 2087 357 2107 ,
375 2057 487 2095 παῖδά
501 2058 529 2096 θ’
549 2058 585 2096 ὃν
603 2058 709 2097 τίκτω
723 2059 824 2097 πόσει
849 2058 1032 2112 Ῥιφθέντα
1053 2060 1140 2112 πύρ-

96 2131 128 2165 γι,
157 2143 160 2147 .
180 2115 402 2154 Ἀστυάνακτ’
415 2117 475 2152 ἀπ’
491 2116 627 2168 ὀρθίων.
640 2119 701 2154 Ad
712 2119 789 2154 haec
801 2119 919 2157 schol.
939 2133 947 2154 :
966 2120 1143 2161 Λυσανίας

97 2189 138 2209 κο
168 2179 285 2226 ῃγορεῖ
304 2174 493 2226 Εὐριπίδου
507 2205 516 2221 ,
538 2178 654 2218 κακῶς
669 2175 779 2226 λέγων
802 2176 905 2214 αὐτὸν
929 2175 1142 2228 ἐξειληφέναι

95 2231 133 2268 τὸ
154 2235 234 2283 παρ’
255 2231 406 2284 (Ομῆρῳ
434 2234 501 2282 (11.
520 2249 567 2278 ω,
599 2234 695 2284 734)
715 2233 848 2285 λεχθέν·

630 2334 648 2370 ἦ
662 2344 705 2369 τις
718 2333 848 2373 Ἀχαιῶν

221 2377 300 2418 ῥίψει
311 2378 411 2418 χειρὸς
425 2379 500 2408 ἑλὼν
514 2378 576 2410 ἀπὸ
589 2379 717 2419 πύργου·

97 2459 163 2509 οὐχ
176 2460 224 2501 ὡς
240 2457 376 2501 πάντως
386 2459 614 2509 γενησόμενον
632 2461 702 2510 (sic
718 2463 830 2507 Cob.;
846 2462 1025 2511 γενόμενον
1038 2462 1143 2513 νεη,

98 2515 299 2566 γιγνόμενον
321 2521 403 2554 Vat.
424 2517 458 2566 ),
487 2518 563 2554 ἀλλ’
586 2518 803 2567 εἰκαζόμενον
823 2520 916 2555 ἐστιν
937 2521 998 2555 ὑπ’
1018 2522 1142 2568 αὐτῆς,

99 2578 145 2616 ὁς
175 2575 203 2611 εἰ
233 2574 330 2624 ἔλεγε
359 2575 690 2620 κατακαυθήσεσθαι
717 2576 774 2614 τὸν
795 2577 903 2614 παιδα
934 2577 956 2623 ἤ
987 2594 1019 2615 τι
1041 2579 1140 2618 ἄλλο.

99 2631 267 2683 [Eoiv]60v
278 2631 312 2668 δὲ
331 2633 386 2669 τὸν
404 2633 564 2670 Λυδιακὰ
582 2633 722 2684 [συντάξ
725 2634 831 2685 αν]τά
853 2649 956 2686 φασιν
969 2651 1021 2673 οτι
1041 2638 1144 2689 Εὐρι-

99 2690 182 2741 πίδτ,
203 2690 344 2735 σύνηθες
361 2691 543 2742 προσέχειν
561 2691 638 2743 περὶ
656 2693 726 2734 τοῖς
745 2693 916 2744 Ἱρωικοῒς
920 2722 1065 2733 .........
1076 2701 1145 2739 τοῖς

100 2747 423 2799 οὲχργσιμωτέροις
427 2777 509 2788 ......
531 2765 615 2801 φοις.
633 2750 847 2803 Στησίχορον
864 2751 979 2801 μέντοι
999 2754 1143 2806 ἱστορεῖν

99 2805 151 2843 σ’τι
190 2821 225 2842 τε
229 2806 366 2852 Ονήκοι,
403 2822 462 2844 και
485 2823 541 2844 τον
569 2809 630 2854 τὴν
667 2809 820 2861 Περσίδα
857 2810 1123 2861 συντεταχότα..

101 2864 246 2910 ποιητὴν
262 2864 314 2901 ὅτι
334 2879 393 2901 και
413 2867 482 2902 ἀπὸ
500 2870 558 2904 τοῦ
575 2867 708 2918 τείχους
730 2867 1145 2918 ῥιφειη.811ΡΡΙεῐιιθῐιῑει

100 2931 185 2960 sunt
221 2925 364 2962 Cobeti.
403 2926 523 2973 igitur
559 2927 654 2962 dixit
695 2928 893 2964 scholiasta
929 2930 1143 2977 Xanthum,

99 2984 335 3033 Lydicorum
353 2993 544 3022 auctorem
558 3014 566 3031 ‚
581 2987 628 3022 de
642 2988 755 3023 rebus
766 2989 908 3024 Troicis
920 2990 1144 3039 plerumque

101 3043 224 3078 facere
245 3055 331 3077 cum
351 3044 545 3090 Euripide.
561 3045 660 3090 Quid
674 3058 764 3080 vero
782 3047 916 3082 deinde
929 3056 1062 3084 auctor
1076 3063 1143 3085 vo-

54 3147 57 3150 ,
100 3101 214 3136 luerit
229 3101 282 3135 ob
312 3101 463 3136 lacunas
495 3109 547 3137 est
579 3104 811 3151 ambiguum
835 3106 956 3141 Scribi
993 3108 1045 3143 ita
1068 3121 1143 3156 Ρο-

101 3166 195 3195 test:
237 3187 245 3194 .
267 3172 347 3209 περι
363 3160 431 3194 τῶν
449 3160 631 3210 Τρωικῶν·
650 3162 716 3211 οὐχ
732 3160 838 3203 οὕτως
860 3161 895 3199 δὲ
909 3161 969 3208 τὴν
990 3166 1143 3216 ιστορίαν

102 3213 199 3284 παρὰ
216 3228 284 3256 τοις
298 3214 458 3258 ἄλλοις”
440 3230 531 3266 εχειν
550 3217 617 3259 τοῖς
639 3233 676 3267 γε
696 3219 972 3271 χρησιαοπέροις
998 3223 1142 3273 ἱστοριο-

101 3275 261 3324 γράφοις,
275 3286 299 3308 v
302 3275 335 3309 el
347 3275 526 3310 similem'
518 3289 556 3310 111
567 3279 802 3322 sententiam,
820 3286 861 3313 ut
875 3279 974 3315 dicat
986 3289 1140 3317 auctor:

101 3331 294 3366 Xanthum
315 3344 468 3380 quoque
490 3346 561 3381 pro
579 3348 684 3370 more
706 3349 772 3371 suo
788 3338 908 3384 ipsum
925 3339 1143 3387 Euripidem

104 3397 273 3426 secutum
290 3402 444 3427 narrare
459 3396 717 3439 Astyanactcm
734 3397 903 3441 periisse,
922 3410 1051 3432 verum
1068 3411 1144 3433 non

813 229 1054 268 ADDENDA
1085 230 1150 268 ΕΤ
1179 226 1472 270 CORRIGEND
1481 230 1521 268 A.

2076 277 2091 293 0

1196 318 1246 354 ita
1263 329 1301 352 se
1318 330 1398 353 rem
1420 317 1558 352 habere
1577 317 1679 364 apud
1704 316 1870 351 melioris
1897 323 1996 351 notae
2014 316 2258 365 scriptores;-

1197 388 1428 424 quamquam
1442 383 1564 424 poetae
1583 375 1818 411 Stesichorus
1844 382 1882 410 et
1896 375 2071 410 Arctinus
2084 374 2096 423 (
2111 387 2146 413 v.
2165 375 2238 422 Cy-

1196 435 1245 469 cli
1264 447 1324 482 ep.
1346 435 1393 472 fr.
1417 434 1466 470 ad
1485 435 1623 469 calcem
1640 434 1797 469 Homeri
1817 446 1858 480 p.
1881 431 1952 477 584
1969 433 2100 470 Didot.
2118 433 2130 481 )
2153 445 2241 468 eum

1196 493 1347 539 periisse
1376 492 1424 528 de
1454 493 1549 527 turri
1576 491 1764 538 dejectum
1792 490 1986 527 finxissent
2015 490 2088 538 (cf.
2121 491 2240 526 schol.

1198 551 1310 588 Hom.
1327 551 1353 587 l.
1377 551 1403 587 1.
1423 550 1447 594 l.
1468 552 1526 585 Ita
1546 562 1638 585 vero
1664 550 1692 585 si
1712 557 1936 594 statuamus,
1958 556 2023 584 aut
2049 550 2140 584 falsa
2159 555 2241 584 tra-

1198 608 1296 643 didit
1314 609 1529 653 scholiasta,
1545 615 1609 643 aut
1623 608 1850 643 Homericus
1865 607 1927 643 ille
1942 605 2128 649 Ἀστυάναξ
2149 608 2167 642 ὁ
2181 604 2242 643 καὶ

1198 665 1458 715 Σκαμάνδριος,
1479 666 1654 701 Hectoris
1670 673 1708 701 et
1728 665 2010 702 Andromaches
2027 665 2147 710 filius,
2165 665 2240 700 dis-

1199 724 1425 772 tinguendus
1444 731 1497 759 est
1513 724 1559 759 ab
1579 725 1654 759 alio
1678 723 1944 767 Scamandrio,
1964 724 2138 759 Hectoris
2159 722 2241 758 filio

1197 781 1317 816 notho
1329 808 1338 826 ,
1350 782 1406 816 uti
1421 781 1508 817 fecit
1518 782 1760 817 Anaxicrates
1774 783 1813 816 in
1827 779 2032 831 Ἀργολικοῖς
2046 793 2109 829 ap.
2119 781 2240 816 schol.

1197 841 1330 875 Venet.
1361 841 1399 874 in
1419 840 1607 876 Androm.
1632 844 1705 882 224
1725 839 1826 888 (vid.
1846 848 1939 878 tom.
1962 841 2032 885 IV,
2053 852 2094 888 p.
2119 840 2242 887 301),

1200 898 1354 945 ipseque
1393 898 1592 946 Euripides
1624 897 1773 934 finxisse
1805 899 1918 934 debet
1958 911 1996 936 v.
2032 903 2106 942 224
2123 925 2134 943 ,
2178 899 2245 934 ubi

1199 957 1317 1004 spurii
1354 957 1526 992 Hectoris
1556 955 1623 991 filii
1642 969 1663 992 a
1682 963 1796 1004 poeta
1827 964 2100 1004 memorantur.
2124 957 2245 993 Nimi-

1198 1025 1283 1048 rum
1303 1014 1437 1049 Strabo
1458 1026 1478 1049 e
1494 1014 1648 1049 Xantho
1668 1013 1677 1063 (
1695 1014 1741 1051 fr.
1757 1013 1778 1050 5
1798 1014 1807 1063 )
1828 1015 1943 1050 refert
1957 1014 2245 1050 Scamandrium

1199 1078 1286 1119 post
1315 1072 1451 1107 Troica
1470 1072 1636 1120 Phryges
1662 1085 1712 1108 ex·
1738 1074 1890 1121 Europa
1910 1074 1949 1108 in
1968 1073 2093 1108 Asiam
2120 1079 2243 1108 trans-

1200 1129 1361 1166 duxisse.
1374 1131 1492 1165 Porro
1504 1142 1550 1165 ex
1565 1131 1651 1166 Asia
1667 1132 1705 1166 in
1722 1132 1911 1179 Europam
1927 1131 2140 1179 profectum
2155 1132 2261 1169 Sca·.

1198 1188 1414 1224 mandrium
1443 1188 1537 1224 dicit
1558 1189 1702 1225 Xanthi
1720 1197 1882 1225 sectator
1902 1190 2076 1225 Nicolaus
2106 1191 2245 1225 Dama·

1198 1258 1330 1281 scenus
1346 1246 1392 1284 fr.
1415 1258 1463 1295 29
1483 1248 1492 1294 (
1508 1254 1602 1284 tom.
1626 1249 1680 1282 ΙΙΙ
1694 1274 1705 1292 ,
1722 1260 1763 1296 Ρ.
1786 1247 1860 1293 373
1872 1247 1902 1296 ..)
1922 1247 1996 1283 Sed
2012 1260 2060 1283 ne
2075 1248 2261 1295 spurium¹

1197 1304 1299 1339 hunc
1315 1305 1488 1340 Hectoris
1501 1305 1619 1340 filium
1633 1305 1808 1340 Xanthus
1827 1305 1964 1340 dixerit
1983 1305 2078 1340 illud
2096 1305 2249 1340 videtur

1200 1362 1369 1409 obstare,
1390 1363 1496 1410 quod
1516 1364 1652 1399 diserte
1675 1363 1779 1412 apud
1809 1364 2007 1399 Nicolaum
2037 1361 2248 1412 appellatur

1202 1421 1219 1456 ὃ
1238 1418 1407 1471 ’Έκτορος
1427 1419 1488 1458 καὶ
1515 1419 1766 1471 Ἀνδρομάχης.
1791 1423 1890 1458 Fieri
1915 1429 2037 1458 tamen
2060 1429 2182 1470 potest
2201 1430 2244 1458 ut

1204 1479 1486 1516 Andromaches
1505 1481 1647 1516 mentio
1668 1480 1714 1515 ab
1738 1481 1819 1527 ipso
1833 1481 1992 1515 Nicolao
2012 1481 2070 1516 vel
2085 1480 2165 1526 ejus
2180 1493 2244 1516 ex-

1203 1545 1377 1584 cerptore
1395 1538 1527 1574 addita
1553 1540 1611 1574 sit.
1639 1540 1684 1573 Et
1713 1539 1786 1573 hoc
1812 1538 1890 1573 fere
1918 1538 2155 1574 crediderim.
2181 1540 2258 1575 Sin.

1201 1597 1324 1631 minus
1336 1624 1345 1640 ,
1365 1597 1551 1632 scholium
1573 1598 1625 1632 ita
1645 1597 1742 1632 soret
1767 1595 2026 1644 retingendum
2038 1625 2049 1644 ,
2065 1604 2107 1631 ut
2120 1609 2257 1633 sensus.

1201 1654 1248 1689 sit
1266 1667 1274 1689 :
1297 1656 1492 1690 Xanthum
1522 1655 1672 1701 dicunt,
1693 1656 1761 1691 etsi
1788 1656 2014 1703 plerumque
2032 1655 2079 1690 de
2101 1657 2246 1692 Troicis

1201 1712 1315 1748 rebus
1346 1713 1565 1761 Euripidem
1591 1714 1697 1760 sequi
1728 1713 1864 1756 soleat,
1895 1713 1932 1747 in
1961 1713 2031 1748 hac
2054 1719 2180 1749 tamen
2202 1725 2246 1750 re

1200 1771 1486 1819 probatioribus
1516 1784 1554 1807 se
1587 1771 1774 1807 addixisse
1805 1771 2034 1806 auctoribus.
2069 1771 2245 1809 Ceterum

1203 1828 1310 1875 quod
1328 1829 1519 1866 Xanthum
1553 1830 1686 1864 attinet
1703 1828 1850 1876 Lydica
1877 1841 1942 1863 sua
1976 1828 2024 1864 ad
2052 1829 2246 1878 Euripidis

1205 1886 1350 1922 fabulas
1362 1886 1715 1922 accommodantem
1727 1913 1736 1931 ,
1753 1886 1833 1921 noli
1850 1887 2017 1935 cogitare
2030 1885 2075 1922 de
2096 1893 2244 1923 vetusto

1204 1943 1406 1990 historico,
1431 1945 1496 1992 qui
1513 1945 1713 1980 Herodoto
1733 1940 1793 1984 τὰς
1808 1940 1965 1994 ἀφορμὰς
1979 1942 2164 1980 δεδωκέναι
2182 1945 2245 1981 di-

1205 2003 1318 2047 citur,
1335 2003 1401 2038 sed
1416 2003 1527 2038 istum
1542 2003 1708 2050 intellige
1724 2002 2053 2038 Pseudoxanthum
2065 2028 2076 2047 ,
2095 2004 2246 2052 qualem

1204 2060 1403 2108 Dionysius
1419 2061 1719 2108 Scytobrachion
1737 2060 1963 2098 efformavit.
1981 2061 2156 2109 Denique
2174 2063 2246 2110 Ly-

1205 2119 1348 2164 sanias,
1376 2119 1441 2166 qui
1465 2131 1527 2167 ap.
1563 2119 1799 2154 scholiastam
1830 2119 1983 2162 citatur,
2016 2131 2247 2168 magnopere

1204 2189 1340 2212 vereor
1357 2190 1404 2212 ne
1428 2189 1506 2212 esse
1526 2176 1660 2212 debeat
1678 2176 1944 2224 Lysimachus,
1973 2189 2086 2224 quem
2115 2179 2248 2225 saepius

1203 2235 1242 2269 in
1273 2233 1405 2270 iisdem
1429 2235 1579 2270 scholiis
1606 2234 1800 2270 laudatum
1819 2233 1988 2269 videmus
2002 2261 2012 2278 ‚
2038 2241 2079 2269 ut
2096 2235 2136 2269 in
2155 2247 2244 2282 sqq.

1203 2293 1251 2328 ad
1267 2293 1453 2329 Androm.
1469 2306 1506 2331 v.
1527 2297 1572 2335 24
1593 2293 1703 2339 (Lys.
1722 2291 1766 2328 fr.
1787 2291 1887 2340 13),
1903 2291 1949 2327 33
1968 2291 2041 2340 (fr.
2064 2291 2150 2340 14),
2171 2292 2246 2328 888

1204 2351 1214 2399 (
1235 2351 1280 2388 fr.
1306 2351 1350 2386 18
1364 2352 1373 2398 )
1388 2359 1426 2386 et
1438 2353 1475 2386 in
1489 2352 1605 2388 schol.
1621 2353 1704 2387 Vat.
1722 2350 1770 2386 ad
1789 2349 1927 2385 Troad.
1947 2350 1991 2385 31
2009 2377 2020 2395 ,
2038 2350 2106 2386 ubi
2125 2351 2248 2391 Persis

1203 2411 1349 2444 Arctini
1370 2422 1415 2445 ex
1435 2422 1480 2445 eo
1502 2409 1687 2453 laudatur,
1707 2409 1816 2444 sicuti
1834 2415 1965 2443 nostro
1994 2409 2107 2457 loco3
2131 2421 2246 2456 quem

1204 2468 1235 2502 si
1266 2475 1386 2503 totum
1420 2467 1468 2503 ad
1508 2468 1708 2515 Lysaniam
1737 2467 1803 2513 qui
1837 2466 1978 2502 dicitur
2006 2467 2247 2502 referendum

1205 2537 1279 2561 esse
1293 2527 1518 2562 concesseris
1533 2553 1543 2570 ,
1561 2527 1727 2573 sequitur
1742 2536 1820 2559 non
1837 2536 1946 2572 posse
1960 2525 2116 2572 intelligi
2136 2526 2248 2573 Lysa-

1204 2584 1307 2618 niam
1343 2584 1562 2631 Cyrenaeum
1575 2609 1586 2627 ,
1621 2582 1746 2630 operis
1784 2581 1831 2616 de
1868 2582 1991 2629 poetis
2028 2588 2245 2627 auctorem,

1206 2642 1349 2690 quip'pe
1374 2643 1439 2689 qui
1468 2641 1724 2676 Eratosthenis
1748 2646 1960 2688 praeceptor
1990 2640 2060 2675 fuit
2088 2640 2247 2689 (Suidas

1205 2712 1240 2736 v.
1255 2698 1437 2749 Ἐρατοσθ.
1452 2696 1480 2749 ),
1499 2699 1663 2745 ideoque
1682 2705 1786 2732 aetate
1802 2698 1911 2745 longe
1925 2710 2103 2746 superare
2119 2697 2248 2734 debuit

1206 2758 1533 2793 Pseudoxanthum
1544 2757 1621 2792 sive
1630 2757 1850 2803 Dionysium
1868 2756 2241 2803 Scytobrachionem.

1205 2816 1346 2864 Sponte
1363 2817 1477 2864 igitur
1494 2828 1531 2850 se
1551 2815 1661 2850 offert
1675 2813 1928 2861 Lysimachus,

1258 2875 1300 2908 P.
1322 2873 1384 2918 37,
1404 2874 1452 2910 fr.
1475 2873 1512 2909 6.
1534 2894 1586 2899 --
1605 2870 1782 2912 Ξάνθος...
1803 2869 1837 2911 ὃς
1858 2870 1917 2907 καὶ
1939 2869 1995 2906 διὰ
2010 2872 2070 2906 τοῦ
2090 2868 2246 2926 ξγρᾶφει

1205 2931 1245 2967 ἐν
1267 2929 1434 3002 τόποις,
1458 2928 1569 2967 ono'
1557 2927 1646 2972 ίτας
1663 2927 1800 2970 τούτους
1817 2928 1947 2965 καλων.
1963 2927 1977 2977 ]
1996 2929 2246 2964 Scribendum

1203 2997 1299 3037 puto
1318 2987 1480 3031 ἐντοπίως
1501 2988 1588 3024 vel'
1574 2985 1719 3037 εντοπίῳ
1736 2985 1848 3036 τύπῳ.

1258 3049 1298 3083 Ρ.
1324 3047 1388 3095 38,
1413 3048 1458 3083 fr.
1477 3060 1514 3095 9.
1531 3046 1650 3083 —Cfi
1667 3024 1863 3081 Anticlidis
1883 3044 1928 3079 fr.
1960 3043 2004 3080 18
2030 3045 2069 3079 in
2087 3045 2241 3092 Scriptt.

1205 3107 1346 3141 Rerum
1362 3106 1467 3141 Alex.
1487 3106 1537 3140 M.
1560 3117 1600 3152 p.
1629 3106 1715 3140 151.
1742 3104 1786 3137 In
1805 3103 1977 3138 versione
1994 3102 2075 3138 dele
2100 3103 2242 3139 verba.

1204 3165 1300 3199 dicis
1314 3176 1428 3198 causa
1435 3163 1713 3210 coedispoermm
1728 3169 1922 3197 sumentes.
1936 3182 1984 3188 --
1994 3162 2038 3195 In
2049 3161 2182 3209 fragm.
2201 3173 2244 3196 10

1204 3229 1290 3269 post
1308 3234 1343 3256 V.
1367 3222 1505 3256 Saldas
1524 3220 1619 3255 adde
1641 3232 1682 3256 v.
1710 3217 1856 3259 Ξάνθος.
1885 3218 1938 3256 Cf.
1964 3219 2107 3253 Nicolai
2132 3220 2240 3254 Dam.

1206 3281 1250 3315 fr.
1270 3285 1332 3328 49,
1354 3293 1394 3328 p.
1419 3279 1507 3323 382,
1527 3285 1606 3316 not.
1627 3291 1687 3326 29.

1259 3340 1298 3375 P.
1321 3338 1382 3383 38,
1402 3338 1448 3375 fr.
1475 3351 1487 3373 1
1501 3350 1532 3375 1.
1553 3358 1606 3365 —
1626 3338 1702 3374 Pro
1723 3333 1847 3386 Μόψου
1869 3336 2016 3382 corrige
2035 3331 2165 3374 Μόξου.
2186 3333 2247 3370 Cf.

1206 3398 1435 3434 Nieolausfr.
1449 3402 1512 3442 24,
1523 3410 1562 3445 p.
1577 3396 1739 3442 3741101.
1755 3418 1799 3423 --
1810 3394 1956 3430 Deinde
1973 3392 2067 3429 adde
2081 3393 2238 3440 glossam
