2372 3704
129 247 202 279 346

172 327 350 366 Αὐτεσίων
368 329 472 366 dedit
490 331 645 370 Boeckh.
667 345 712 368 ex
729 333 815 370 cod.
833 334 937 370 Vrat.
957 335 1004 370 D.
1019 347 1028 379 3
1057 334 1168 382 vulgo

120 385 312 425 Ἀντεσίων.
326 389 372 424 In
383 389 503 426 schol.
524 389 572 426 ad
592 391 647 426 Ol.
666 390 689 426 6
700 419 711 439 ‚
737 404 750 426 1
761 390 782 427 5
795 418 805 436 ,
822 391 890 426 ubi
904 391 1037 428 eadem
1052 404 1167 440 repe—

119 453 262 492 tuntur,
294 459 432 483 nomen
463 449 658 497 scriptoris
690 456 745 485 est
769 446 948 486 Ἀπεσίων.
983 450 1168 487 Autesion

118 516 206 541 sane
223 513 278 541 est
289 518 430 543 nomen
448 507 672 544 Achaicum.

544 619 751 634 ⁴000-—

402 713 891 771 AUTOCHARlS.

517 829 758 867 XPON1KA.

437 928 466 964 E
493 929 642 965 LIBRO
671 928 843 964 PRIMO.

173 1025 300 1062 Schol.
320 1025 448 1072 Apoll.
471 1023 618 1068 Rhod.‚
636 1025 699 1068 IV,
725 1027 822 1067 1470
842 1035 848 1057 z
870 1019 957 1059 “Ort
979 1021 1166 1075 (Πολύφη-

121 1096 183 1130 μος
202 1083 236 1119 ἐν
252 1081 372 1133 Μυσίᾳ
392 1080 656 1133 καταλειφθεὶς)
676 1080 738 1127 τὴν
759 1079 843 1119 Κίον
862 1078 1009 1126 ἔκτισεν,
1031 1080 1166 1132 εἴρηκεν

119 1140 315 1191 Αὖτόχαρις
335 1142 368 1177 ἐν
389 1133 518 1192 πρώτω
534 1140 694 1192 Χρόνων.

174 1198 396 1250 Αὐτόχαρις]
426 1201 479 1235 sic
509 1201 681 1236 Eudocia
715 1214 751 1249 p.
792 1202 889 1248 341,
918 1202 983 1238 ubi
1017 1202 1164 1240 eadem.

123 1259 250 1297 Schol.
282 1259 368 1294 libri
396 1271 481 1295 mss.
503 1259 677 1307 praebent
713 1257 798 1295 αὐτὸ
818 1259 939 1312 Χάρις.
971 1261 1027 1299 Cf.
1051 1262 1167 1309 Nym-

120 1317 285 1365 phodori
303 1317 348 1353 fr.
375 1317 436 1363 18,
460 1325 553 1353 tom.
575 1319 633 1362 ΙΙ,
655 1330 695 1366 p.
721 1317 808 1354 380.

216 1394 238 1422 X

388 1527 898 1586 AUTOCRATES.

540 1649 735 1687 ΑΧΑΙΚΑ

631 1757 644 1778 1
654 1772 662 1780 .

416 1834 443 1868 E
472 1834 619 1870 LIBRO
651 1834 888 1871 SECUNDO.

177 1926 375 1962 Athenaeus
385 1927 456 1971 XI,
469 1939 509 1975 p.
526 1927 615 1973 460,
628 1929 661 1963 D
675 1939 683 1964 :
702 1928 860 1975 Τιμᾶται
871 1926 906 1964 δὲ
921 1927 979 1966 καὶ
993 1929 1026 1966 ἐν
1045 1928 1167 1982 Ἀχαΐᾳ

125 1982 296 2034 Δημήτηρ
317 1983 583 2036 ποτηριοφόρος,
604 1983 696 2022 κατὰ
715 1983 778 2031 τὴν
805 1985 947 2023 Ἀνθέων
968 1986 1099 2038 χώραν,
1123 1990 1168 2031 ὡς

125 2041 349 2093 Αὐτοκράτης
365 2044 495 2094 ἱστορεῖ
515 2044 549 2080 ἐν
568 2042 717 2095 δευτέρῳ
738 2043 925 2095 Ἀχαϊκῶν.

620 2144 656 2168 2.

178 2216 282 2258 Idem
304 2217 374 2261 IX,
395 2230 435 2265 p.
456 2216 546 2266 395,
560 2220 591 2253 A
609 2229 618 2255 :
637 2217 862 2269 Αὐτοκράτης
874 2217 902 2254 δ’
919 2219 953 2255 ἐν
965 2221 1034 2261 τοῖς
1051 2218 1169 2270 Ἀχαϊ-

127 2275 197 2316 κοῒς
213 2273 272 2310 καὶ
287 2273 344 2311 τὸν
358 2275 426 2312 Δία
443 2276 574 2326 ἱστορεῖ
592 2275 802 2325 μεταὸαλεῒν
815 2276 877 2322 τὴν
897 2276 1031 2329 μορφὴν
1047 2278 1093 2320 εἷς
1107 2294 1169 2315 πε-

127 2331 299 2383 ριστερὰν,
323 2333 510 2384 ἐρασθέντα
532 2334 702 2386 παρθένου
723 2335 838 2379 Φθίας
860 2338 969 2386 ὄνομα
987 2338 1020 2374 ἐν
1040 2336 1168 2389 Αἰγίῳ.

540 2459 754 2474 -οθῡ-

513 2688 783 2728 CHRONICA.

632 2785 667 2817 2.

170 2855 399 2896 Polyphemum
416 2855 447 2887 in
467 2855 571 2895 Mysia·
581 2855 727 2887 relictum
741 2855 835 2887 Cium
861 2855 974 2887 urbem
990 2855 1168 2887 condidisse

127 2907 316 2940 Autocharis
333 2907 562 2940 chronicorum
579 2907 660 2939 libro
675 2907 789 2948 primo.

527 2995 765 3035 ACHAICA.

635 3092 666 3122 1.

169 3155 292 3187 Colitur
306 3155 337 3186 in
355 3154 470 3186 Achaia
486 3155 581 3186 etiam
598 3155 698 3186 Ceres
715 3154 932 3195 ποτηριοφόρος
943 3178 951 3191 ,
971 3154 1094 3194 pocula
1113 3162 1167 3194 qe-

128 3209 242 3242 slans,
261 3207 296 3238 ut
308 3205 406 3238 tradit
419 3207 604 3238 Autocrates
614 3206 693 3238 libro
710 3206 848 3238 secundo
862 3206 1084 3238 Achaicorum.

632 3273 665 3305 2.

168 3335 353 3367 Autocratcs
378 3333 410 3365 in
428 3333 573 3365 Achaicis
598 3333 692 3364 refert
713 3333 808 3364 etiam
825 3335 939 3365 Jovem
961 3333 992 3364 in
1012 3333 1169 3364 columbae

128 3388 263 3419 sormam
292 3394 421 3418 versum
455 3386 548 3418 fuisse
577 3385 675 3426 AEgii,
706 3394 806 3425 quum
831 3385 982 3425 virginem
1013 3385 1169 3426 deperiret

128 3438 276 3470 Phthiam
291 3436 429 3469 nomine.

511 241 910 291 AurocaAmms,
940 230 1282 294 ΑυτοοιιΑΤιε,
1312 244 1560 295 BALAGRI,
1592 245 1859 294 insumis,

1550 370 1956 427 BALAGER.

1579 469 1928 508 MAKEAONJKA.

1285 554 1414 602 steph.
1431 556 1473 590 B.
1493 568 1502 589 z
1520 554 1564 592 ”A
1578 555 1751 605 μολὸος,
1769 557 1864 599 πόλις
1879 555 2090 607 Μαγνήτων,
2100 559 2146 602 ὡς
2162 557 2278 597 Βάλα-

1232 625 1310 659 γρος
1325 611 1572 649 Μακεδονικῶν
1589 613 1663 664 (sic
1682 615 1768 653 cod.
1786 616 1927 660 Rhed.;
1947 615 2169 668 Μακεδονικῇ
2185 617 2277 668 vgo)

1233 667 1390 720 δευτέρῳ.

1284 727 1390 762 Idem
1422 740 1459 764 v,
1491 728 1686 780 Δυρράχιον
1716 743 1725 768 :
1759 730 1939 783 Βάλαγρος
1967 732 2002 769 ἐν
2033 731 2281 776 Μακεδονικοῖς

1231 782 1334 835 φησί·
1368 802 1382 818 α
1410 784 1480 823 Καὶ
1509 788 1636 824 τούτων
1671 789 1707 825 αἱ
1737 788 1854 832 πόλεις
1885 791 2124 842 Δυρραχηνοῖς
2155 805 2194 829 τε
2218 790 2279 828 καὶ

1232 842 1523 888 Ἀπολλωνιάταις
1543 845 1798 898 ἔπιδιῄρηνται.
1819 866 1835 882 »

1283 903 1390 939 Idem
1408 914 1418 941 ε
1441 901 1528 941 Ὀλ
1541 902 1696 954 ὅηλος,
1720 905 1817 949 πόλις
1843 906 2076 948 Μακεδονίας.
2100 908 2280 960 Βάλαγρος

1234 961 1481 998 Μακεδονικῶν
1504 963 1580 1011 (sic
1603 965 1742 1014 Rhed„
1763 966 1985 1012 Μακεδονική
2004 980 2078 1016 vgo
2095 967 2143 1017 )*.

1282 1021 1440 1070 Balager
1465 1021 1621 1069 quidam
1651 1023 1698 1059 ab
1727 1025 1909 1061 Antonio⁴
1929 1027 2099 1075 Diogene
2132 1026 2143 1075 (
2164 1028 2275 1064 Phot.

1230 1078 1327 1114 Bibl.
1353 1079 1440 1115 cod.
1463 1081 1534 1116 166
1550 1107 1560 1126 ,
1581 1094 1620 1130 p.
1645 1094 1712 1118 111
1730 1109 1740 1128 ‚
1766 1084 1804 1128 b,
1833 1084 1936 1120 3ved.
1964 1085 2122 1122 Bekker.
2137 1084 2148 1134 )
2166 1083 2278 1135 fingi-

1235 1143 1297 1172 tur
1312 1138 1510 1186 epistolam
1529 1139 1576 1175 de
1595 1141 1713 1176 Diniae
1732 1142 1924 1177 erroribus
1942 1142 1990 1178 ad
2016 1143 2162 1178 Philam
2184 1155 2279 1179 uxo-

1230 1208 1309 1231 rem
1322 1224 1332 1242 ‚
1351 1209 1433 1244 quae
1450 1198 1638 1246 Antipatri
1657 1197 1734 1234 filia
1762 1206 1864 1245 erat,
1897 1200 2089 1248 scripsisse
2108 1199 2119 1249 (
2138 1200 2194 1238 Cf.
2216 1201 2280 1236 In·
2321 1224 2326 1230 ·

1231 1254 1332 1290 trod.
1370 1255 1408 1289 in
1448 1255 1685 1294 Pseudocall.
1721 1269 1758 1305 p.
1791 1268 1862 1294 xix
1874 1287 1884 1303 ,
1924 1265 2004 1295 not.
2030 1258 2059 1308 ).
2105 1259 2279 1296 Ceterum

1231 1314 1435 1361 genuinum
1448 1327 1587 1349 nomen
1602 1314 1715 1362 idque
1735 1315 1838 1364 apud
1854 1316 2082 1352 Macedones
2100 1317 2278 1365 frequen-

1231 1372 1427 1416 tissimum,
1442 1380 1497 1407 est
1507 1371 1703 1423 Βάλακρος.
1718 1373 1763 1411 V.
1780 1374 1957 1412 Dindorf.
1972 1376 2012 1410 in
2025 1375 2154 1424 Steph.
2167 1375 2276 1411 Thes.

1235 1442 1263 1466 s.
1282 1442 1326 1474 v;
1344 1431 1570 1468 Valckenar.
1596 1432 1645 1467 ad
1667 1433 1850 1468 Herodot.
1873 1434 1948 1478 VI,
1972 1432 2042 1479 45,
2059 1434 2143 1472 coll.
2163 1435 2280 1470 Bern-

1235 1488 1356 1536 hardy
1377 1489 1427 1524 ad
1450 1489 1738 1526 Eratosthenem
1753 1504 1792 1539 p.
1820 1491 1884 1530 83.
1903 1513 1956 1518 —
1969 1492 2125 1530 Balacer
2141 1492 2279 1528 Nican-

1233 1546 1291 1581 dri
1310 1546 1420 1592 filius,
1434 1547 1624 1584 familiaris
1638 1556 1675 1584 et
1692 1562 1818 1584 comes
1831 1550 1965 1597 Pyrrhi
1978 1551 2087 1598 regis,
2102 1561 2178 1586 una
2193 1562 2279 1586 cum

1234 1606 1426 1641 Dinarcho
1442 1606 1452 1655 (
1471 1620 1509 1644 v,
1532 1607 1576 1644 fr.
1590 1608 1771 1643 Dinarchi
1791 1607 1801 1656 )
1825 1615 1862 1644 et
1883 1610 2071 1657 Euagora,
2090 1616 2279 1656 tamquam

1234 1665 1302 1699 τῶν
1336 1663 1444 1700 ἀθέων
1477 1663 1536 1700 καὶ
1569 1662 1755 1714 ἐξαγίστων
1794 1664 1976 1715 δογμάτων
2011 1663 2188 1712 ζηλωτὴς,
2213 1667 2279 1714 qui
2333 1681 2340 1691 ·

1235 1723 1467 1771 Proserpinae
1484 1725 1667 1772 templum
1678 1725 1922 1773 expilandum
1939 1726 2086 1773 Pyrrho
2105 1726 2276 1769 suaserit,

1235 1789 1553 1817 commemoratur
1576 1794 1636 1830 ap.
1671 1783 1829 1830 Dionys,
1855 1784 1938 1821 Hal.
1975 1785 2066 1820 Exc.
2102 1785 2158 1820 De
2186 1784 2276 1818 virt.

1234 1837 1356 1889 (tom.
1382 1841 1448 1885 lv,
1467 1845 1509 1889 'p.
1534 1840 1634 1877 2362
1652 1842 1699 1876 R.
1717 1841 1744 1891 ).

1646 1942 1863 1957 ⁴000*-

1608 2025 1693 2081 BA
1703 2025 1896 2082 SILIS.

1666 2132 1852 2170 ΙΝΔΙΚΑ.

1519 2227 1548 2262 Ε
1577 2226 1726 2262 LIBRO
1757 2226 1995 2264 SECUNDO.

1286 2319 1484 2354 Athenaeus
1497 2320 1572 2364 lx,
1591 2332 1632 2367 p.
1665 2318 1753 2366 390,
1769 2320 1797 2354 B
1824 2331 1831 2353 z
1852 2315 1996 2359 Βάσιλις
2015 2315 2049 2353 δὲ
2070 2316 2105 2353 ἐν
2123 2314 2272 2367 δευτέρῳ

1236 2377 1305 2413 τῶν
1322 2375 1490 2414 Ἰνδικῶν·
1502 2393 1518 2408 «ι
1538 2377 1585 2414 Οἱ
1602 2375 1734 2427 μικροὶ,
1754 2375 1872 2427 φησὶν,
1896 2375 2029 2427 ἄνδρες,
2046 2375 2076 2411 οἱ
2091 2374 2160 2417 τοῖς
2176 2375 2278 2426 γερά-

1236 2448 1303 2476 νοις
1322 2436 1572 2483 πολεμοῦντες,
1593 2432 1743 2485 πέρδιξιν
1758 2432 1913 2484 ὀχήματι
1940 2434 2106 2484 χρῶνται,
2131 2447 2146 2466 ιι

1286 2490 1582 2541 Agatharchides
1590 2493 1747 2529 Demari
1762 2493 1892 2528 Rubro
1901 2504 1962 2540 ap.
1975 2492 2084 2530 Phot.
2097 2491 2183 2528 cod.
2202 2490 2276 2527 250

1227 2564 1267 2599 p.
1291 2550 1363 2594 454
1380 2552 1421 2596 b,
1441 2551 1488 2594 34
1508 2565 1515 2586 z
1533 2548 1590 2588 Τὰ
1606 2548 1668 2599 μὲν
1685 2548 1769 2601 πρὸς
1789 2548 1937 2600 ἑσπέραν
1961 2547 2176 2599 ἐξείργασται
2195 2546 2265 2586 Λύ-

1576 2689 1927 2729 MACEDONICA.

1742 2785 1773 2816 1.

1272 2854 1450 2890 Amolbus,
1475 2854 1552 2885 urbs
1567 2855 1748 2894 Magnetum
1758 2877 1766 2893 ‚
1784 2856 1821 2885 ut
1834 2853 1966 2893 Balager
1978 2852 2023 2883 ait
2035 2853 2153 2883 Rerum
2169 2852 2274 2882 Macc-

1231 2905 1419 2937 donicarum
1432 2905 1581 2937 secundo.

1732 2959 1766 2991 2.

1272 3014 1402 3053 Balager
1423 2998 1454 3044 in
1474 3011 1684 3044 Macedonicis
1706 3012 1750 3043 ait
1767 3021 1775 3043 :
1795 3023 1810 3038 «
1827 3011 1932 3051 Atque
1950 3009 2068 3041 horum
2083 3008 2178 3041 urbes
2193 3011 2273 3049 Dyr·

1232 3065 1377 3098 rachanis
1388 3067 1421 3097 et
1433 3064 1639 3106 Apolloniatis
1651 3064 1761 3096 divisae
1774 3065 1858 3096 sunt.
1876 3075 1891 3090 u

1732 3119 1765 3150 3.

1272 3173 1499 3214 Olbelus‚urbs
1506 3172 1708 3205 Macedoniae.
1725 3172 1852 3212 Balager
1868 3173 1984 3202 Rerum
1999 3168 2272 3202 Macedonicarum

1230 3226 1310 3259 libro
1323 3227 1351 3259 *.

1652 3300 1842 3339 INDICA.

1270 3383 1379 3416 Basilis
1409 3382 1441 3414 in
1465 3380 1603 3413 secundo
1623 3383 1740 3412 Rerum
1765 3379 1945 3411 indicarum
1968 3391 1975 3410 ι
2006 3391 2020 3405 «
2041 3375 2275 3409 Homunciones

1228 3437 1290 3477 iiii,
1306 3435 1360 3477 qui
1374 3444 1446 3468 cuni
1461 3434 1590 3476 gruibus
1601 3434 1716 3466 henum
1733 3433 1863 3474 gerunt,
1878 3431 2039 3463 vehuntur
2051 3428 2238 3471 perdicibus.
2257 3448 2272 3462 ‚,
