2372 3704
996 209 1332 250 FRAGMENTA.

60 302 409 359 ἐμφιλοχωρήσαντες
434 300 664 374 παρέδωκανῗ
666 297 807 342 ἑαυτους
823 300 894 343 τοῖς
911 297 1103 340 Θετταλοῖς

60 362 178 402 δουλε’
144 378 231 402 Βυειν
250 363 328 402 καθ’
351 353 588 412 ὁμολογίας’,’
572 360 626 412 εφ’
639 375 667 410 ῳ
681 356 760 396 οὔτε
781 356 955 402 ἐξάξουσιν
979 355 1103 400 αὐτους

59 424 100 460 ἐκ
112 439 173 468 της
193 421 328 475 χώρας,
347 419 427 463 οὔτε
445 421 712 457 ἀποκτενουσιν·
726 415 825 454 αὐτοὶ
842 415 878 454 δὲ
881 414 970 464 ,τὴν
983 414 1103 468 χώραν

60 482 175 526 αὐτοῖς
191 479 432 534 ἐργαζόμενοι,
451 477 513 522 τὰς
529 475 736 521 συντάξεις’
718 474 974 514 αποδώσουσιν.
991 469 1103 513 Ουτοι

59 534 130 588 οὖν,
151 542 182 579 οἱ
199 539 290 579 κατὰ
310 538 371 582 τὰς
398 536 583 588 ὁμολογίας
608 534 881 586 καταμείναντες
899 550 959 573 και
985 548 1104 585 παρα-

58 598 172 643 δόντες
191 597 352 648 ἑαυτους,
373 596 570 643 ἐκλήθησαν
589 594 668 634 τότε
686 593 748 645 μὲν
770 610 851 644 μενε
836 593 957 643 ’,ο-ται
985 610 1043 632 νυν
1069 591 1105 631 δὲ

57 657 235 697 πενέσται.
259 656 331 696 Καὶ
352 654 474 694 πολλοὶ
499 656 568 692 τῶν
587 652 714 707 κυρίων
741 655 875 690 ἑαυτῶν
896 654 982 691 εἰσιν
1004 654 1102 690 εὐπο-

59 715 215 768 ρώτεροι.
239 733 256 750 ι»
281 717 337 754 Cf.
368 716 518 754 Miiller.
541 716 628 751 Dor.
662 715 722 759 ΙΙ,
754 726 795 762 p.
823 713 872 749 66
902 725 957 761 sq.
972 740 982 759 ‚
1005 714 1102 749 Min.

56 789 98 825 p.
123 776 215 822 378.

561 846 598 871 2.

110 911 281 948 Clemens
300 912 409 948 Alex.
429 911 573 947 Strom.
595 910 629 954 Ι,
654 921 719 956 23,
737 921 779 957 p.
807 912 896 954 141,
914 919 959 943 21
977 905 1104 954 Sylb.:

57 968 262 1020 Εὐθυμένης
281 967 317 1007 δὲ
337 970 371 1006 ἐν
391 974 462 1012 τοῖς
475 968 660 1019 Χρονικοῖς
674 963 949 1015 συνακμάσαντα
963 962 1103 1014 (⁰0⁹³)-

59 1028 135 1079 ρον)
164 1025 318 1078 Ἡσιόδῳ
345 1025 403 1065 ἐπὶ
434 1026 603 1065 Ἀκάστου
621 1025 655 1062 ἐν
682 1022 762 1076 Χίῳ
786 1021 947 1074 γενέσθαι
966 1021 1046 1073 περὶ
1065 1021 1105 1060 τὸ

59 1085 298 1125 διακοσιοστὸν
318 1084 392 1129 ἔτος
412 1084 553 1137 ὕστερον
570 1086 631 1130 τ’ἧς
657 1082 763 1122 Ἰλίου
783 1081 947 1125 ἁλώσεως
965 1080 1103 1133 (φησί),

56 1143 201 1193 Ταύτης
215 1144 251 1184 δέ
272 1148 417 1193 ἐστιτῆς
437 1143 536 1192 δόξης
551 1144 612 1182 καὶ
627 1142 848 1196 Ἀρχέμαχος
867 1142 900 1179 ἐν
924 1140 1106 1180 Εὗὸοϊκῶν

58 1203 180 1257 τρίτῳ.

565 1262 604 1301 3.

113 1333 369 1382 Harpocratio
403 1343 413 1370 z
448 1330 642 1369 Κοτύλαιον
668 1327 764 1381 ὅρος·
794 1326 965 1379 Αἰσχίνης
992 1328 1026 1364 ἐν
1057 1328 1108 1364 τῶ

60 1390 165 1430 Κατὰ
185 1391 446 1442 Κτησιφῶντος.
469 1387 590 1428 Ἔοικε
611 1388 650 1426 τὸ
664 1387 740 1439 ὄρος
758 1402 821 1432 της
839 1385 992 1429 Ευὸοίας
1009 1389 1109 1423 εἶναι·

60 1449 279 1511 Ἀρχέμαχος
289 1463 372 1501 γουν
393 1449 429 1485 ἐν
450 1448 483 1499 γ’
504 1447 684 1486 Εὗὸοϊκων
702 1444 806 1498 φησί·
830 1463 846 1478 α
870 1445 1026 1488 Κότυλος
1047 1443 1131 1494 μὲν]

10 1514 13 1515 ’
62 1512 120 1547 οὐν
140 1508 300 1562 φαίνεται
313 1511 505 1559 κατασχεῖν
532 1505 571 1544 τὸ
592 1521 651 1543 νυν
672 1506 733 1542 ἀπ’
764 1503 895 1542 ἐκείνου
914 1492 1131 1543 Κοτυλαιονῖ

59 1567 322 1617 καλούμενον.»

117 1627 231 1676 Apud
257 1626 440 1675 Stephan.
476 1626 564 1674 Byz.
600 1625 739 1674 legitur
767 1633 775 1660 Ξ
797 1622 1008 1672 Κοτύλαιον,
1035 1620 1112 1673 ὄρος

63 1685 235 1733 libatae,
272 1683 499 1733 ἀνακείμενον
533 1681 728 1736 Ἀρτέμιδι,
758 1683 803 1726 ὡς
834 1680 1042 1732 Ἀντίμαχος
1075 1680 1110 1716 ἓν

64 1744 263 1797 Ἀρτέμιδος
300 1743 348 1795 β’.
369 1746 445 1781 Pro
477 1743 537 1779 his
556 1740 778 1794 Ἀρχέμαχος
800 1742 834 1778 ἓν
867 1739 1052 1779 Εὐὸοϊκῶν
1077 1736 1111 1791 β’

61 1806 119 1841 vel
135 1802 167 1855 γ’
187 1803 336 1841 emend.
356 1803 528 1841 Diibner.
549 1802 599 1838 ad
622 1802 665 1838 fr.
691 1801 910 1838 Antimachi
943 1813 983 1849 p.
1003 1798 1047 1836 51
1076 1809 1113 1838 et

61 1864 239 1901 Dindorf.
275 1864 315 1900 in
334 1863 466 1912 Steph.
496 1863 607 1898 Thes.
632 1875 671 1898 v.
708 1859 920 1899 Κοτύλαιον.
939 1862 1112 1898 Fortasse

65 1923 132 1959 fuit
149 1936 158 1959 ε
178 1919 397 1974 Ἀρχέμαχος
426 1921 460 1958 ἐν
485 1919 540 1971 [γ’
569 1919 656 1971 καὶ]
678 1917 882 1971 Ἀρμενίδας
901 1918 947 1969 β’,

357 2022 388 2057 Ε
413 2021 566 2058 Lumo
594 2019 814 2068 QUARTO.

571 2112 592 2151 [0
601 2136 608 2143 .

78 2222 84 2229 ,
123 2186 377 2235 Harpocratio
399 2180 833 2234 τἉλόννησος,νησύδριον
855 2183 889 2220 ἐν
904 2183 954 2233 τῷ
973 2180 1113 2234 Αἰγαίῳ

67 2243 225 2293 πελάγει.
245 2242 418 2294 Αἰσχίνης
448 2242 483 2279 ἐν
504 2242 555 2294 τῷ
570 2239 675 2280 Κατὰ
695 2242 960 2293 Κτησιφῶντος,
980 2242 1026 2284 ὡς
1054 2239 1113 2278 καὶ

66 2363 130 2386 non
147 2353 328 2393 redierunt,
353 2352 409 2386 sed
427 2352 546 2394 quibus
567 2352 688 2393 placuit
702 2353 735 2384 in
750 2352 806 2384 illa
822 2353 949 2393 regione
967 2361 1116 2391 manere,

66 2405 268 2438 tradiderunt
277 2413 311 2437 se
322 2399 497 2444 Thessalis.
511 2404 629 2445 quibus
642 2404 799 2436 servirent
809 2404 857 2436 his
869 2404 1117 2443 conditionibus,

67 2461 104 2490 nt
116 2458 170 2498 ius
182 2466 245 2489 non
259 2458 340 2489 esset
356 2456 494 2488 dominis
506 2456 591 2497 ipsos
609 2456 659 2488 vel
676 2456 887 2488 interficiendi
907 2456 957 2487 vel
976 2456 1008 2487 in
1021 2455 1117 2487 aliam

67 2512 185 2542 terram
199 2508 385 2549 «inportandi
395 2520 406 2547 ,·
417 2507 474 2548 ipsi
487 2516 563 2539 vero
574 2515 667 2548 agros
678 2516 790 2539 eorum
804 2508 944 2540 colentes
954 2532 963 2546 ‚
975 2517 1118 2539 annuum

70 2561 131 2603 iuis
143 2569 274 2593 censum
289 2559 472 2601 penderent.
488 2558 527 2591 lli
544 2559 652 2600 igitur,
670 2559 719 2591 his
729 2559 968 2591 conditionibus
984 2568 1119 2591 manen-

70 2617 119 2647 tes
137 2622 235 2655 seque
255 2612 436 2653 tradentes,
454 2614 614 2645 menestoe
632 2614 711 2644 tunc
734 2613 772 2652 (a
799 2613 993 2653 manendo)
1012 2613 1118 2645 nomi-

70 2667 136 2699 nati
151 2668 226 2698 sunt
238 2690 247 2706 ‚
260 2674 348 2697 nunc
369 2674 445 2698 vero
460 2667 611 2706 penestae
621 2665 832 2706 appellantur.
848 2667 995 2706 Suntque
1008 2675 1119 2699 eorum

69 2719 162 2751 multi
178 2717 316 2750 dominis
327 2717 394 2750 suis
405 2717 548 2750 ditiores.
565 2730 581 2746 υ

578 2772 612 2805 2.
991 2795 995 2797 »

116 2827 332 2868 Entliynienes
341 2827 374 2858 in
385 2826 552 2859 chronicis
563 2828 740 2858 Homerum
751 2826 876 2858 Hesiodi
889 2828 1048 2867 aequalem
1060 2828 1120 2860 sub

71 2881 187 2912 Acasto
200 2879 354 2911 archonte
367 2878 399 2910 in
418 2878 498 2911 Chio
515 2878 611 2910 tuisse
631 2878 716 2909 circa
729 2878 984 2910 ducentesimum
997 2888 1119 2911 annum

73 2932 146 2971 post
161 2931 267 2971 Trojae
283 2930 446 2962 excidium
473 2929 582 2961 tradit.
609 2929 730 2962 Eadem
752 2930 801 2962 est
821 2930 978 2962 sententia
998 2931 1110 2963 Arche-

73 2984 179 3016 inachi
194 2984 225 3015 in
245 2984 326 3016 libro
338 2983 491 3015 tertione
507 2982 603 3014 rebus
621 2982 763 3014 Euboeae.

577 3040 612 3071 3.

115 3093 278 3134 cotylaeus
297 3102 406 3134 mons,
421 3093 513 3133 cujus
526 3092 691 3124 AEschines
703 3092 735 3124 in
754 3093 898 3124 oratione
911 3094 1031 3125 Contra
1046 3095 1120 3125 Cte-

74 3146 254 3188 siphontem
269 3145 436 3184 meminit,
453 3145 487 3176 in
507 3144 627 3177 Euboea
640 3152 707 3176 esse
723 3144 862 3176 videtur.
883 3144 1123 3177 Archemachus

74 3199 161 3230 certe
177 3197 209 3229 in
224 3196 320 3229 tertio
342 3198 461 3229 Rerum
488 3196 702 3228 Euboicarum
716 3195 817 3228 dicit:
843 3208 858 3223 «
875 3196 1009 3236 Cotylus
1028 3196 1124 3236 igitur

75 3250 206 3290 apparet
229 3249 404 3281 obtinuisse
426 3250 567 3281 montem
581 3272 590 3288 ,
621 3257 719 3289 quem
741 3257 826 3280 nunc
842 3248 883 3281 de
909 3248 1039 3281 nomine
1057 3248 1124 3288 ejus

76 3299 257 3341 cotyiaeum
275 3300 397 3333 dicunt.
416 3314 433 3329 ι»

120 3409 319 3442 Halonnesus
329 3434 338 3450 ‚
356 3419 452 3450 parva
477 3410 579 3442 insula
593 3410 689 3442 maris
702 3409 812 3450 AEgoei.
827 3409 991 3443 AEschines
1008 3409 1040 3441 in
1053 3417 1125 3441 ora-

2141 230 2214 263 315

1164 296 1348 350 Ἀρχέλαος
1377 296 1479 346 (lege
1507 295 1747 349 Ἀρχέμαχος)
1783 298 1817 335 ἐν
1838 298 1866 335 δ’
1890 299 2082 340 Εὒὸοϊκῶν.
2105 303 2213 348 Μνη-

1167 353 1303 406 μονεύει
1313 353 1350 392 δὲ
1366 356 1427 400 τῆς
1442 353 1739 406 ἀμφισὸητήσεως
1753 357 1815 401 τῆς
1827 356 1916 408 Περὶ
1927 356 2132 405 Ἁλοννήσου
2152 359 2213 397 καὶ

1165 414 1379 465 Θεόπομπος
1396 415 1430 451 ἐν
1452 413 1481 451 δ’
1502 413 1562 451 καὶ
1579 412 1800 463 Ἀναξιμένης
1814 415 1848 451 ἐν
1864 414 1892 452 δ’
1915 417 2159 457 Φιλιππικῶν.

1674 507 1709 547 5.

1453 610 1483 644 E
1519 609 1671 645 LIBRO
1701 609 1751 644 ΙΝ
1755 609 1930 645 CERTO.

1221 704 1360 739 Plinius
1384 703 1432 739 H.
1464 704 1512 741 N.
1548 704 1635 748 VII,
1683 710 1774 739 sect.
1822 702 1868 750 57

1163 766 1327 811 primum
1345 765 1556 810 navigasse.
1564 789 1572 797 .
1581 789 1590 797 .

1169 835 1252 857 nem
1260 852 1268 860 .

1911 716 1919 739 :
1959 705 2091 751 Longa
2127 717 2219 741 nare

1608 762 1890 798 Arclzemaclzus
1911 761 2045 812 (dicit)
2063 765 2231 816 AEgoeo2

1523 919 1868 959 ΜΕΤΩΝΥΜΙΑΙ.

1678 1015 1715 1051 6.

1225 1103 1352 1141 schol.
1373 1103 1496 1151 Apoll.
1523 1101 1653 1138 Rhod.
1675 1102 1742 1148 IV,
1761 1101 1836 1138 262
1862 1114 1869 1136 :
1896 1099 2045 1138 Πάντων
2069 1101 2218 1153 ἀρχαιο-

1170 1160 1293 1203 τάτους
1304 1153 1392 1197 εἶναι
1404 1158 1616 1209 Αἰγυπτίους
1631 1160 1737 1209 (cum
1751 1161 1832 1196 aliis
1843 1161 1970 1199 multis
1982 1160 2093 1210 dicit)
2106 1158 2223 1212 Ἀρχέ-

1171 1233 1284 1270 μαχος
1299 1219 1333 1256 ἐν
1351 1218 1426 1261 ταῖς
1448 1216 1710 1267 Μετωνυμίαις.

1679 1326 1714 1358 7.

1227 1413 1416 1450 Plutarch.
1431 1414 1488 1448 De
1501 1413 1548 1449 Is.
1562 1419 1599 1447 et
1612 1412 1677 1450 Os.
1692 1425 1727 1448 c.
1750 1425 1815 1458 27,
1834 1425 1872 1460 p.
1892 1411 1981 1455 361,
1999 1413 2060 1448 F:
2082 1411 2135 1448 Οὐ
2155 1404 2222 1461 γὰρ

1173 1470 1279 1508 ἄλλον
1302 1464 1389 1508 ειναι
1413 1468 1614 1520 Σάραπιν
1596 1486 1617 1515 η
1637 1469 1695 1507 τὸν
1711 1468 1905 1507 Πλούτωνά
1918 1485 2022 1522 φασι,
2050 1468 2110 1506 καὶ
2140 1471 2224 1506 Ισιν

1173 1528 1235 1574 τὴν
1256 1527 1529 1580 Περσέφασσαν,
1554 1529 1600 1570 ὡς
1625 1526 1843 1599 Ἀρχέμαχρς
1861 1526 1996 1578 εἴρηκεν
2014 1529 2031 1564 ὃ
2054 1525 2226 1573 Εὐὸοευς,

1172 1603 1233 1625 και
1263 1589 1281 1624 ὁ
1312 1585 1482 1629 Ποντικὸς
1497 1584 1668 1637 Ηρακλε’
1659 1587 1756 1632 ιδης,
1788 1585 1827 1622 τὸ
1845 1600 2060 1637 χρηστηριον
2091 1585 2124 1622 ἐν
2145 1586 2226 1623 Κα-

1172 1645 1274 1684 νώίῗω
1296 1644 1505 1688 Πλούτωνος
1521 1644 1715 1695 ἡγούμενος
1735 1637 1837 1682 εἶναι.

1678 1733 1714 1771 8.

1230 1831 1367 1869 Strabo
1380 1832 1437 1878 X,
1464 1844 1506 1880 p.
1532 1829 1607 1873 465
1625 1841 1634 1868 ;
1657 1826 1877 1880 Ἀρχέμαχος
1893 1826 1922 1865 δ’
1942 1829 1960 1864 ὃ
1973 1825 2126 1869 Εὔὸοεύς
2143 1841 2228 1880 φησι

1176 1888 1254 1933 τοὺς
1274 1891 1459 1940 Κουρῆτας
1473 1890 1508 1926 ἓν
1527 1886 1681 1926 Χαλκίδι
1692 1889 1897 1933 συνοικῆσαι
1908 1901 1916 1909 ·
1932 1887 2083 1937 συνεχῶς
2097 1885 2132 1923 δὲ
2149 1885 2229 1937 περὶ

1176 1952 1236 1986 τοῦ
1266 1947 1452 1994 Ληλάντου
1469 1946 1590 1984 πεδίου
1609 1947 1865 1996 πολεμοῦντας,
1883 1943 2001 1990 ἐπειδὴ
2019 1946 2049 1982 οἱ
2067 1943 2227 1994 πολέμιοι

1177 2010 1238 2052 τῆς
1260 2005 1371 2057 κόμης
1391 2005 1600 2057 ἐδράττοντο
1622 2007 1684 2050 τῆς
1714 2003 1921 2055 ἔμπροσθεν,
1941 2002 2001 2041 καὶ
2020 2002 2144 2045 αὐτοὺς
2164 2018 2228 2040 κα-

1174 2063 1330 2114 τέσπων,
1357 2064 1497 2102 ὄπισθεν
1516 2066 1700 2113 κομῶντας
1722 2061 1904 2113 γενέσθαι,
1928 2061 1971 2099 τὰ
1989 2062 2017 2098 δ’
2034 2060 2228 2113 ἔμπροσθεν

1170 2124 1349 2175 κείρεσθαι
1365 2138 1373 2146 ·
1390 2122 1515 2160 διὸκαὶ
1531 2124 1715 2174 Κουρῆτας
1736 2120 1806 2158 ἀπὸ
1825 2123 1885 2167 τῆς
1904 2126 2029 2172 κουρᾶς
2047 2120 2229 2166 κληθῆναι·

1176 2184 1383 2232 μετοικῆσαι
1401 2182 1430 2218 δ’
1461 2182 1508 2224 εἷς
1536 2179 1599 2226 τὴν
1624 2179 1819 2226 Αἰτωλίαν,
1843 2178 1904 2217 καὶ
1923 2177 2165 2229 κατασχόντας
2185 2176 2229 2214 τὰ

1174 2239 1254 2293 περὶ
1283 2241 1474 2292 Πλευρῶνα
1500 2238 1635 2291 χωρία·
1655 2237 1733 2282 τοὺς
1760 2237 1796 2275 δὲ
1823 2237 1934 2290 πέραν
1963 2238 2141 2279 οἰκοῦντας
2169 2239 2228 2274 τοῦ

1183 2352 1269 2384 tione
1285 2353 1406 2384 Contra
1433 2351 1695 2391 Ctesiphontem,
1719 2349 1813 2382 sicuti
1831 2349 1926 2381 etiam
1944 2347 2184 2381 Archemachus
2198 2347 2231 2378 in

1181 2406 1299 2445 quarto
1316 2405 1543 2437 Euboicarum.
1558 2404 1704 2436 Meminit
1720 2412 1796 2435 vero
1809 2401 2038 2434 controversiae
2053 2401 2094 2432 de
2111 2401 2231 2432 Halon-

1179 2466 1255 2489 neso
1270 2457 1366 2488 etiam
1383 2457 1610 2497 Theopompus
1626 2456 1744 2497 quarto
1753 2456 1786 2487 et
1799 2453 2011 2486 Anaximenes
2022 2455 2139 2494 quarto
2159 2452 2230 2484 Phi-

1180 2510 1379 2551 lippicorum.

1394 2587 1647 2626 NOMINUM
1668 2584 2015 2625 MUTATtoNES.

1694 2680 1730 2713 5.

1223 2746 1377 2780 Omnium
1393 2745 1634 2787 antiquissimos
1643 2753 1711 2776 esse
1723 2745 1782 2776 AEo
1763 2743 1888 2784 yptios
1901 2741 2139 2776 Archemachus
2150 2748 2231 2781 quo-

1181 2809 1244 2842 que
1254 2802 1303 2832 -De
1321 2799 1488 2831 nominum
1504 2797 1736 2830 mutationibus
1748 2796 1838 2829 dicit.

1696 2865 1728 2896 7.

1223 2923 1357 2964 Sarapin
1380 2931 1444 2954 non
1461 2922 1559 2953 alium
1588 2929 1658 2952 esse
1685 2920 1775 2952 aiunt
1790 2928 1890 2960 quarn
1913 2921 2104 2959 Plutonem,
2128 2927 2233 2958 neque

1181 2976 1296 3008 Isidem
1311 2984 1330 3006 a
1346 2977 1533 3014 Proserpina
1547 2973 1693 3013 ditl'errc,
1713 2974 1749 3005 ut
1762 2973 2001 3005 Archemachus
2019 2981 2150 3013 quoque
2166 2973 2232 3002 Eu·

1182 3028 1318 3060 boeensis
1336 3027 1444 3058 docuit
1460 3028 1492 3058 et
1509 3026 1692 3058 Heraclides
1708 3025 1879 3064 Ponticus,
1904 3025 1961 3066 qui
1982 3025 2149 3057 oraculum
2175 3024 2234 3054 Ca·

1183 3081 1334 3121 nopicum
1346 3079 1490 3112 Plutonis
1509 3088 1576 3111 esse
1590 3078 1725 3119 judicat.

1224 3200 1464 3233 Archemachus
1491 3199 1678 3233 Euboeensis
1703 3200 1838 3232 Curetas
1864 3199 1909 3230 ait
1935 3197 2121 3231 Chalcidem
2148 3196 2231 3227 inco·

1184 3253 1279 3286 luisse
1289 3278 1298 3294 ‚
1312 3262 1480 3294 quumque
1496 3253 1696 3288 continentes
1705 3252 1744 3284 de
1758 3253 1891 3293 Belanto
1905 3260 2018 3291 campo
2031 3249 2230 3286 dimicarent,

1184 3305 1407 3345 anterioreque
1422 3314 1477 3337 eos
1490 3313 1583 3336 coma
1601 3305 1707 3336 hostes
1720 3302 1995 3344 apprehenderent
2009 3304 2040 3333 et
2054 3301 2231 3341 prosterne-

1185 3357 1275 3396 rent,
1294 3365 1420 3388 comam
1438 3357 1521 3388 alere
1538 3356 1570 3387 in
1587 3357 1734 3396 occipite,
1753 3354 1865 3386 radere
1881 3354 2018 3393 sinciput
2034 3351 2203 3382 instituisse
2224 3362 2229 3380 :

1187 3410 1284 3448 atque
1298 3408 1376 3441 adeo
1394 3409 1526 3441 Curetas
1544 3418 1563 3441 a
1576 3411 1690 3449 κουρᾷ,
1708 3416 1780 3447 quae
1796 3408 1841 3438 est
1857 3408 1985 3458 tonstira
1996 3429 2004 3444 ,
2022 3403 2123 3434 dictos
2141 3410 2148 3432 ε
2169 3401 2230 3433 nii-
