2372 3704
130 236 205 269 558

180 387 270 424 Exc.
291 388 420 428 deins.
434 402 475 438 p.
488 402 534 439 9.
545 386 895 445 ὍτιΠτολεμαίου(
905 391 1172 446 Ἀγαθόκλειαν)

126 445 188 491 τὴν
210 448 331 484 ἑαυτοῦ
350 452 498 498 γυναῖκα
517 447 740 497 ἐκὸαλόντος,
754 465 813 487 και
823 456 897 503 μιᾷ
913 449 978 488 τινὶ
993 453 1060 489 τῶν
1079 453 1172 489 ἑται·

128 504 228 554 ρι’δων
255 504 500 558 συναφθέντος,
528 499 603 544 εἶτα
625 506 892 553 τελευτήσαντος
926 509 1168 558 Πτολεμαίου,

125 565 146 608 ἡ
160 562 382 613 Ἀγαθόκλεια
393 563 569 616 Ἀρσινόην
585 565 771 618 διαφθείρει
786 566 887 604 δόλυ·
898 568 957 604 καὶ
970 566 1098 615 ταύτης
1109 567 1170 606 συν

125 626 194 665 τοῖς
203 622 388 672 βασιλείοις
399 622 656 676 διαφθαρείσης,
666 625 795 671 πολλῆς
806 641 843 662 τε
853 627 1009 677 ταραχῆς
1017 626 1169 664 ἐντεῦθεν

125 680 327 731 Αἰγυπτίοις
353 681 579 733 ἀναφθείσης,
599 681 619 719 δ’
634 697 670 720 τε
690 685 751 729 τῆς
773 685 900 735 Συρίας
919 683 1079 735 βασιλεὺς
1099 684 1167 723 Σέ-

124 740 262 786 λευκος,
280 740 414 787 καὶτῆς
431 740 651 784 Μακεδονίας
668 741 862 788 Φίλιππος,
882 741 998 779 ἐλπίδι
1014 746 1073 780 τοῦ
1087 759 1169 796 κρα-

122 797 239 843 τήσειν
259 801 319 845 τ’ἧς
341 798 456 851 χώρας
476 799 538 837 σὺν
567 799 741 851 προθυμίᾳ
769 800 1030 851 στρατεύουσιν·
1049 800 1104 844 οὒς
1125 802 1167 848 δὴ

122 855 296 906 Ῥωμαῖοι
317 858 506 908 φθάσαντες
533 860 594 904 τῆς
617 858 861 910 ἐγχειρήσεως,
887 857 949 905 τὴν
969 860 1037 896 τῶν
1059 862 1165 911 Αἰγυ-

122 914 234 953 πτίων
255 915 420 968 ἐμφύλιον
450 915 649 954 ἀπέσὸεσαν
672 917 923 967 ἐπανάστασιν,
947 919 1167 968 Πτολεμαῖον

120 973 177 1011 τὸν
198 973 374 1026 Ἐπιφανῆ
399 974 637 1026 αὐτοκράτορα
667 978 726 1012 τοῦ
759 974 875 1018 ἔθνους
905 975 1165 1024 ἀποδείξαντες,

122 1031 296 1084 Προυσίου
315 1031 392 1070 τότε
410 1034 478 1070 τῶν
496 1034 649 1071 Βιθυνῶν
668 1032 950 1085 βασιλεύσαντος.

173 1179 271 1217 Ibid.
289 1193 330 1228 p.
353 1191 397 1215 ιο
417 1192 425 1214 :
441 1174 528 1216 τὈτι
548 1177 746 1229 Ἀντιόχου,
765 1171 803 1215 οῧ
819 1177 999 1228 ἐπώνυμός
1015 1179 1088 1216 ἐστι
1101 1178 1164 1217 πό-

117 1238 169 1278 λις
182 1236 278 1288 παρὰ
297 1235 505 1288 Ἀσσυρίοις,
524 1235 595 1279 υἱὸς
613 1236 782 1279 Σέλευκος
797 1237 857 1274 καὶ
875 1236 1046 1288 Ἀντίοχος
1061 1240 1078 1275 ὃ
1092 1239 1165 1275 ἐπι-

118 1294 255 1341 κληθεὶς
289 1294 394 1337 Θεός·
430 1293 506 1332 ἀλλ’
540 1297 558 1332 ὃ
599 1294 661 1345 μὲν
698 1293 868 1338 Σέλευκος
881 1325 892 1345 ,
927 1294 1163 1334 ἐπιὸουλεύειν

119 1352 341 1396 ὑποπτευθεὶς
356 1354 405 1405 τῷ
421 1352 550 1405 πατρὶ,
565 1351 841 1392 κατακτείνεται.

608 1435 673 1472 56.

171 1506 271 1544 lbid.
289 1518 330 1554 p.
348 1517 394 1540 10
411 1516 419 1542 :
439 1501 526 1542 “Ori
540 1502 740 1554 Δημήτριος
759 1501 828 1546 υἱὸς
844 1497 884 1549 ἦν
904 1502 1087 1540 Φιλίππου
1103 1506 1163 1541 τοῦ

117 1563 329 1602 Μακεδόνων
357 1561 544 1614 βασιλέως,
565 1561 601 1599 ὃν
628 1563 659 1599 οἱ
677 1560 850 1612 Ῥωμαῖοι
875 1561 1006 1614 ὅμηρον
1036 1561 1161 1613 ἔσχον·

117 1620 414 1672 συμμαχήσαντος
440 1620 476 1658 δὲ
503 1619 688 1659 Φιλίππου
709 1623 780 1663 τοῖς
809 1619 1021 1670 Ῥωμαίοις,
1042 1624 1163 1658 τοῦτον

62 1704 65 1706 -
118 1678 347 1730 ἀμειὸόμενοι
363 1682 424 1725 τ’ἧς
443 1679 570 1723 ἐννοίας
588 1679 709 1730 (εὖν.ἕ’)
723 1707 733 1725 ,
753 1681 874 1731 ἀφιᾶσι
889 1677 946 1715 τὸν
967 1680 1078 1716 παῖδα
1103 1682 1163 1725 τῆς

116 1737 293 1789 ὁμηρείας.
324 1737 583 1776 Ἔπανελθόντα
616 1736 652 1776 δὲ
686 1737 743 1775 τὸν
771 1737 972 1789 Δημήτριον
1005 1736 1162 1775 ἐκποδὼν

115 1797 134 1833 ὁ
153 1795 332 1839 Φίλιππος
348 1796 554 1843 ἐποιήσατο,
575 1798 710 1848 πρῶτος
730 1798 797 1834 τῶν
816 1795 885 1834 ἀπὸ
903 1798 1003 1834 τοῦδε
1020 1799 1082 1834 τοῦ
1104 1795 1161 1846 γέ-

115 1870 189 1898 νους
209 1855 439 1908 μιαιφονήσας
458 1857 491 1899 εἶς
506 1854 583 1899 τοὺς
599 1853 754 1898 οἰκείους.

605 1931 667 1979 57.

167 2005 260 2040 Exc.
283 2005 340 2040 De
366 2004 452 2040 virt.
472 2017 514 2053 p.
539 2016 612 2052 790
641 2014 650 2040 :
679 1999 765 2040 “Ὀτι
786 2001 949 2049 Αἰμίλιος
972 2003 990 2039 ὃ
1011 2000 1159 2047 ὕπατος,

113 2062 132 2097 ὁ
151 2058 207 2097 τὸν
231 2059 369 2112 Περσέα
394 2059 452 2097 τὸν
481 2062 548 2098 τῶν
579 2060 791 2104 Μακεδόνων
813 2059 958 2112 βασιλέα
987 2059 1161 2111 χειρωσά-

114 2134 234 2168 μενος,
255 2118 341 2171 ἀνὴρ
371 2115 412 2166 ἦν
434 2118 578 2172 σώφρων
609 2119 668 2157 καὶ
688 2118 800 2172 φέρειν
829 2118 1017 2171 εὐπραγίας
1046 2117 1159 2165 εἰδὼς,

112 2176 172 2214 καὶ
206 2176 323 2220 ἱκανὸς
352 2177 414 2218 ὤν,
456 2176 552 2228 Ἅμα
580 2177 695 2230 [γὰρ]
719 2178 883 2229 βασιλικῇ
913 2176 1077 2229 θεραπεία
1098 2176 1156 2213 τὸν

113 2236 221 2288 ἄνδρα
241 2236 452 2284 ὑπεδέξατο,
475 2238 592 2275 πεσεῖν
609 2253 646 2275 τε
673 2236 881 2289 βουληθέντα
905 2237 991 2288 πρὸς
1007 2236 1076 2276 τοῖς
1094 2237 1158 2287 γό-

111 2310 210 2332 νασιν
233 2297 337 2333 αὐτοῦ
365 2296 564 2342 ἀναστήσας
584 2296 644 2334 καὶ
667 2295 838 2342 ’ἐπειπὼν,
863 2314 877 2330 α
898 2293 1094 2347 Ἄνθρωπε,
1123 2295 1154 2332 τί

112 2369 178 2402 μρυ
206 2353 437 2396 καταὸάλλεις
455 2354 494 2392 τὸ
514 2354 745 2407 κατόρθωμα;
780 2373 794 2389 »ι
822 2354 879 2392 ἐπί
897 2369 984 2397 τινος
1015 2355 1156 2406 βασιλι-

921 234 1137 274 JOANNIS
1166 234 1487 277 ANTIOCHENI

1234 330 1295 365 κοῦ
1323 327 1443 381 θρόνου
1471 328 1676 382 πάρεδρον
1663 331 1775 367 εαυτῶ
1795 331 2051 378 κατεστήσατο.
2076 335 2282 380 Μακεδόνας

1233 384 1268 422 δὲ
1283 386 1341 424 καὶ
1356 386 1558 440 Ἰλλυριους,
1573 391 1634 434 τῆς
1644 387 1790 460 πρόσθεν
1805 390 1960 434 δουλείας
1976 393 2280 445 ἀπηλλαγμένους,

1234 443 1429 496 ἐλευθέρους
1457 439 1545 484 εἶναι
1566 445 1626 483 καὶ
1647 446 1855 496 αὐτονόμους
1877 449 2088 500 προστάττει
2113 451 2152 490 τὸ
2180 453 2281 492 συνέ-

1233 501 1338 553 δριον,
1360 503 1494 553 δασμόν
1510 519 1546 542 τε
1568 503 1680 557 φέρειν
1704 504 1850 557 βραχυν,
1871 506 1931 544 καὶ
1956 509 2076 562 πολλῷ
2096 510 2195 563 [τινι]
2221 515 2282 550 τοῦ

1231 559 1342 599 πάλαι
1353 562 1579 612 κομιζομένου
1593 568 1668 607 τοῖς
1679 563 1851 615 ἑκατέρων
1866 566 2047 615 βασιλευσι
2057 569 2281 609 καταδεέστε·

1233 634 1311 670 ρον·
1339 622 1384 664 ὡς
1410 620 1451 658 ἂν
1470 622 1673 695 ὁμολογοιτο
1695 637 1778 673 προς
1809 622 1970 661 ἁπάντων
1987 624 2187 676 “Ρωμαίους
2212 631 2280 667 τῶν

1232 677 1460 729 ὑπαρξάντων
1489 680 1536 723 εἷς
1556 678 1680 723 αὐτους
1699 680 1926 731 ἀδικημάτων
1945 682 2064 736 [ἤπερ
2083 685 2197 738 ἐφέσει
2215 703 2276 734 της

1232 737 1478 785 Μακεδονικης
1491 738 1716 811 ἧγεμονίας’
1702 738 1938 791 εξενηνοχέναι
1963 741 2020 779 τὸν
2041 742 2210 794 πόλεμον.
2232 744 2280 786 Ὁ

1229 793 1296 855 γὰρ
1329 795 1489 845 Λῖμίλιος
1518 798 1550 839 ἐς
1569 795 1630 843 τὴν
1651 796 1843 848 ἁπάντων]
1871 800 1939 836 τῶν
1958 799 2140 852 παρόντων
2161 802 2278 852 ἀκοὴν

1232 853 1273 897 (
1255 868 1344 900 ησαν
1361 854 1396 892 δὲ
1415 854 1569 892 πολλοὶ’
1554 871 1593 893 εκ
1609 856 1749 894 πολλῶν
1763 858 1866 894 ἐθνῶν
1883 860 2084 920 συνειλεγμε
2076 858 2206 913 ’νοι)τὸ
2218 865 2280 910 τῆς

1231 913 1356 963 βουλης
1374 912 1559 964 ἐξενεγκὼν
1587 914 1700 965 δόγμα
1725 914 1919 968 ἐλευθέρους
1947 911 2035 955 εἶναι
2058 919 2136 964 τους
2155 919 2280 972 ἄνδρας

1229 971 1447 1023 ἀπεφήνατο·
1464 972 1540 1016 τούς
1555 987 1592 1010 τε
1606 972 1689 1025 παρ’
1710 973 1811 1012 αυτὸν
1827 975 2054 1027 ἀφικομένους
2069 979 2137 1016 τῶν
2153 980 2278 1033 Εὐρω-

1227 1029 1340 1067 παίων
1367 1030 1574 1082 [πρέσδεις]
1613 1029 1724 1070 εἱστία
1757 1033 1973 1080 πολυτελῶς,
1994 1036 2037 1086 τῇ
2057 1036 2279 1088 λαμπρότητι

1227 1090 1288 1125 τοῧ
1323 1089 1522 1138 συμποσίου
1557 1088 1857 1141 φιλοτιμούμενος.
1889 1089 2017 1144 Ἔλεγε
2039 1092 2106 1166 γὰρ
2140 1093 2182 1141 δὴ
2209 1111 2278 1133 των

1227 1147 1339 1183 αὐτων
1353 1147 1485 1198 ἀνδρῶν
1497 1142 1600 1197 εἶναι,
1613 1149 1662 1185 τῶ
1672 1164 1710 1186 τε
1726 1148 1869 1202 πολέμῳ
1880 1155 2033 1201 κρατεῖν,
2047 1151 2106 1189 καὶ
2117 1168 2192 1196 ταις
2210 1169 2279 1192 πα-

1229 1210 1414 1257 ρασκευαῖς
1433 1221 1501 1243 των
1520 1206 1724 1257 συμποσίων
1745 1207 1920 1259 ἐπιμελεῖς
1938 1224 1975 1246 τε
1994 1224 2054 1247 και
2074 1210 2275 1263 φιλοτίμους

1226 1262 1420 1315 φαίνεσθαι.

1717 1329 1783 1368 58.

1278 1421 1368 1457 Exc.
1382 1423 1439 1457 De
1451 1422 1520 1457 ins.
1537 1434 1576 1469 p.
1597 1434 1642 1457 10
1658 1434 1714 1469 sq.
1729 1434 1737 1457 :
1754 1419 1839 1459 “Ort
1854 1420 2026 1474 Ἀντίοχος
2044 1423 2120 1472 (sc.
2137 1426 2155 1461 ὁ
2172 1423 2274 1463 ’Em-

1225 1475 1354 1529 φανὴς)
1368 1506 1378 1524 ,
1395 1480 1412 1515 ὃ
1429 1481 1489 1524 τῆς
1506 1478 1636 1530 Συρίας
1655 1478 1834 1530 βασιλεὺς,
1851 1483 1910 1517 τοῦ
1930 1480 2104 1519 Σελεύκου
2122 1482 2198 1534 (sc.
2214 1486 2275 1521 τοῦ

1225 1536 1491 1587 Φιλοπάτορος)
1511 1541 1570 1574 τοῦ
1590 1537 1738 1589 ἀδελφοῦ
1755 1538 1864 1575 παῖδα
1882 1538 2107 1586 ὑποτοπήσας
2127 1539 2271 1594 διέφθει·

1226 1608 1305 1645 ρεν·
1325 1593 1452 1646 ἑτέροις
1471 1609 1528 1632 τον
1548 1594 1668 1632 τούτου
1689 1594 1788 1646 φόνον
1809 1595 2023 1647 ἐπανεγκὼν,
2053 1596 2110 1642 οὓς
2139 1596 2180 1645 δὴ
2213 1598 2274 1638 καὶ

1226 1651 1282 1690 διὰ
1300 1652 1405 1705 φόὸον
1430 1653 1654 1705 διεχρήσατο·
1677 1648 1772 1697 αὖθίς
1789 1670 1826 1692 τε
1846 1670 1930 1707 προς
1953 1657 2185 1706 Πτολεμαιον
2197 1657 2271 1710 (sc.

1225 1709 1281 1747 τὸν
1300 1710 1532 1763 Φιλομήτορα
1548 1712 1558 1763 )
1579 1710 1778 1763 στρατεύει,
1802 1713 2033 1752 οἷναπαλαίειν
2049 1729 2124 1758 ταις
2145 1715 2272 1768 συνθή-

1225 1783 1301 1811 καις
1321 1770 1576 1821 ἐπιχειρουντα.
1596 1769 1668 1809 Καὶ
1691 1771 1896 1819 πολεμήσας
1921 1773 2014 1824 αὐτῷ
2030 1772 2120 1811 κατὰ
2137 1772 2176 1811 τὸ
2196 1775 2271 1821 Πη-

1224 1825 1376 1876 λούσιον,
1394 1827 1573 1879 κρατήσας
1588 1843 1625 1866 τε
1643 1829 1822 1872 παντελῶς
1835 1834 1905 1874 τοῖς
1923 1828 2042 1875 ὅπλοις
2053 1861 2064 1882 ,
2079 1836 2196 1885 φυγεῖν
2213 1832 2272 1896 ἐπὶ

1224 1884 1286 1931 τὴν
1308 1884 1599 1938 Ἀλεξάνδρειαν’
1581 1885 1794 1936 ηνάγκασεν.

1279 1944 1351 1982 Καὶ
1370 1947 1388 1982 ὁ
1407 1944 1468 1995 μὲν
1491 1946 1709 1995 Πτολεμαῖος
1724 1947 1762 1983 οὗ
1779 1945 2032 1998 προσδεχθεις“
2019 1962 2086 1985 υπο
2115 1963 2183 1987 των
2203 1949 2272 1993 Αἷ-

1223 2002 1390 2052 γυτιτίων,
1412 2003 1622 2055 προσφεύγει
1644 2005 1693 2056 τῷ
1712 2003 1861 2056 γαμὸρῷ
1884 2003 2068 2056 Ἀντιόχῳ·
2083 2007 2110 2043 ’ὁ
2134 2004 2170 2044 δὲ
2189 2009 2272 2046 τοῦ-

1224 2076 1280 2099 τον
1300 2061 1405 2099 πάλιν
1425 2062 1471 2104 εἷς
1487 2061 1550 2108 τὴν
1573 2062 1752 2113 βασιλείαν
1770 2062 2044 2109 ἀποκαθίστησιν
2057 2079 2067 2087 ·
2087 2063 2215 2103 ἐκεῖθέν
2231 2079 2270 2104 τε

1223 2119 1313 2157 κατὰ
1333 2119 1510 2159 Ἰουδαίων
1528 2120 1702 2171 ὁρμήσας,
1718 2122 1808 2172 αἱρεῖ
1829 2120 1890 2171 μὲν
1907 2123 2019 2159 αὐτῶν
2038 2120 2076 2159 τὸ
2091 2121 2192 2170 ἄστυ,
2210 2123 2270 2161 καὶ

1222 2177 1298 2221 τοὺς
1318 2177 1510 2230 θησαυροὺς
1530 2178 1686 2222 ἅπαντας
1703 2179 1763 2217 καὶ
1783 2179 1826 2217 τὰ
1854 2178 1931 2231 ἱερὰ
1950 2178 2073 2230 σκεύη,
2100 2179 2160 2218 καὶ
2189 2179 2269 2225 τοὺς

1221 2236 1321 2280 ναοὺς
1341 2236 1493 2283 συλήσας
1513 2236 1654 2289 συνέχεε
1679 2236 1722 2276 τὰ
1742 2241 1802 2276 τοῦ
1823 2237 1937 2281 ἔθνους
1958 2236 2112 2287 νόμιμα,
2144 2239 2270 2284 δειναῖς

1220 2311 1256 2333 τε
1282 2294 1464 2347 τιμωρίαις
1483 2295 1560 2339 τοὺς
1580 2296 1705 2346 ἄνδρας
1725 2295 1926 2343 ὖποὸαλὼν,
1953 2296 2138 2342 ἑλληνίζειν
2162 2295 2268 2348 ἠνάγ-

1221 2356 1302 2398 καζε
1317 2370 1324 2377 ·
1345 2353 1402 2391 τόν
1422 2370 1458 2391 τε
1484 2354 1629 2406 πάτριον
1651 2355 1764 2392 αὐτῶν
1790 2353 1999 2406 ἀφελόμενος
2026 2353 2168 2404 κόσμον,
2187 2354 2268 2398 Διὸς

153 2467 207 2496 Fr.
229 2467 279 2497 54.
297 2465 323 2496 Ἀ
334 2465 515 2505 γαῡόκλει
527 2466 591 2507 αν]
607 2467 704 2498 Uncis
715 2475 853 2498 errorem
870 2466 1064 2505 excerptoris
1073 2466 1211 2497 coercui.
1230 2466 1375 2498 Debebat
1390 2476 1397 2496 ε
1413 2467 1467 2497 καὶ
1485 2465 1683 2507 Ἀγαθοκλείᾳ
1699 2468 1755 2506 μιᾷ
1768 2476 1826 2496 τινι
1839 2466 1905 2496 κτλ.
1927 2483 1966 2490 -
1983 2465 2050 2496 σὺν
2066 2467 2146 2501 τοῖς
2161 2466 2264 2505 βασι-

110 2510 252 2551 λείοις]
266 2513 421 2550 (Ji-amem
436 2513 491 2543 σὺν
508 2517 560 2550 τῆς
579 2513 745 2554 βασιλείοις
761 2513 820 2544 cod
847 2515 929 2544 Num
944 2513 1038 2552 igitur
1051 2512 1198 2543 incendio
1213 2514 1325 2553 regiae,
1338 2513 1389 2544 vel
1403 2513 1500 2553 partis
1519 2513 1630 2553 regiae,
1647 2512 1837 2553 Agathoclea
1862 2512 2016 2544 Arsinoen
2033 2511 2172 2556 occidit?
2195 2513 2265 2543 Hoc

111 2560 137 2592 si
153 2559 416 2599 est,inteiii1.2itur
431 2569 495 2599 quo
509 2562 652 2600 spectent
662 2561 762 2590 verba
777 2559 896 2599 polybii
912 2561 1034 2597 Fragm.
1055 2561 1132 2590 Exc.
1149 2560 1221 2599 Περὶ
1236 2560 1408 2590 ἐπιδουλῶν
1436 2561 1468 2591 in
1491 2562 1618 2599 Fragm.
1643 2560 1760 2591 Histor.
1782 2561 1860 2590 tom.
1891 2561 1919 2591 11
1933 2582 1942 2597 ,
1959 2567 1988 2599 p.
2006 2567 2096 2590 xxvu
2111 2567 2120 2589 ε
2137 2557 2207 2590 Ἐπὶ
2231 2559 2264 2590 δὲ

109 2606 230 2641 τούτοις
243 2606 296 2637 δύο
309 2606 458 2642 κάλπιδας
475 2607 605 2648 ἀργυρᾶς
620 2607 815 2646 εἰσήνεγκαν,
829 2607 870 2642 ὡς
886 2609 939 2643 τῆς
950 2606 1004 2646 μὲν
1022 2608 1091 2646 μιᾶς
1108 2605 1239 2645 ἐχούσης
1253 2607 1291 2636 τὰ
1304 2609 1357 2637 τοῦ
1375 2607 1526 2647 βασιλέως
1542 2606 1636 2644 ὀστᾶ,
1650 2609 1704 2644 τῆς
1720 2606 1746 2637 δ’
1761 2606 1863 2646 ἑτέρας
1883 2605 1922 2636 τὰ
1936 2609 1990 2643 τῆς
2005 2604 2170 2646 Ἀρσινόης.
2185 2604 2263 2646 Εἶχε

110 2653 143 2684 δὲ
156 2654 176 2690 ἡ
191 2653 243 2692 μὲν
261 2652 316 2693 μία
330 2653 397 2683 κατ’
416 2653 556 2690 ἀλήθειαν
572 2654 611 2685 τὰ
626 2657 681 2684 τοῦ
696 2654 847 2694 βασιλέως
857 2676 866 2691 ,
881 2654 900 2690 ἡ
914 2652 942 2683 δ’
967 2653 1089 2693 ἑτέρα.
1105 2663 1128 2683 π
1138 2653 1253 2691 λήρης
1266 2653 1308 2691 ἦν
1322 2653 1548 2694 ἀρωμάτων.
1572 2655 1652 2685 Sunt
1672 2655 1779 2685 tamen
1801 2662 1876 2693 quae
1889 2652 2015 2685 obstare
2037 2651 2113 2683 huic
2136 2653 2262 2684 senten·

110 2700 165 2732 tioe
179 2699 345 2731 videantur
355 2712 363 2719 ·
355 2703 587 2741 ,nostrumque
603 2701 709 2732 iocum
727 2701 771 2732 ita
785 2701 858 2731 iicet
873 2699 1097 2739 intelligerent
1112 2708 1217 2730 sermo
1232 2701 1273 2732 sit
1289 2700 1328 2732 de
1344 2700 1474 2740 direptis
1488 2701 1581 2740 regiae
1594 2700 1762 2732 thesauris.

153 2749 207 2778 Fr.
234 2751 282 2778 55.
305 2747 497 2778 Antiochum
514 2749 657 2779 Soterem
671 2747 752 2778 duos
771 2746 850 2778 tilios
872 2745 1038 2784 habuisse,
1061 2745 1254 2777 Antiochum
1271 2748 1304 2778 et
1320 2746 1505 2785 Seleucum,
1521 2747 1618 2778 etiam
1635 2749 1728 2779 Joan.
1744 2747 1874 2778 Malalas
1894 2746 1992 2778 tradit
2011 2754 2042 2786 p.
2057 2750 2140 2779 205·
2155 2745 2207 2787 ἀφ’
2222 2745 2258 2786 ἧς

111 2793 361 2834 (Στρατονίκης)
375 2794 457 2834 εἶχεν
472 2795 556 2831 υἱοὺς
571 2795 646 2834 δύο,
661 2795 729 2826 Σέ)
738 2805 873 2833 ευκον,
890 2794 974 2830 ὅστις
993 2792 1098 2833 μικρὸς
1119 2793 1312 2832 ἐτελεύτησε,
1324 2794 1377 2824 καὶ
1392 2793 1544 2834 Ἀντίοχον
1557 2794 1609 2824 τὸν
1629 2793 1829 2830 ἐπικληθέντα
1849 2794 1979 2832 θεοειδῆ.
1993 2793 2106 2826 Nfficio
2125 2801 2166 2824 an
2185 2793 2261 2824 aiibi

111 2839 234 2871 Seleuci
247 2839 342 2878 hujus
355 2841 473 2871 mentio
487 2841 552 2872 [iat.
568 2844 714 2873 Mortuus
729 2841 823 2881 igitur
836 2843 882 2872 σοι
896 2842 969 2872 ante
987 2849 1040 2872 an.
1059 2843 1129 2878 261,
1143 2848 1207 2879 quo
1222 2842 1298 2872 Ant.
1316 2842 1408 2872 Soter
1423 2840 1507 2871 diem
1520 2839 1614 2871 obiit.

152 2887 203 2917 Fr.
234 2888 285 2921 57.
307 2886 424 2917 Eadem
448 2888 560 2919 Suidas
584 2897 614 2919 v.
633 2888 822 2929 Αἰμίλιος
841 2887 952 2919 Codex
967 2888 1074 2919 noster
1097 2887 1192 2918 habet
1206 2887 1363 2927 Αῐμύλιος.
1378 2906 1419 2912 -
1435 2886 1500 2927 ἅμα
1513 2886 1593 2927 γὰρ]
1616 2886 1675 2927 γὰρ
1696 2885 1803 2917 addidi
1820 2895 1838 2917 e
1853 2885 1959 2917 suida.
1974 2902 2015 2908 —
2030 2883 2127 2926 τινι]
2151 2883 2224 2916 add,
2235 2893 2260 2924 ‚e

111 2932 220 2964 suida.
235 2951 274 2958 -
286 2932 462 2964 ἁπάντων
472 2935 615 2975 Ῥωμαί
624 2935 735 2976 ους]
721 2947 775 2966 απ.
788 2935 834 2966 ὅτι
844 2936 889 2968 P.
902 2934 1023 2967 suidas.
1034 2934 1133 2971 -ἥπ
1145 2937 1208 2968 ep..
1220 2931 1418 2972 ἁπάντων]
1429 2933 1530 2972 suppl.
1541 2942 1559 2964 e
1569 2933 1676 2964 suida.
1688 2933 1778 2963 -ἑκ
1795 2933 1923 2963 πολλῶ
1933 2931 1967 2972 ν]
1979 2931 2032 2962 καὶ
2043 2931 2121 2963 ἐκπ.
2135 2930 2205 2962 cod.
2219 2934 2257 2963 A.

111 2987 161 3019 ap.
179 2978 319 3010 suidam.
335 2981 473 3021 -παρ’
496 2981 633 3022 αὐτὸν]
651 2982 724 3022 πρὸς
743 2982 836 3013 αὐτὸν
853 2981 945 3013 Suid.
959 2998 1002 3004 -
1015 2981 1064 3012 Cf.
1080 2981 1212 3020 Eutrop.
1226 2982 1301 3012 Mox
1314 2988 1332 3011 e
1348 2979 1435 3011 Suid.
1449 2979 1523 3011 add.
1544 2980 1695 3020 πρέσὸεις.
1718 2980 1772 3018 lV,
1787 2980 1806 3009 4
1822 2991 1829 3009 :
1853 2980 1933 3018 Ipse
1949 2986 2024 3013 rex,
2041 2985 2146 3018 quum
2165 2978 2259 3009 dese·

109 3027 248 3058 reretur
260 3025 304 3057 ab
320 3028 460 3062 amicis,
480 3030 572 3059 venit
585 3031 619 3059 in
639 3029 755 3060 Paulli
771 3029 981 3068 potestatem.
1004 3027 1069 3059 Sed
1086 3028 1247 3060 honorem
1259 3029 1290 3059 ei
1305 3027 1467 3059 AEmilt'us
1482 3035 1547 3058 non
1562 3029 1664 3068 quasi
1678 3028 1766 3059 victo
1779 3026 1913 3058 habuit.
1931 3027 2023 3058 Nam
2041 3027 2075 3056 et
2087 3024 2255 3057 volentem

109 3072 264 3113 adpecles
278 3072 342 3104 sibi
355 3073 489 3112 cadere,
501 3083 567 3106 non
581 3077 745 3114 permisit,
759 3075 820 3106 sed
822 3076 932 3115 Juxta
945 3084 978 3107 se
987 3077 1024 3107 in
1040 3075 1128 3107 sella
1139 3076 1326 3107 collocavit.
1337 3073 1581 3106 Macedonibus
1591 3075 1624 3105 et
1634 3074 1769 3114 Illyriis
1780 3073 1832 3105 11oe
1845 3073 1931 3113 leqes
1941 3082 1963 3104 a
1976 3073 2136 3104 Romanis
2150 3071 2256 3111 datae,

109 3123 151 3152 ut
167 3120 267 3152 liberi
281 3121 407 3155 essent,
425 3122 459 3151 et
476 3120 658 3153 dimidium
678 3131 795 3154 eorum
816 3123 1026 3154 tributorum
1041 3124 1265 3163 praescarent,
1281 3129 1357 3163 quae
1370 3120 1505 3160 reqibus
1519 3121 1787 3160 praescitissent:
1813 3121 1853 3152 ul
1867 3121 2072 3159 appareret,
2087 3119 2257 3159 populum

51 3172 58 3180 ·
110 3166 304 3200 Romanum
315 3175 379 3207 pro
391 3169 555 3208 aequitace
567 3170 678 3208 mayis
692 3178 798 3209 quam
815 3171 968 3201 avaritia
984 3169 1162 3203 dimicare.
1183 3173 1291 3211 Atque
1309 3171 1344 3200 in
1359 3170 1524 3200 conventu
1538 3167 1768 3206 finitimorum
1783 3167 1991 3207 populorum
2016 3166 2167 3198 Paullus
2184 3165 2255 3198 haec

110 3214 370 3257 ριρνιαηιιαυέί,
386 3215 420 3244 et
436 3214 618 3253 leqationes
632 3215 765 3246 mullai
767 3224 826 3246 um
838 3218 1008 3254 ymnum,
1024 3224 1099 3256 quoe
1111 3216 1159 3248 ad
1173 3225 1249 3248 eum
1263 3217 1446 3250 venerant,
1465 3215 1801 3255 maqnfflcentissimo
1817 3214 1969 3246 convivio
1983 3214 2098 3253 pavit,
2115 3211 2253 3245 dicens:

110 3260 262 3303 ejusdem
278 3246 423 3295 hominis
438 3269 506 3292 esse
522 3260 641 3292 debere
655 3263 689 3292 ec
702 3262 788 3293 bello
802 3261 939 3294 vincere
952 3265 985 3294 ec
996 3265 1139 3295 convivii
1158 3264 1336 3303 apparatu
1349 3262 1540 3301 eleqantem
1554 3270 1636 3293 esse.

150 3308 203 3339 Fr.
222 3310 271 3339 58.
293 3307 494 3339 Σελεύκου
514 3307 655 3348 παῖδα]
670 3309 769 3340 Notus
784 3311 831 3340 est
845 3310 1025 3342 Demetrius
1037 3312 1140 3350 Soter,
1154 3309 1277 3343 Seleuci
1300 3309 1563 3349 Philopatoris-n,
1577 3309 1632 3348 qui
1647 3309 1755 3349 postea
1768 3315 1864 3347 regno
1880 3306 1999 3346 potitus
2014 3307 2080 3345 est,
2094 3313 2256 3346 quemque

109 3355 286 3393 Excerptor
305 3354 343 3385 fr.
365 3357 404 3385 59
427 3362 592 3394 perperam
617 3355 762 3386 Antiochi
784 3355 954 3395 Epiphanis
977 3357 1078 3388 titium
1095 3357 1183 3389 dicit.
1205 3356 1292 3388 Alter
1309 3363 1384 3386 vero
1400 3354 1522 3386 Seleuci
1539 3354 1663 3394 Philop.
1685 3353 1787 3392 filius,
1804 3361 1900 3393 quem
1923 3352 2100 3384 Antiochus
2114 3352 2253 3391 occidit,

109 3399 255 3438 aliunde,
269 3401 426 3439 quantum
451 3400 536 3439 scio,
550 3408 614 3431 non
630 3402 726 3432 notus
743 3402 802 3432 cst.
819 3402 971 3433 -κατὰ
987 3403 1027 3435 τὸ
1046 3401 1284 3443 Πηλούσιον]
1313 3402 1349 3432 V.
1363 3400 1490 3441 Joseph.
1511 3402 1544 3432 A.
1559 3402 1590 3433 J.
1614 3401 1692 3440 ΧΙΙ,
1707 3404 1743 3439 5,
1769 3404 1798 3432 2.
1817 3416 1859 3423 -
1874 3398 2139 3439 προσφεύγει..
2158 3398 2249 3429 ἀπο-

111 3455 131 3475 κ
139 3455 158 3475 α
166 3445 181 3476 θ
191 3444 199 3475 ί
208 3456 278 3483 στη
287 3457 347 3477 σιν
360 3445 372 3486 ]
394 3446 498 3478 Minus
523 3447 671 3478 accurate
691 3446 758 3478 haec
785 3449 962 3479 narrantur.

259 3511 261 3513 .
2005 3503 2022 3520 Ο
