2372 3704
103 239 176 272 42⁴

473 319 773 359 ΜΙΛΗΣΙΑΚΑ.

603 408 623 446 ι.
634 431 640 438 .

419 480 449 515 E
478 480 628 516 LIBRO
657 480 825 517 PRIMO.

153 550 374 592 Parthenius
390 556 497 592 Erot.
517 568 549 592 c.
577 554 623 591 16
641 566 650 593 :
678 553 767 604 Περὶ
785 552 975 599 Λαοδίκης.
999 552 1151 605 Ἱστορεῖ

101 613 328 664 Ἡγήσιππος
340 613 578 659 Μιλησιακῶν
596 611 643 650 α’.
664 611 818 664 Ἔλέχθη
835 611 942 649 δὲκαὶ
957 611 1037 663 περὶ
1052 615 1145 650 Λαο-

101 671 198 718 δίκης
217 669 273 709 ὅδε
299 669 416 721 λόγος,
433 672 478 714 ὡς
502 670 570 724 ἄρα
599 669 892 720 παραγενομένων
923 669 980 708 ἐπὶ
1003 669 1148 716 Ἑλένης

101 729 293 776 ἀπαίτησιν
312 729 508 779 Διομήδους
528 729 588 766 καὶ
613 728 847 779 Ἀκάμαντος,
875 728 1009 774 πολλὴν
1030 729 1145 766 ἐπιθυ-

101 789 184 839 μίαν
201 788 291 840 ἔχειν
307 791 451 840 μιγῆναι
465 787 670 826 παντάπασι
686 787 752 840 νέῳ
771 787 843 825 ὄντι
859 787 1069 837 Ἀκάμαντι,
1087 786 1147 824 καὶ

100 847 203 900 μέχρι
225 847 287 898 μέν
305 862 392 890 τινος
410 848 468 884 ὑπ’
491 847 605 889 αἰδοῦς
616 846 849 898 κατέχεσθαι,
866 845 1008 898 ὕστερον
1030 845 1065 883 δὲ
1090 860 1146 882 νι-

99 905 261 956 κωμένην
282 904 348 943 ὑπὸ
365 908 424 943 τοῦ
445 903 574 947 πάθους
591 903 892 942 ἀνακοινώσασθαι
909 903 1072 954 Περσέως
1086 918 1146 953 γυ-

98 963 204 1012 ναικὶ,
230 963 386 1010 Φιλοὸιή
417 965 505 1014 αὐτῇ
542 962 672 1013 ὄνομα,
702 965 923 1014 παρακαλεῖν
955 961 990 999 δὲ
1017 961 1143 1011 αὐτὴν,

98 1021 177 1061 ὅσον
192 1023 254 1060 οὐκ
266 1022 333 1068 ἤδη
350 1020 549 1073 διοιχομένγΙ
567 1021 708 1073 ἀρήγειν
721 1022 824 1073 αὐτῇ.
848 1021 1145 1072 Κατοικτείρουσα

99 1081 134 1118 δὲ
156 1080 220 1128 τὴν
240 1079 422 1132 συμφορὰν
448 1083 510 1126 τῆς
524 1078 629 1131 κόρης
648 1079 758 1116 δεῖται
776 1082 836 1117 τοῦ
855 1078 1037 1132 Περσέως,
1053 1077 1146 1122 ὅπως

101 1137 262 1190 συνεργὸς
283 1139 369 1189 αὐτῇ
386 1136 546 1187 γένηται,
564 1136 702 1174 ἐκέλευέ
718 1152 755 1174 τε
767 1135 879 1181 ξενίαν
894 1136 954 1175 καὶ
972 1136 1144 1189 φιλότητα

99 1196 253 1234 τίθεσθαι
270 1197 355 1248 πρὸς
373 1195 430 1233 τὸν
448 1195 664 1245 Ἀκάμαντα.
686 1195 841 1247 Περσευς
876 1195 912 1234 δὲ
931 1195 970 1234 τὸ
1003 1196 1066 1246 μὲν
1083 1195 1144 1234 καὶ

101 1258 144 1306 τῇ
161 1254 298 1306 γυναικὶ
318 1253 522 1306 βουλόμενος
549 1253 711 1306 ἁρμόδιος
743 1258 850 1301 εἶναι,
878 1254 916 1292 τὸ
940 1253 974 1292 δὲ
995 1254 1054 1292 καὶ
1081 1254 1144 1302 τὴν

97 1314 274 1360 Λαοδίκην
288 1312 476 1365 οἰκτείρων,
494 1312 590 1366 πάσῃ
613 1316 756 1365 μηχανῇ
778 1313 854 1351 ἐπεὶ
870 1313 925 1351 τὸν
940 1314 1144 1364 Ἀκάμαντα

97 1374 144 1415 εἷς
157 1372 335 1425 Δάρδανον
354 1370 537 1424 ἀφικέσθαι
555 1371 666 1409 πείθει
683 1371 893 1424 (καθίστατο
904 1371 971 1424 γὰρ
989 1371 1145 1425 ὕπαρχος

96 1434 155 1468 τοῦ
175 1429 340 1483 χωρίου),
359 1425 445 1477 ἦλθε
461 1429 521 1468 καὶ
538 1430 695 1477 Λαοδίκη
712 1431 766 1473 ὡς’
783 1433 828 1474 εἷς
845 1430 965 1481 ἑορτήν
987 1447 1062 1469 τινα
1083 1431 1143 1469 σὺν

102 1488 222 1532 ἄλλαις
254 1504 322 1526 των
353 1488 533 1541 Τρῳάδων
567 1489 616 1526 ἔτι
636 1487 804 1540 παρθένος
835 1483 935 1528 ουσα.
958 1487 1072 1528 Ἔνθα
1101 1489 1143 1536 δὴ

98 1546 327 1593 παντοδαπὴν
348 1546 460 1593 θοίνην
483 1546 758 1596 ἑτοιμασάμενος
786 1546 1054 1597 συγκατακλίνει
1081 1563 1140 1585 και

96 1605 159 1652 τὴν
178 1605 356 1652 Λαοδίκην
375 1606 482 1658 αὒτῳ,
501 1605 651 1657 φάμενος
671 1605 754 1655 μίαν
775 1609 862 1642 εἶναι
878 1607 946 1642 τῶν
966 1609 1025 1643 τοῦ
1044 1609 1145 1657 βασι-

96 1666 117 1703 ὶ
120 1664 182 1708 ε’ως
194 1664 434 1702 παλλακίδων.
453 1645 524 1702 ’Καὶ
536 1663 712 1714 Λαοδίκη
706 1680 748 1702 υιε
750 1680 767 1702 ν
779 1663 888 1708 οὕτως
903 1663 1068 1710 ἐξέπλησε
1080 1663 1142 1712 τὴν

98 1723 296 1772 ἐπιθυμίαν,
314 1722 441 1775 χρόνου
463 1722 499 1760 δὲ
519 1723 695 1774 προϊόντος
707 1724 861 1774 γίγνεται
881 1726 931 1776 τῷ
949 1723 1142 1772 Ἀκάμαντι

73 1776 168 1826 ὶυὶὸς
197 1781 388 1830 Μούνιτος,
412 1781 448 1819 ὃν
469 1780 527 1818 ὑπ’
553 1780 667 1834 Αἴθρᾳ
696 1780 871 1831 τραφέντα
905 1781 993 1831 μετὰ
1014 1781 1143 1834 Τροίας

97 1839 226 1877 ἅλωσιν
249 1839 442 1888 διεκόμισεν
462 1841 516 1877 ἐπ’
542 1838 653 1877 οἴκου·
675 1839 734 1877 καὶ
763 1839 867 1877 αὐτὸν
898 1839 1086 1892 θηρεύοντα
1107 1841 1142 1877 ἓν

96 1897 255 1949 Ὀλύνθῳ
274 1901 335 1944 τ’ἧς
354 1896 500 1950 Θρᾴκης
523 1897 598 1950 ὄφις
616 1899 762 1936 ἀνεῖλεν.

150 1955 253 1994 Ἐπεὶ
281 1956 338 1993 τὸν
359 1956 464 1995 Ἀκ...
484 1950 567 2002 ἦλθε
587 1956 667 2007 καὶ]
681 1959 878 1994 Passovius
894 1959 1008 1994 vertit
1027 1970 1036 1996 τ
1056 1959 1143 1994 Per-

94 2029 176 2051 seus
205 2017 292 2051 dum
323 2018 525 2052 Acamantz·
540 2029 587 2052 ne
605 2029 677 2052 non
705 2020 839 2052 veniat
855 2018 1003 2061 suadet,
1036 2021 1143 2052 venit

95 2078 208 2110 etiam
226 2075 400 2110 Laodice.
415 2074 529 2121 Quod
548 2086 636 2110 sane
649 2075 846 2110 claudicat.
867 2075 1059 2124 Legrand.
1077 2085 1143 2110 vo·

96 2146 178 2170 cem
206 2131 281 2168 ἔπεὶ
316 2133 437 2178 delet,
473 2126 681 2182 Ροετῆλθε
710 2133 818 2169 addit
851 2132 902 2171 δέ.
936 2134 1074 2170 Jacobs
1103 2135 1145 2169 in

94 2192 250 2240 Ephem.
267 2193 352 2228 Hal.
377 2192 475 2228 1806
493 2205 554 2230 nr.
579 2193 655 2229 282
669 2193 856 2241 proponit
874 2189 971 2242 πάσῃ
987 2206 1026 2241 μ.
1051 2190 1143 2229 ἐπεί·

95 2265 164 2299 γων
194 2249 249 2286 τὸν
270 2248 331 2296 Ἀ.;
363 2250 463 2286 idem
490 2258 622 2299 postea
642 2251 691 2287 ad
721 2251 880 2288 Anthol.
917 2258 1011 2286 tom.
1041 2251 1141 2296 XII,

386 2366 481 2404 RES
510 2365 847 2405 MILESIORUM.

140 2502 186 2532 De
196 2499 348 2531 Laodice.
362 2501 475 2532 Narrat
484 2499 768 2541 Hegesippuslibro
779 2501 882 2540 primo
895 2501 926 2531 M
931 2499 1141 2532 ilesiacorum.

95 2553 209 2584 Fertur
224 2551 319 2582 etiam
343 2550 382 2582 de
404 2551 539 2583 Laodice
567 2552 619 2583 hic
643 2561 760 2584 sermo.
783 2553 892 2588 Quum
917 2551 959 2582 ob
987 2551 1142 2583 Helenam

96 2603 299 2644 repetendam
314 2603 482 2635 Diomedes
496 2604 528 2636 et
543 2608 675 2635 Acamas
686 2605 866 2643 venissent,
882 2612 954 2635 eam
968 2603 1071 2635 multo
1084 2603 1141 2635 de-

99 2656 214 2688 siderio
240 2655 409 2695 flagrasse,
439 2665 502 2696 quo
518 2657 616 2696 possit
639 2657 748 2696 juveni
766 2656 942 2688 admodum
970 2656 1142 2688 Acamanti

96 2708 238 2746 misceri3
255 2709 288 2738 et
304 2707 499 2747 aliquamdiu
529 2709 659 2748 quidem
674 2717 739 2748 prae
758 2708 880 2748 pudore
901 2716 935 2739 se
950 2707 1140 2739 cohibuisse.

95 2761 171 2791 Post
199 2767 275 2790 vero
298 2758 338 2789 ab
366 2759 485 2790 aflectu
516 2759 634 2791 victam
657 2760 909 2792 communicasse
941 2768 1010 2791 rem
1037 2759 1142 2791 Persei

97 2809 191 2842 uxori
207 2809 334 2840 nomine
351 2809 503 2841 Philobiae
516 2834 524 2848 ,
542 2810 693 2851 illamque
711 2810 758 2842 sic
774 2810 964 2849 advocasse,
981 2810 1017 2842 ut
1039 2818 1142 2850 quan-

94 2863 165 2893 tum
178 2859 306 2892 tandem
321 2863 437 2900 posset,
448 2861 580 2901 jamjam
592 2861 737 2902 pereunti
750 2861 905 2893 auxilium
920 2862 1024 2893 ferret.
1037 2862 1142 2897 Quare

95 2913 150 2944 illa
177 2912 294 2952 puellae
319 2912 532 2943 calamitatem
556 2914 704 2952 miserta,
720 2915 870 2945 Perseum
891 2913 957 2944 adit
976 2921 1040 2953 quo
1054 2921 1088 2944 se
1109 2913 1142 2944 in

95 2972 130 2995 re
143 2962 365 3002 consequenda
376 2963 484 3002 juvet,
498 2963 613 3002 jubens
626 2973 700 2996 eum
721 2965 968 3004 hospitalitatem
985 2965 1017 2995 et
1030 2963 1142 2995 amici-

95 3015 173 3047 tiam
190 3023 265 3045 cum
279 3015 451 3046 Acamaute
467 3014 557 3046 inire.
579 3017 711 3047 Perseus
727 3016 834 3056 itaque
848 3016 963 3056 partim
977 3016 1012 3046 ut
1034 3015 1143 3047 uxoris

94 3066 295 3097 voluntatem
309 3065 471 3105 impleret,
490 3066 606 3105 partim
632 3066 784 3098 Laodices
800 3067 966 3106 misertus,
985 3067 1073 3098 omni
1088 3075 1142 3098 co-

94 3119 173 3149 natu
188 3118 393 3148 Acamantem
409 3116 585 3157 persuadet,
600 3126 666 3157 quo
685 3126 718 3148 se
736 3118 767 3148 in
777 3118 963 3149 Dardanum
977 3117 1140 3149 conserat:

95 3170 164 3211 ejus
176 3169 259 3202 enim
287 3169 422 3209 regionis
440 3169 607 3209 praesectus
632 3171 764 3201 Perseus
782 3172 860 3202 erat.
886 3171 983 3202 Venit
1006 3179 1080 3210 ergo
1103 3179 1141 3202 eo

96 3229 226 3262 quoque
242 3220 379 3252 Laodice
394 3221 548 3260 tanquam
562 3220 602 3251 ad
614 3221 728 3252 festum
743 3221 919 3261 quoddam,
937 3222 1142 3254 aTroadibus

95 3272 288 3315 quibusdam
316 3271 485 3311 comitata,
516 3271 622 3303 adhuc
647 3271 735 3311 virgo
760 3273 923 3304 exsistens.
951 3273 1014 3305 Ubi
1039 3282 1139 3314 quum

96 3325 261 3365 opiparum
294 3323 477 3354 convivium
503 3324 703 3363 apparasset,
721 3323 752 3354 in
769 3323 880 3354 eodem
900 3325 982 3355 lecto
1005 3325 1141 3356 collocat

97 3377 253 3409 Laodicen
267 3385 341 3407 cum
354 3375 437 3416 ipso,
451 3376 597 3415 inquiens
607 3383 703 3406 unam
718 3384 758 3406 ex
771 3376 862 3414 regiis
876 3376 1038 3415 pellicibus
1060 3386 1138 3408 csse.

97 3429 201 3469 Atque
218 3428 278 3459 hoc
294 3427 422 3468 quidem
441 3426 534 3458 modo
550 3426 684 3458 Laodice
708 3426 898 3458 desiderium
914 3436 1007 3458 suum
1033 3429 1140 3468 exple-

808 230 1081 272 HEGESiPPI
1110 231 1479 280 MECYBERNAEI‚

1209 334 1248 370 p.
1283 321 1359 358 208
1385 329 1423 358 et
1446 323 1487 358 in
1506 322 1635 358 Addit.
1659 323 1773 361 anim.
1793 323 1833 359 in
1858 324 1994 362 Athen.
2014 337 2055 374 p.
2085 323 2159 372 267
2181 337 2191 362 z
2211 339 2254 365 π.

1211 394 1302 430 μηχ.
1316 378 1416 431 ἐπῄει
1435 379 1494 417 τὸν
1512 379 1587 420 Ἀκ.
1605 379 1664 418 καὶ
1682 382 1729 424 εἷς
1749 383 1792 420 Δ.
1813 381 1850 420 ἀ.
1869 396 1972 418 π.--
1987 384 2194 420 Historiam
2213 384 2260 421 de

1209 440 1378 477 Laodice
1389 467 1399 486 ,
1417 441 1559 476 Priami
1571 440 1617 488 f.‚
1631 441 1766 477 eodem
1780 441 1899 477 modo
1915 444 2084 480 narravit
2098 443 2259 492 Eupho-

1208 498 1268 534 rio
1285 511 1346 547 ap.
1364 500 1486 535 Tzetz.
1516 498 1564 534 ad
1579 500 1674 546 Lyc.
1693 503 1769 547 494
1800 499 1858 548 (p.
1873 499 1947 536 125
1970 500 2010 535 in
2029 500 2163 550 fragm.
2183 502 2258 538 Eu-

1208 556 1318 604 phor.
1337 556 1399 593 ed.
1423 556 1635 606 Meinek.);
1660 569 1774 605 quem
1788 558 2035 606 reprehendit
2059 559 2260 596 Pausanias

1207 615 1267 663 X,
1287 614 1350 660 26,
1372 614 1394 651 8
1426 612 1749 666 (Εὖφορίοιν...σὺν
1770 613 1880 652 οὐδενὶ
1914 614 2022 652 εἰκότι
2050 613 2095 653 τὰ
2122 617 2172 660 εἷς
2194 614 2260 663 τὴν

1209 670 1386 718 Λαοδίκην
1414 671 1595 721 ἐποίησε).
1639 674 1814 709 Aliorum
1849 674 2086 711 narrationes
2114 688 2154 714 v,
2191 687 2256 727 ap.

1210 732 1336 778 Heyn.
1366 730 1415 766 ad
1434 730 1665 779 Apollodor.
1686 743 1726 780 p.
1751 731 1841 767 302.

1261 790 1316 824 Ex
1324 789 1524 824 Milesiacis
1533 789 1736 837 Hegesippi
1750 789 1909 826 fortasse
1918 787 2028 825 fluxit
2036 790 2150 827 etiam
2161 791 2258 828 Par-

1209 847 1325 882 thenii
1344 845 1397 895 (c.
1421 845 1486 895 14)
1508 848 1675 882 narratio
1690 847 1737 882 de
1762 848 1933 893 Antheo‚
1959 860 2072 896 quam
2091 849 2258 899 prodere

1207 906 1267 954 'ait'
1277 905 1518 940 Aristotelem
1530 902 1590 941 καὶ
1607 903 1685 946 τοὺς
1700 901 1744 941 τὰ
1763 902 1972 951 Μιλησιακὰ
1990 904 2254 959 (γράψαντας).

1619 993 1831 1030 INCERTA
1838 1023 1847 1032 .

1718 1067 1739 1104 5
1747 1098 1756 1108 .

1264 1135 1386 1182 Etym.
1404 1135 1457 1172 Μ.
1477 1147 1519 1183 p.
1546 1133 1635 1179 136,
1659 1134 1735 1171 δαν
1758 1132 1869 1185 Ἀργὼ
1893 1135 1916 1180 ἡ
1937 1136 2021 1178 ναῦς
2040 1132 2176 1184 εἴρηται
2205 1133 2260 1174 ὅτι

1210 1192 1244 1228 ἐν
1264 1187 1383 1242 Ἄργει
1418 1194 1461 1244 τῇ
1497 1190 1597 1229 πόλει
1631 1192 1901 1240 κατασκευάσθη
1913 1222 1923 1240 ,
1952 1195 1999 1236 ὡς
2033 1192 2259 1249 Ἡγήσιππος

1208 1250 1226 1286 ὁ
1253 1243 1440 1300 ἱστῴικός.
1470 1251 1610 1287 Eadem
1632 1263 1678 1287 ex
1697 1253 1939 1299 Hegesandto
1968 1247 2180 1290 Salaminio
2203 1253 2256 1290 af-

1207 1309 1279 1345 fert
1298 1312 1445 1347 Tzetzes
1462 1311 1511 1347 ad
1531 1312 1722 1360 lycophr.
1748 1311 1837 1351 883.

1261 1432 1390 1470 Schol.
1415 1435 1586 1470 Vatican.
1604 1434 1738 1482 Eurip.
1763 1434 1877 1472 Rhes.
1897 1433 1946 1470 28
1969 1432 2122 1478 εΔιττὰς
2141 1433 2177 1472 δὲ
2196 1433 2259 1478 τὰς

1207 1487 1382 1540 Εὐρώπας
1402 1489 1658 1542 ἀναγράφουσιν
1685 1489 1786 1528 ἔνιοι·
1809 1490 1892 1540 μίαν
1925 1490 1988 1541 μὲν
2008 1490 2257 1533 Ὠκεανίδα....

1208 1546 1326 1600 ἑτέραν
1348 1546 1383 1584 δὲ
1400 1547 1593 1587 Φοίνισσαν
1608 1548 1667 1586 καὶ
1681 1547 1900 1599 Ἀγήνορος...
1919 1548 2000 1587 Εἰσὶ
2015 1548 2051 1587 δὲ
2062 1549 2096 1587 οἳ
2108 1549 2169 1588 καὶ
2182 1549 2252 1603 τρί-

1207 1621 1269 1652 την
1291 1605 1542 1659 ἀναγράφουσι,
1560 1606 1718 1658 καθάπερ
1730 1606 1952 1657 Ἡγήσιππος
1968 1607 2003 1644 ἐν
2017 1612 2087 1651 τοῖς
2104 1610 2254 1656 Παλλη-

1207 1670 1336 1708 νιακοῖς
1351 1667 1492 1718 γράφων
1513 1665 1631 1710 οὕτως·
1644 1684 1659 1700 «
1679 1665 1821 1716 Κάδμος
1837 1665 1897 1703 σὺν
1912 1668 1956 1718 τῇ
1981 1667 2088 1718 μητρὶ
2108 1670 2170 1714 τ’ῆς
2184 1669 2254 1707 Εὖ·

1209 1723 1523 1776 ρώπηςΤηλεφάνῃ
1534 1723 1836 1777 ἐπῄειπρὸς(περὶ
1851 1726 1940 1765 cod.
1955 1725 1967 1776 )
1982 1724 2174 1779 Ἀθήναςρ)
2190 1727 2252 1765 καὶ

1206 1781 1415 1820 ἐπυνθάνετο
1431 1783 1605 1836 Ευρώπην
1620 1782 1791 1834 ἔχεσθαι’
1776 1798 1808 1820 εν
1820 1783 1962 1835 Θράκῃ,
1980 1783 2040 1821 και
2053 1783 2160 1828 οὕτως
2173 1785 2257 1837 ἀφί-

1205 1855 1283 1877 κετο
1294 1841 1340 1883 εἷς
1348 1839 1410 1886 τὴν
1425 1840 1682 1894 καταντιπέραν
1693 1840 1847 1893 ἤπειρον,
1861 1857 1926 1879 και
1933 1845 2041 1894 ἦρχεν
2056 1843 2091 1880 ἓν
2102 1845 2144 1895 τῇ
2156 1843 2256 1897 χώρα

1204 1897 1313 1949 ταύτῃ
1333 1898 1488 1939 πάντων.
1506 1899 1659 1951 Εὐρώπη
1685 1898 1742 1950 [δὲ
1750 1899 1764 1950 ]
1793 1914 1852 1937 του
1869 1899 1990 1951 ἀνδρὸς
2007 1901 2130 1939 ἀπολει
2158 1904 2256 1940 θεῖσα

1204 1957 1269 2007 οὐχ
1292 1959 1315 2002 ἡ
1333 1956 1519 2008 Φοίνικος,
1550 1957 1626 1995 ἀλλ’
1653 1956 1824 2009 ἐπιχωρία
1847 1973 1896 2001 τις
1912 1958 2012 2008 γυνὴ,
2041 1960 2099 2011 ἀφ’
2133 1917 2176 2007 {q
2197 1961 2257 1998 καὶ

1203 2017 1224 2061 ἡ
1252 2014 1395 2067 ἤπειρος
1416 2015 1538 2054 ἅπασα
1566 2019 1589 2062 ἡ
1612 2015 1698 2069 πρὸς
1729 2015 1862 2068 Βορέαν
1882 2015 2006 2068 ἄνεμον
2027 2017 2182 2070 Εὐρώπη
2204 2021 2258 2057 κέ·

1204 2074 1347 2121 κληται.
1364 2091 1380 2107 ¹»

1709 2143 1729 2155 fl

1258 2191 1420 2228 Bekker.
1443 2192 1589 2230 Anecd.
1615 2205 1656 2241 p.
1690 2155 1788 2231 1285
1819 2190 2009 2241 εΣατῦας,
2038 2191 2253 2239 Σατύαντος,

1206 2248 1289 2301 παρ’
1309 2247 1537 2302 Ἥγησίππῳ.
1556 2248 1664 2288 Ἔστι
1682 2249 1718 2287 δὲ
1738 2249 1850 2301 ὄνομα
1873 2249 2004 2302 κύριον.

1205 2352 1263 2384 vit.
1293 2355 1464 2393 Progressa
1491 2354 1603 2386 autem
1626 2353 1781 2394 temporis
1808 2353 1894 2386 filius
1921 2353 2063 2386 nascitur
2089 2355 2257 2388 Acamanti

1203 2405 1358 2444 Munitus,
1372 2413 1467 2444 quem
1478 2405 1519 2436 ab
1529 2405 1640 2436 AEthra
1649 2405 1826 2437 enutritum
1837 2406 1909 2446 post
1918 2405 2023 2446 TroJ’ae
2036 2406 2256 2446 captivitatem

1202 2456 1433 2496 transportavit
1457 2456 1490 2488 in
1521 2456 1674 2498 domum,
1693 2465 1832 2498 eumque
1850 2458 2023 2490 venantem
2051 2457 2084 2490 in
2110 2457 2254 2499 Olyntho

1202 2506 1346 2539 Thraciae
1362 2515 1492 2548 serpens
1501 2507 1628 2541 occidit.

1242 2624 1324 2663 Argo
1340 2623 1431 2655 navis
1442 2622 1515 2655 inde
1529 2622 1634 2664 dicta,
1649 2622 1736 2665 quod
1751 2622 1844 2664 Argis
1859 2622 2044 2656 constructa
2056 2623 2123 2666 est,
2137 2623 2175 2658 ut
2186 2625 2252 2658 He-

1200 2674 1347 2715 gesippus
1359 2675 1530 2707 historicus
1544 2675 1600 2707 ait.

1708 2731 1746 2764 6.

1242 2794 1394 2825 Nonnulli
1410 2793 1490 2826 duas
1503 2797 1647 2835 Europas
1659 2794 1878 2835 distinguunt,
1893 2795 2027 2827 alteram
2045 2795 2252 2838 oceanidem,

1201 2845 1334 2877 alteram
1351 2847 1547 2879 Phoeniciam
1561 2847 1711 2887 Agenoris
1720 2847 1833 2879 filiam.
1848 2848 1931 2879 Sunt
1943 2848 2039 2879 etiam
2055 2848 2110 2888 qui
2124 2849 2252 2881 tertiam

1200 2898 1388 2936 exhibeant,
1408 2899 1490 2930 sicut
1514 2899 1707 2939 Hegesippns
1728 2899 1762 2930 in
1787 2899 1973 2931 Palleniacis
2003 2900 2048 2931 ita
2070 2900 2213 2933 scribens
2242 2914 2250 2933 z

1203 2950 1374 2982 «Cadmus
1390 2959 1465 2981 cum
1493 2953 1595 2982 matre
1617 2953 1755 2990 Europae
1776 2950 1957 2990 Telephane
1980 2951 2122 2983 Athenas
2144 2952 2250 2992 venit,

1201 3002 1308 3043 ibique
1319 3004 1478 3043 comperit
1501 3006 1663 3044 Europam
1674 3002 1836 3043 quandam
1853 3003 1967 3042 degere
1982 3003 2014 3034 in
2022 3003 2169 3035 Thracia.
2188 3005 2246 3036 At-

1201 3064 1265 3095 que
1277 3055 1323 3087 sic
1335 3056 1463 3087 venitin
1480 3057 1696 3088 continentem
1713 3055 1911 3095 oppositam,
1929 3056 1961 3087 et
1979 3055 2129 3088 omnibus
2140 3055 2173 3087 in
2191 3056 2251 3089 hac

1202 3109 1286 3139 terra
1301 3108 1482 3149 imperavit.
1513 3110 1640 3148 Europa
1659 3115 1736 3138 vero
1753 3107 1818 3146 illa,
1836 3116 1934 3147 quam
1947 3108 1995 3138 vir
2019 3107 2246 3150 dereliquerat,

1201 3168 1266 3191 non
1282 3161 1351 3191 erat
1381 3158 1538 3192 Phoenicis
1562 3158 1712 3197 filia‚sed
1730 3157 1876 3198 indigena
1900 3158 2048 3199 quaedam
2077 3159 2204 3199 mulier,
2230 3169 2250 3192 a

1206 3220 1271 3251 qua
1284 3211 1452 3243 continens
1465 3212 1550 3242 terra
1560 3234 1569 3250 ‚
1583 3218 1657 3250 quae
1676 3209 1806 3242 boream
1823 3218 1935 3242 versus
1949 3210 2009 3242 sita
2025 3213 2085 3251 est,
2102 3211 2251 3244 universa

1201 3263 1358 3303 appellata
1376 3263 1424 3294 est
1446 3264 1585 3302 Europa.
1606 3274 1621 3288 »

1702 3317 1736 3348 ⁷.

1242 3377 1372 3416 Satyas,
1399 3377 1578 3418 Satyantis‚
1603 3375 1687 3417 apud
1708 3375 1933 3418 hegesippum.
1963 3376 2018 3408 Est
2035 3385 2110 3409 vero
2131 3385 2247 3410 nomen

1202 3439 1377 3471 proprium.
