2372 3704
757 199 968 273 DoMlTll
988 232 1324 275 CALLISTRATI
1352 236 1684 277 FRAGMENTA.

185 365 540 426 DOMITIUS
580 365 1154 426 CALLISTRATUS.

200 505 347 541 Auctor
363 511 491 541 noster
512 504 578 552 qui
594 504 786 540 Heracleae
806 505 972 540 Ponticae
989 502 1193 541 'historiam

147 563 319 599 condidit
337 564 443 600 libris
458 563 656 599 minimum
676 569 841 611 septem,
868 563 986 599 modo
1007 564 1194 600 Callistra—

145 627 204 658 tus
233 623 454 671 simpliciter
486 622 627 658 dicitur
666 619 733 670 (fr.
769 622 875 671 1—3),
903 622 1022 658 modo
1051 623 1190 659 addito

146 682 380 728 praenomine
415 682 596 717 Domitius
617 680 844 716 Callistratus
862 680 930 728 (fr.
956 679 1058 728 4-8).
1091 682 1190 718 Hinc

108 737 119 747 ³
145 738 370 785 conjicimus
383 740 636 775 Callistratum
656 738 783 789 (sicuti
797 739 911 777 Corn.
934 740 1191 776 Alexandrum

143 795 436 848 Polyhistorem)
462 798 627 834 Romani
652 799 805 847 patroni
839 798 948 834 fuisse
985 799 1189 848 libertum,

144 856 210 902 qui
226 855 380 892 fortasse
391 864 476 904 post
490 869 657 892 eversam
676 857 778 892 bello
790 857 1048 892 Mithridatico
1063 858 1190 894 Hera-

144 914 263 949 cleam
281 914 445 962 patriam
463 916 635 963 captivus
655 916 695 950 in
710 916 860 951 Italiam
888 915 1075 951 abductus
1092 923 1184 954 erat.

141 972 437 1021 Distinguendus
470 973 518 1008 ab
551 986 597 1009 eo
623 980 678 1009 est
708 974 937 1009 Callistratus
968 975 1189 1022 Aristopha-

138 1042 254 1076 neus,
271 1031 337 1079 qui
356 1033 637 1067 commentariis
657 1032 732 1067 suis
745 1033 785 1067 in
809 1034 1033 1077 Homerum,
1052 1033 1190 1069 Pinda-

140 1100 227 1124 rum
240 1115 251 1133 ‚
269 1090 434 1139 tragicos
451 1097 488 1126 et
502 1091 684 1136 comicos,
705 1091 958 1139 grammaticis
978 1092 1191 1134 notissimus

145 1153 201 1182 est
216 1144 273 1196 (Ἴ.

192 1205 332 1251 Praeter
353 1206 545 1242 Heracleae
570 1206 766 1242 historiam
786 1206 962 1242 laudatur
988 1207 1188 1244 Callistrati

145 1263 202 1298 De
219 1263 483 1299 Samothracia
503 1277 617 1313 opus;
658 1264 765 1313 quod
783 1278 876 1300 num
902 1264 952 1300 ad
979 1267 1189 1302 Domitium

139 1319 181 1357 C.
197 1321 387 1369 pertineat
419 1334 561 1369 necne,
579 1324 778 1361 nescimus.
799 1323 1038 1372 Callistratus
1073 1325 1190 1360 Tene-

180 1447 222 1487 (⁴')
235 1449 305 1480 Non
316 1447 659 1488 distinguendum-esse
672 1448 804 1480 sortasse
819 1448 893 1480 inde
906 1448 1021 1489 aliquis
1034 1449 1185 1489 colligat,

136 1494 223 1534 quod
240 1494 414 1526 Athenaeus
432 1495 487 1533 Vl,
501 1503 533 1535 p.
550 1497 624 1534 363,
643 1496 686 1529 Ε,
703 1503 743 1526 ex
759 1494 941 1526 Callistrato
957 1495 1189 1536 Aristophaneo

136 1540 247 1571 narrat
264 1539 490 1580 Mariandyuos
510 1549 619 1572 servos
641 1539 833 1581 δωροφόρους
853 1541 1027 1581 appellatos
1046 1550 1126 1580 esse,
1146 1542 1188 1574 si-

134 1586 201 1618 cuti
231 1589 385 1619 Peneslae
409 1586 597 1619 dicebantur
621 1588 705 1628 apud
732 1587 915 1627 Thessalos,
947 1588 1080 1621 Claroti
1103 1589 1188 1630 apud

133 1634 310 1665 cretenses.
322 1634 481 1674 Exscripsi
499 1634 606 1666 locum
615 1635 655 1667 fr.
676 1638 726 1666 10.
738 1634 801 1667 Sed
809 1634 903 1674 hujus
913 1635 958 1667 rei
971 1636 1188 1668 memorandae

135 1679 406 1719 opportunitatem
435 1680 665 1712 commentarii
693 1681 725 1712 in
756 1681 896 1713 comicos
925 1684 1035 1722 poetas
1067 1683 1187 1723 glossa-

134 1734 271 1766 rumque
291 1726 495 1758 collectiones
521 1725 695 1768 saepissime
722 1727 864 1768 praebere
888 1730 1055 1769 poterant;
1083 1738 1188 1771 neque

133 1772 312 1813 quidquam
335 1775 490 1813 praeterea
509 1773 659 1814 indagare
687 1774 795 1815 potui,
822 1775 909 1815 quod
924 1775 1082 1815 ejusmodi
1113 1785 1187 1808 sen-

133 1819 244 1851 tentiae
264 1819 497 1860 probabilitatis
512 1821 650 1861 speciem
665 1821 859 1853 conciliaret.
883 1824 1034 1854 Ceterum
1057 1823 1096 1854 de
1110 1824 1186 1855 Cal-

133 1865 246 1899 listrati
270 1867 518 1899 Commentariis
540 1870 733 1900 Homericis
755 1868 822 1900 vid.
855 1869 954 1900 schol.
973 1870 1006 1901 et
1036 1870 1183 1902 Eustath.

135 1913 184 1945 Ad
209 1913 407 1945 Pindarum
432 1913 583 1945 laudatur
608 1923 627 1945 a
646 1914 746 1946 schol.
771 1916 806 1946 P.
831 1917 872 1954 11,
894 1918 921 1955 l,
938 1917 975 1947 N.
992 1918 1049 1954 lll,
1068 1919 1095 1948 1.
1112 1919 1185 1956 Vll,

137 1963 210 1998 150,
225 1960 337 1991 lsthm.
362 1961 404 1997 ΙΙ,
418 1963 447 1992 1.
465 1963 511 1992 18.
530 1962 585 2000 Ν,
601 1964 612 1993 1
627 1972 636 2000 ;
651 1960 691 1992 ad
708 1961 915 2000 Euripidem
931 1970 949 1993 a
962 1962 1060 1993 schol.
1078 1964 1181 1994 orest.

134 2007 206 2037 301.
223 2007 294 2038 424.
321 2008 397 2038 1030
407 2016 416 2045 ;
430 2006 471 2037 ad
490 2007 754 2046 Aristophanem
770 2007 887 2038 citatur
903 2008 1092 2040 sexcenties.
1111 2008 1188 2048 Ejus

134 2051 168 2083 in
194 2053 376 2083 Cratinum
396 2054 570 2084 comment.
597 2052 708 2084 laudat
726 2053 841 2085 Athen.
865 2055 923 2092 xl,
950 2062 982 2094 p.
1004 2056 1084 2094 4953
1102 2054 1186 2086 idem

135 2098 208 2130 aliis
239 2098 336 2130 etiam
364 2098 496 2131 comicis
523 2107 654 2140 operam
676 2108 766 2131 suam
788 2105 921 2132 navasse
942 2099 1081 2132 videtur.
1103 2102 1185 2133 Cum

136 2145 198 2177 hoc
219 2147 409 2186 argumento
431 2148 626 2186 conjunctus
648 2146 886 2186 quodammodo
911 2148 980 2178 erat
1008 2147 1090 2178 liber
1112 2148 1186 2188 Περὶ

136 2193 278 2233 ἑταιρῶν.
300 2192 496 2232 (Athenaeus
508 2195 600 2232 Xlll,
618 2201 650 2233 p.
666 2196 743 2232 591,
759 2195 786 2224 D
805 2202 812 2223 :
828 2191 988 2224 Ἑπλούτει
1006 2193 1038 2224 δὲ
1066 2193 1184 2235 σφόδρα

135 2240 156 2276 ἡ
170 2239 275 2280 Φρύνη
286 2263 295 2279 ,
312 2240 365 2270 καὶ
379 2241 561 2280 ὑπισχνεῖτο
576 2244 702 2280 τειχιεῖν
715 2240 769 2277 τὰς
783 2240 888 2278 Θήὸας
899 2264 908 2280 ,
922 2240 975 2271 ἐὰν
989 2240 1186 2282 ἐπιγράψωσι

134 2286 288 2322 Θηὸαῖοι,
309 2298 324 2313 t«
339 2286 527 2327 Ἀλεξάνδρος
551 2286 605 2326 μὲν
627 2286 842 2326 κατέσκαψεν,
863 2286 1013 2323 ἀνέστησε
1032 2285 1064 2317 δὲ
1081 2286 1186 2327 Φρύνη

134 2334 154 2370 ἡ
172 2332 298 2372 ἑταίρα,
318 2345 333 2359 n
356 2335 398 2368 ὡς
418 2335 534 2374 ἱστορεῖ
558 2332 787 2374 Καλλίστρατος
806 2333 836 2363 ἐν
852 2336 897 2373 τῷ
924 2333 997 2374 Περὶ
1023 2334 1184 2374 ἑταιρῶν.)

131 2378 287 2417 Ejusdem
306 2379 512 2420 Σύμμικτα
528 2379 605 2411 citat
627 2379 800 2411 Athenaeus
815 2381 874 2418 lli,
896 2388 927 2420 p.
948 2383 1024 2418 125,
1040 2381 1063 2411 B
1082 2381 1184 2421 (βιὸλ.

132 2422 165 2460 ζ’.
179 2424 220 2457 de
243 2426 436 2465 Simonide),
450 2427 483 2457 et
498 2425 642 2457 Erotian.
657 2434 688 2457 v.
704 2425 787 2466 χείαι
805 2426 816 2466 (
831 2426 908 2467 βίὸλ.
926 2426 958 2462 ς’
970 2427 993 2467 ).
1012 2428 1060 2458 Ex
1076 2426 1186 2459 iisdem

131 2471 221 2504 libris
246 2472 375 2504 fluxerit
393 2472 480 2513 quod
503 2473 678 2504 Athenaeus
693 2472 790 2504 habet
815 2475 850 2512 1,
869 2482 898 2513 p.
921 2477 954 2504 21
972 2497 981 2512 ‚
1000 2475 1025 2505 C
1048 2475 1187 2506 τΚαλλί-

135 2519 267 2560 στρατός
280 2530 314 2550 τε
333 2521 350 2550 ὁ
367 2519 610 2560 Ἀριστοφάνειος
633 2519 832 2561 Ἀρίσταρχον
851 2521 882 2552 ἐν
902 2520 1119 2562 συγγράμματι
1135 2533 1187 2553 κα·

132 2568 197 2600 κῶς
223 2565 343 2605 εἴρηκεν
366 2566 416 2597 ἐπὶ
442 2569 487 2607 τῷ
506 2567 547 2606 μή
573 2566 729 2607 εὐρύθμως
746 2566 965 2607 ἀμπέχεσθαι,
988 2568 1130 2608 φέροντός
1155 2580 1184 2599 τι

132 2612 188 2643 καὶ
211 2615 267 2643 τοῦ
289 2613 432 2644 τοιούτου
448 2614 522 2654 πρὸς
544 2613 685 2649 παιδείας
703 2613 850 2650 ἐξέτασιν.
867 2631 908 2636 -—
931 2615 1090 2646 Praeterea
1115 2615 1182 2647 vid.

131 2657 252 2690 indices
266 2659 436 2690 auctorum
458 2659 498 2690 ad
523 2658 614 2691 Phot.
631 2661 728 2700 Lex.;
747 2660 900 2700 Hesych„
920 2661 1110 2701 Harpocrat.
1128 2662 1182 2701 (v.

132 2705 275 2745 ἁπλᾶς),
292 2705 441 2745 Suidam,
457 2707 612 2737 Zonaram
623 2730 631 2744 ‚
650 2706 782 2739 Bekker.
802 2706 922 2739 Anecd.
940 2707 1081 2739 Plurima
1095 2717 1136 2740 ex
1148 2708 1185 2740 iis

134 2752 278 2783 enotavit
295 2751 465 2784 Clintonus
477 2754 513 2784 F.
537 2754 578 2784 H.
596 2754 659 2792 111,
677 2762 708 2793 p.
726 2756 799 2786 530.
825 2754 1013 2786 Accuratius
1026 2755 1096 2787 haec
1114 2764 1184 2796 per-

133 2798 331 2837 vestigatum
352 2800 469 2838 praesto
490 2798 550 2830 erit
578 2800 615 2830 R.
644 2799 801 2831 Schmidt.
827 2802 1013 2833 comment.
1033 2804 1082 2834 De
1108 2803 1183 2834 Cal·

134 2843 276 2876 listrato
301 2845 558 2885 Aristophaneo.
576 2845 666 2877 Halm
686 2850 775 2878 1838.
799 2847 1047 2887 Callistratus,
1073 2849 1129 2889 qui
1150 2850 1183 2881 in

134 2890 297 2922 nonnullis
323 2890 417 2922 codd.
446 2891 571 2931 Snidae‚
592 2892 869 2932 Harpocrationis,
896 2893 1001 2925 Photii
1020 2904 1084 2926 una
1109 2904 1182 2927 cum

137 2937 289 2969 Menecle
305 2939 398 2979 Περὶ
415 2938 576 2975 Ἀθηνῶν
593 2938 755 2978 laudatur,
771 2948 839 2971 esse
851 2940 946 2972 debet
963 2941 1181 2974 Callicrates.

135 2983 219 3015 Vide
230 2983 406 3024 fragmenta
416 2985 567 3017 Meneclis
581 2985 713 3017 Barcaei.
725 2986 845 3018 Eadem
859 2987 989 3018 nomina
1002 2990 1184 3028 permutata

133 3031 210 3061 sunt
225 3038 276 3070 ap.
295 3030 455 3062 Plutarch.
475 3032 540 3063 vit.
557 3033 585 3063 Χ
601 3033 692 3064 Orat.
709 3032 741 3063 in
766 3034 971 3065 Demosthen.
989 3035 1042 3075 (p.
1059 3039 1114 3067 281
1128 3060 1137 3076 ‚
1164 3042 1183 3069 9

133 3077 167 3107 in
191 3077 298 3118 Βιογρ.
327 3077 601 3118 Westermanni).
629 3095 672 3101 --
696 3078 782 3111 Alios
806 3080 1005 3112 callistratus
1029 3080 1102 3113 vide
1129 3090 1181 3122 ap.

133 3123 257 3156 Fabrie.
277 3124 311 3156 B.
329 3124 387 3157 Gr.
406 3125 454 3164 V,
471 3132 503 3164 p.
520 3128 580 3156 560
596 3133 645 3165 sq.

2225 256 2299 289 353

1258 322 1339 357 dius
1357 323 1455 359 inter
1475 325 1581 360 Arati
1600 324 1822 372 interpretes
1837 334 2055 365 recensetur
2074 331 2114 366 in
2140 332 2298 379 antiquo

1261 381 1436 429 catalogo
1452 382 1567 417 Petrii
1591 382 1771 427 Victorii,
1791 390 1834 418 ut
1858 396 1903 419 ex
1920 387 2051 425 Vossio
2075 388 2194 425 disco.
2223 389 2299 425 Sed

1259 450 1393 474 vereor
1416 451 1649 488 magnopere
1670 452 1717 475 ne
1737 441 1801 476 ille
1818 441 2047 480 Callistratus
2063 446 2174 482 fuerit
2191 448 2298 484 Cleo-

1254 504 1414 540 stratas;
1446 497 1525 544 ejus
1545 498 1646 533 enim
1669 497 1836 534 nominis
1856 498 2034 536 familiam
2061 511 2301 542 astronomo-

1256 567 1341 590 rum
1359 557 1400 591 in
1422 556 1577 592 Tenedo
1599 557 1669 593 ins.
1687 556 1872 592 habitasse
1895 568 2057 606 arguunt
2075 562 2301 598 Cleostratus

1255 614 1457 662 Tenedffls,
1478 614 1719 650 oct‘aeteridis
1734 615 1910 651 inventor
1930 616 2140 667 (Censorin.
2163 622 2222 657 18.
2245 622 2300 658 Cf.

1253 671 1392 708 Ideler.
1412 673 1552 710 Chron.
1574 673 1626 716 ΙΙ,
1645 685 1682 721 p.
1702 673 1777 709 605
1810 675 1902 723 sq.)‚
1920 682 2034 723 atque
2055 678 2147 713 alius
2167 678 2300 724 junior

1257 731 1467 780 Tenedius,
1490 732 1555 779 qui
1585 731 1841 768 Pleoenomena
1860 734 2010 782 scripsit
2026 734 2122 783 (vit.
2142 739 2246 773 Arat.
2262 739 2300 773 in

1255 789 1374 839 Βιογρ.
1397 791 1676 826 Westermanni
1694 803 1731 839 p.
1766 789 1828 837 57,
1854 804 1903 840 29
1923 800 1960 828 et
1985 793 2103 829 schol.
2131 796 2299 831 Vatican.

1248 847 1290 882 in
1308 848 1479 896 Euripid.
1501 849 1612 886 Rhes.
1642 848 1732 894 524,
1753 862 1794 897 p.
1823 862 1899 898 299
1922 851 1982 887 ed.
2011 851 2182 902 Cobet.).
2206 855 2299 890 Prae-

1251 912 1352 942 terea
1370 906 1573 944 Callistrati
1594 920 1733 943 nomen
1753 908 1854 943 haud
1873 910 1987 945 semel
2002 923 2089 945 cum
2101 910 2297 948 Callisthe-

1248 965 1305 1000 nis
1320 961 1521 1001 confusum
1532 978 1609 1002 esse
1627 966 1858 1002 ostendimus
1870 966 1919 1002 ad
1934 967 2066 1016 fragm.
2080 969 2295 1006 Callisthen.

1247 1034 1285 1069 p.
1299 1021 1361 1060 32.
1377 1024 1461 1058 Jam
1473 1036 1588 1071 quum
1603 1024 1723 1060 schol.
1740 1025 1921 1071 Apollon.
1932 1026 2063 1064 Rhod.
2080 1026 2232 1063 duobus
2243 1028 2301 1063 lo-

1249 1082 1301 1117 cis
1322 1081 1373 1129 (1,
1396 1083 1509 1129 1037.
1525 1085 1576 1129 ΙΙ,
1594 1083 1683 1130 672.
1701 1085 1746 1122 V.
1763 1084 1927 1121 Callisth.
1945 1084 1992 1123 fr.
2010 1085 2073 1133 39.
2092 1090 2157 1132 40,
2175 1099 2214 1135 p.
2233 1087 2299 1138 28)

1247 1140 1441 1187 Periplum
1472 1139 1706 1177 Callisthenis
1741 1141 1876 1178 laudet
1906 1142 1954 1178 de
1982 1143 2076 1179 locis
2109 1144 2297 1190 Ponticis,

1247 1199 1410 1246 suspicio
1440 1206 1495 1235 est
1526 1200 1583 1235 his
1610 1212 1764 1248 quoque
1788 1201 1882 1236 locis
1909 1214 1982 1249 pro
2005 1203 2151 1238 notiore
2180 1202 2300 1238 Calli-

1247 1257 1377 1292 sthene
1389 1258 1653 1305 reponendum
1667 1271 1743 1294 esse
1759 1259 2026 1305 Callistratum,
2050 1273 2213 1309 eumque
2224 1275 2295 1297 no-

1248 1321 1366 1350 strum
1388 1327 1464 1351 esse
1480 1316 1692 1351 Domitium
1706 1318 1972 1354 Heracleotam
1984 1346 1993 1363 ,
2014 1319 2079 1366 qui
2094 1317 2292 1368 Περίπλουν

1249 1371 1386 1409 Πόντου
1404 1373 1620 1409 condiderit
1633 1400 1643 1419 ,
1667 1375 1779 1410 sicuti
1800 1373 1916 1418 Ἀσίας
1932 1375 2120 1427 περίπλουν
2137 1390 2297 1425 compo-

1248 1438 1374 1467 suerat
1391 1431 1575 1479 Nymphis
1592 1433 1832 1470 Heracleota.

1663 1565 1879 1581 —Qooo—-u

1544 1679 1666 1717 ΠΕΡΙ
1695 1679 2004 1720 ΗΡΑΚΛΕΙΑΣ.

1534 1792 1563 1827 Ε
1591 1792 1744 1830 LIBRO
1772 1792 2015 1830 SECUNDO.

1762 1898 1797 1921 1.

1300 1970 1525 2018 Apollonius
1535 1971 1768 2016 Rhodiusll,
1787 1971 1878 2017 780,
1894 1972 2087 2007 Priolaum
2104 1971 2152 2021 (a
2166 1973 2298 2009 Priola

1246 2027 1334 2062 urbe
1359 2041 1478 2076 prope
1498 2030 1723 2064 Heracleam
1738 2027 1748 2077 )
1762 2055 1772 2073 ,
1795 2028 1949 2064 fratrem
1980 2027 2095 2076 Lyci,
2129 2031 2295 2077 Dascylo

1244 2085 1344 2128 nati,
1363 2086 1462 2132 regis
1481 2085 1843 2135 Mariandynoru1n‚
1866 2087 2003 2134 proelio
2020 2094 2154 2122 contra
2169 2088 2296 2134 Mysos

1248 2143 1448 2177 commisso
1474 2143 1714 2179 interfectum
1740 2156 1818 2180 esse
1853 2145 1970 2189 dicit,
2001 2151 2115 2192 atque
2133 2153 2296 2182 mortem

1246 2199 1326 2246 ejus
1352 2201 1465 2236 etiam
1484 2213 1586 2237 nunc
1604 2203 1799 2238 cantilenis
1824 2214 1847 2238 a
1865 2202 2123 2251 Mariandynis
2147 2202 2292 2240 defleri.

1245 2258 1304 2294 Ad
1326 2259 1406 2295 haec
1423 2259 1625 2295 scholiasta
1646 2273 1653 2295 :

1300 2314 1410 2359 Ἰδίως
1429 2316 1487 2354 τὸν
1507 2318 1737 2368 θρηνούμενον
1766 2317 2038 2370 (θρυλλούμενον
2067 2321 2196 2369 vulg.;
2219 2333 2292 2356 em.

1244 2375 1446 2425 Dindorf.)
1467 2374 1641 2427 Πριόλαόν
1660 2390 1767 2427 φησι,
1784 2375 1986 2424 τῶνᾶλλων
2004 2376 2157 2428 Βάρυνον
2172 2375 2290 2428 λεγόν-

1245 2447 1313 2469 των
1335 2431 1390 2470 τὸν
1407 2432 1527 2471 Τιτίου
1547 2432 1634 2480 υἱὸν,
1658 2436 1704 2477 ὡς
1720 2432 1863 2486 Νύμφις
1882 2434 1942 2472 καὶ
1962 2434 2238 2487 Καλλίστρατος.

1298 2491 1484 2540 Nymphis
1514 2491 1579 2541 (fr.
1605 2491 1654 2541 9)
1676 2493 1723 2529 de
1742 2495 1861 2542 patris
1878 2495 2034 2529 nomine
2061 2494 2156 2529 nihil
2173 2494 2295 2529 tradi-

1246 2549 1302 2585 dit
1314 2576 1324 2594 ,
1340 2562 1466 2597 neque
1482 2548 1637 2600 Βοίρυνον
1648 2551 1713 2586 sed
1730 2551 1878 2601 Βῶρμον
1893 2552 2001 2597 dixit,
2013 2553 2069 2587 uti
2086 2553 2295 2600 Hesychius

1244 2614 1274 2638 s.
1293 2615 1336 2647 v;
1356 2615 1516 2650 eamque
1541 2603 1704 2639 formam
1722 2605 1835 2639 etiam
1851 2617 1890 2642 n.
1913 2605 1940 2640 l.
1957 2604 2192 2653 reponijure
2210 2606 2292 2641 vult

1243 2660 1418 2696 Dindorf.
1432 2661 1470 2696 in
1480 2662 1610 2710 Steph.
1624 2662 1733 2700 Thes.
1744 2675 1779 2699 v,
1791 2660 1963 2714 Βώριμος.
1972 2664 2017 2699 In
2030 2663 2163 2699 codice
2174 2664 2291 2699 Paris.

1244 2726 1298 2755 est
1313 2720 1367 2755 ita
1386 2732 1394 2755 ε
1411 2717 1531 2757 Τιτίου
1547 2717 1582 2756 δὲ
1599 2718 1669 2763 υἱὸς
1685 2718 1831 2770 Βαρίνος
1846 2719 1940 2757 κατὰ
1958 2719 2100 2772 Νύμφιν
2119 2719 2179 2757 καὶ
2196 2721 2294 2759 Καλ-

1244 2775 1439 2828 λίστρατον,
1454 2776 1544 2814 κατὰ
1559 2776 1594 2815 δὲ
1611 2777 1735 2820 ἄλλους
1752 2776 1936 2829 Πριόλαος.
1952 2780 2147 2815 Postrema
2161 2780 2207 2815 de
2224 2792 2293 2815 suo

1244 2829 1394 2876 adjecit.
1416 2832 1512 2867 Nam
1531 2833 1584 2867 ita
1604 2832 1722 2869 schol.
1744 2831 1906 2879 AEschyl.
1932 2831 2032 2869 Pers.
2056 2837 2128 2880 941
2156 2845 2164 2868 z
2190 2832 2292 2869 Καλ-

1245 2886 1426 2938 λίστρατος
1444 2888 1478 2924 ἐν
1493 2887 1641 2940 δευτέρῳ
1659 2887 1746 2939 Περὶ
1758 2887 1981 2938 “Ηρακλείας,
1994 2890 2115 2927 Τιτίου
2129 2888 2213 2939 (vg.
2227 2889 2292 2926 Τι-

1243 2947 1324 2982 τυοῦ
1337 2947 1346 2995 )
1358 2946 1486 2988 παῖδας
1504 2939 1592 2983 εἷναί
1603 2961 1689 2998 φησι
1701 2944 1777 2995 δύο,
1791 2943 1948 2997 Πριόλαν
1959 2945 2018 2983 καὶ
2035 2945 2291 2998 Μαριανδυνὸν,

1243 3001 1280 3039 ὃν
1301 3006 1515 3054 κυνηγοῦντα
1535 3004 1747 3054 ἀπολέσθαι,
1766 3003 1826 3042 καὶ
1845 3002 1951 3056 μέχρι
1974 3007 2034 3042 τοῦ
2052 3008 2111 3043 ν’ὖν
2129 3006 2292 3055 Μαριαν-

1243 3060 1360 3103 δυνοὺς
1380 3063 1414 3099 ἐν
1430 3063 1528 3113 ἀκμῇ
1549 3062 1663 3113 θέρους
1683 3064 1816 3114 θρηνεῖν
1839 3062 1943 3101 αὐτόν
1956 3078 1964 3086 ·
1990 3063 2048 3101 τὸν
2069 3063 2104 3101 δὲ
2127 3065 2287 3114 Μαριαν-

1244 3118 1341 3156 δυνὸν
1366 3118 1514 3165 αὐξῆσαι
1535 3120 1690 3169 μάλιστα
1709 3119 1773 3167 τὴν
1799 3120 2008 3173 θρηνητικὴν
2036 3121 2209 3174 αὐλῳδίαν
2229 3120 2290 3159 καὶ

139 3188 2278 3208 Ἣ

463 3251 531 3290 ΒΕ
558 3251 843 3292 HERACLEA.

1285 3230 1490 3262 Callistratus
1506 3230 1588 3263 libro
1611 3230 1651 3263 de
1665 3232 1817 3263 Heraclea
1832 3231 1973 3263 secundo
1994 3231 2072 3262 dicit
2096 3231 2186 3262 Titiae
2208 3230 2289 3261 filios

1241 3289 1308 3312 esse
1330 3281 1491 3313 Priolaum
1505 3283 1537 3314 et
1556 3282 1815 3323 Mariandynum,
1830 3284 1864 3314 et
1881 3284 2010 3323 proeter
2029 3282 2089 3314 hos
2110 3284 2286 3318 Bormum,

178 3336 205 3364 1.
228 3331 322 3369 Quod
339 3331 482 3364 Priolans
493 3331 611 3364 dicitur
623 3332 687 3370 ille.
698 3341 795 3373 quem
806 3333 972 3366 cantilenis
984 3334 1180 3374 Mariandyni
1240 3333 1294 3373 qui
1308 3333 1340 3364 in
1359 3333 1528 3365 venatione
1542 3333 1669 3374 perierit
1684 3346 1692 3366 :
1719 3334 1963 3374 Mariandynum
1978 3342 2054 3365 vero
2076 3333 2214 3365 multum
2229 3341 2286 3363 ex·

134 3385 253 3426 lugent,
269 3384 435 3425 proprium
448 3385 496 3417 est
508 3385 684 3425 Apollonii3
698 3393 774 3417 nam
789 3385 886 3417 ceteri
900 3387 1062 3426 Barynum
1080 3387 1178 3425 (Bor-

134 3436 247 3476 mum)
263 3435 375 3468 dicunt
387 3436 479 3468 Titiae
494 3435 595 3468 filium
606 3460 615 3477 ,
636 3437 843 3478 utyNymphis
857 3439 888 3469 et
904 3438 1113 3470 Callistratus.

294 3516 481 3539 FRAGMENTA
501 3517 624 3541 ulsron.
647 3517 702 3541 GR.
722 3527 753 3532 -
768 3519 839 3541 vot..
853 3520 893 3547 lv,

1240 3384 1376 3416 coluisse
1389 3384 1548 3416 aulodiam
1562 3384 1772 3417 threneticam
1782 3406 1791 3424 ,
1807 3393 1942 3424 eamque
1954 3384 2100 3416 docuisse
2116 3384 2284 3423 Hyagnim,

1239 3438 1362 3477 patrem
1375 3438 1522 3477 Marsyae.

2093 3534 2127 3560 23
