2326 3724
129 230 203 261 306

294 335 626 375 ΜΑΚΕΔΟΝΙΚΗ
658 337 986 377 ΠΕΡῙΗΓΗΣΙΣ.

625 426 658 463 3.

171 501 349 549 Stephan.
366 503 455 550 Byz.
473 515 510 538 v.
528 500 686 544 Ἀὅάντις
700 514 709 540 :
724 503 831 540 Δοκεῖ
841 502 870 540 δ’
884 502 954 540 ἀπὸ
970 506 1029 541 τοῦ
1041 502 1164 542 Ἀὸάν·

117 573 186 600 τιος
222 552 308 595 εἶναι
339 558 377 596 τὸ
409 558 629 603 Ἀὅαντιάς...
655 560 841 612 Μαρτυρεῖ
871 559 907 598 δὲ
926 563 976 614 τῷ
1007 561 1164 614 προτέρῳ

117 617 209 669 λόγῳ
233 617 300 655 ἀπὸ
322 621 381 655 τοῦ
403 616 579 662 Ἀὅάντιος
598 617 780 662 Ἀὅαντιὰς
808 619 847 656 τὸ
871 618 1035 657 Ἀὅαντία
1055 621 1165 666 θηλυ-

116 675 195 714 κόν·
224 677 307 729 ὅπερ
327 691 393 715 που
414 675 506 714 κατὰ
529 676 747 729 βαρῧαρικὴν
769 676 901 729 τροπὴν
923 681 983 715 τοῦ
1014 681 1034 730 β
1068 679 1114 722 εἷς
1139 694 1165 727 μ

117 734 284 784 Ἀμαντία
311 734 436 786 ἐλέχθη
468 735 565 788 παρὰ
585 735 766 788 Ἀντιγόνῳ
793 737 827 773 ἐν
848 737 1072 788 Μακεδονικῇ
1101 752 1164 774 πε-

118 792 292 844 ριηγήσει.
326 793 558 845 Καλλίμαχος
583 794 619 832 δὲ
643 793 865 844 Ἀμαντίνην,
884 796 931 838 ὡς
959 794 1162 841 Λεοντίνην,

117 850 227 898 αὐτὴν
248 851 335 904 ἔφη·
356 870 372 887 α
394 852 468 891 Καὶ
488 852 697 903 Ἀμαντίνην
716 852 850 905 ᾤκισαν
865 852 1042 905 Ὠρικίην.
1065 870 1080 886 »1
1104 854 1161 892 Cf.

116 912 247 960 steph.
281 914 367 960 Byz.
404 926 411 949 :
436 911 623 961 Ἀμαντία,
650 911 828 964 Ἰλλυριῶν
863 912 988 964 μοῖρα,
1015 911 1164 958 πλησίον

117 969 262 1022 Ὠρικοῧ
283 970 343 1007 καὶ
367 970 569 1042 Κορκύρας,
599 970 634 1015 ἐξ
659 969 836 1008 Ἀὅοίντων
857 986 926 1007 των
946 970 1016 1008 ἀπὸ
1035 969 1165 1022 Τροίας

115 1027 357 1074 νοστησάντων
369 1028 563 1081 ᾠκισμένη,
581 1028 815 1080 Καλλίμαχος
830 1028 1040 1079 Ἀμαντίνην
1055 1028 1164 1075 αὐτήν

115 1100 215 1137 φησι·
229 1090 269 1132 ἧς
287 1086 325 1124 τὸ
342 1087 504 1133 κτητικὸν
520 1087 758 1136 Ἀμαντινική.
780 1086 949 1138 Λέγονται
967 1087 1024 1125 καὶ
1040 1086 1161 1126 'Afflic-

114 1159 179 1187 τες.
196 1147 320 1194 Etym.
341 1148 392 1182 M.
410 1160 447 1185 V.
463 1143 645 1196 ’.Αμαντες
662 1147 829 1196 Hesych.
845 1161 874 1184 s.
891 1161 928 1183 v.
948 1149 1048 1183 Num
1063 1148 1165 1184 idem

114 1205 160 1239 sit
171 1204 234 1240 hic
249 1206 460 1254 Antigonus
474 1219 560 1242 cum
576 1207 923 1253 Italiconfiuctore,
941 1220 1020 1243 non
1031 1209 1162 1255 liquet.

114 1265 170 1299 De
190 1265 381 1313 Antigono
403 1263 491 1316 Περὶ
520 1264 711 1316 ζωγράφων
728 1274 766 1302 et
784 1264 873 1318 Περὶ
892 1264 1049 1302 πινάκων
1076 1268 1164 1303 scri-

112 1329 246 1370 ptore,
266 1323 354 1359 vide
368 1324 582 1360 Polemonis
602 1324 811 1373 fragmenta
828 1338 869 1374 p.
897 1325 968 1361 132
997 1338 1054 1373 sq.

539 1438 753 1453 ψ

469 1522 806 1579 ANTILEO.

508 1640 757 1679 XPONJKA.

395 1749 424 1783 E
453 1747 601 1784 LIBRO
631 1747 872 1786 SECUNDO.

687 230 1022 282 ANTILEOMS,
1053 232 1352 281 ANTlLocffl‚
1383 234 1703 287 ANT1PATR!‚·

1226 321 1435 372 τευσάμενος
1456 322 1526 361 ἀπὸ
1543 325 1606 370 τῆς
1628 324 1837 378 Πυθαγόρου
1853 325 1991 372 ἡλικίας
2008 326 2064 364 ἐπὶ
2085 325 2146 373 τὴν
2167 327 2276 367 Ἐπι-

1225 378 1350 433 κούρου
1367 380 1531 428 τελευτὴν
1544 411 1554 429 ,
1583 383 1811 433 Γαμηλιῶνος
1831 383 1906 435 (δὲ)
1938 383 2066 436 δεκάτῃ
2088 386 2276 437 ἱσταμένου

1225 438 1425 489 γενομένην,
1443 439 1503 486 ἔτη
1521 439 1616 493 φέρει
1628 439 1675 479 τὰ
1690 442 1806 479 πάντα
1824 441 2006 494 τριακόσια
2024 442 2170 480 δώδεκα.
2191 444 2273 494 (Ol.

1231 510 1319 546 127,
1351 498 1388 538 3.
1423 512 1498 545 270
1524 511 1557 537 a.
1585 501 1627 538 C.
1653 501 1710 538 Cf.
1733 502 1846 550 Diog.
1874 502 1932 548 X,
1956 501 2016 538 15.
2041 503 2208 539 Clinton.
2227 503 2278 540 ad

1227 557 1268 592 h.
1289 569 1324 594 a.
1342 556 1352 606 )

1283 617 1458 653 Fortasse
1469 617 1571 654 hunc
1584 619 1829 655 Antilochum
1843 621 1966 668 signat
1976 621 2180 668 Dionysius
2191 621 2276 658 Hal.

1226 675 1283 709 De
1303 675 1410 710 verb.
1432 688 1606 725 compos.
1629 684 1711 713 tom
1731 680 1777 723 V,
1795 691 1835 727 p.
1860 678 1908 714 30
1928 679 1990 717 ed.
2013 681 2075 725 R.
2095 680 2162 715 ubi
2178 680 2277 716 inter

1225 745 1291 768 eos
1301 759 1310 777 ‚
1329 734 1395 780 qui
1409 742 1534 782 aptam
1550 735 1757 772 verborum
1770 739 2087 785 compositionem
2103 739 2275 787 neglexe—

1225 785 1324 830 1int,
1356 795 1527 823 recenset
1553 788 1776 836 Polybium,
1802 791 2008 836 Psaonem‚
2042 791 2278 827 Demetrium

1226 842 1482 889 Calactinum,
1520 846 1816 894 Hieronymum,
1855 845 2038 885 Ἀντίλο·
2028 861 2101 898 γον
2141 847 2274 898 (sic),

1227 902 1488 952 Heraclidem,
1513 904 1715 951 Hegesiam
1730 906 1959 954 Magnetem.
1980 928 2032 934 -—
2057 906 2278 942 Antilochus

1227 968 1407 1008 corrupte
1434 973 1508 1009 pro
1538 963 1723 999 Antiocho
1749 964 1927 1000 laudatur
1956 978 2015 1014 ap.
2045 965 2273 1002 Theodoret.

1226 1019 1387 1067 Therap.
1410 1020 1523 1065 VIII,
1542 1033 1584 1069 p.
1607 1021 1695 1069 908.
1715 1020 1780 1071 (V.
1801 1022 2118 1075 Amrmmcnus.)

1282 1230 1621 1270 ANTIMACHUS.
1644 1231 1773 1271 Schol.
1790 1234 2036 1283 Aristoplian.
2054 1234 2156 1273 Nub.
2177 1245 2275 1271 1022

1226 1289 1348 1324 varios
1367 1291 1614 1326 Antimachos
1635 1303 1854 1341 recensens,
1876 1290 2054 1340 πέμπτος,
2077 1293 2149 1338 ait,
2175 1292 2272 1330 ἵστο-

1227 1345 1410 1398 ριογρᾶφος
1435 1348 1514 1398 (Cf.
1536 1350 1707 1388 Diibner.
1725 1351 1774 1387 ad
1791 1352 1828 1387 h.
1843 1352 1868 1390 1.
1881 1351 1906 1402 ).
1929 1351 2023 1391 Ead.
2041 1352 2174 1390 Suidas
2189 1364 2217 1389 s.
2230 1365 2271 1390 v.

1660 1467 1866 1482 *000*—

1277 1539 1573 1585 ANTIOCHUS,
1592 1540 1659 1587 qui
1673 1536 1729 1577 Τὰ
1744 1537 1834 1577 κατὰ
1844 1538 1945 1577 πόλιν
1959 1538 2090 1589 μυθικὰ
2102 1543 2269 1591 scripsit,

1223 1597 1402 1633 laudatur
1417 1610 1477 1646 ap.
1498 1598 1658 1636 Ptolem.
1677 1598 1866 1647 Hephaest.
1887 1599 1928 1634 in
1940 1600 2053 1638 Phot.
2072 1599 2159 1636 cod.
2183 1596 2272 1648 1¹90,

1222 1655 1317 1692 Vide
1329 1655 1462 1705 fragm.
1476 1655 1712 1693 Athenodori
1729 1658 1951 1694 Eretriensis
1965 1666 2002 1694 et
2017 1659 2274 1708 Amphilochi.

1222 1716 1401 1751 Antiochi
1414 1716 1662 1752 Alexandrini
1681 1714 1768 1766 Περὶ
1783 1717 1851 1752 τῶν
1868 1716 1903 1752 ἐν
1922 1718 1965 1768 τῇ
1991 1715 2080 1768 μέσῃ
2101 1716 2271 1769 κωμῳδίᾳ

1222 1772 1508 1825 κωμῳδουμένων
1543 1774 1697 1820 ποιητῶν
1740 1775 1911 1810 meminit
1945 1776 2146 1812 Athenaeus
2188 1777 2245 1813 XI
2257 1803 2267 1822 ,

164 1850 324 1897 Diogen.
352 1849 477 1884 Iaert.
499 1850 580 1894 III,
605 1847 650 1897 3,
672 1849 718 1886 de
738 1849 928 1887 Platone.
949 1841 1022 1886 ὟΗν
1049 1847 1084 1886 δὲ
1101 1847 1159 1886 τὸν
1219 1832 2177 1883 p.482,C.V1deMe1nek.com,1‚p,14.285.

112 1907 221 1956 δῆμον
240 1905 455 1953 Κολλυτευς,
472 1922 517 1949 ως
531 1921 634 1957 φησιν
653 1906 864 1944 Ἀντιλέων’
849 1922 884 1944 εν
902 1905 1050 1958 δευτέρῳ
1070 1905 1159 1959 Περὶ

111 1965 259 2017 χρόνων.

619 2050 655 2075 2.

165 2109 299 2144 Pollux
319 2109 375 2153 ΙΙ,
402 2112 446 2152 4,
486 2106 554 2143 151
589 2119 599 2144 t
626 2106 967 2158 Μακρόχειρ,ὡς
987 2109 1004 2144 ὃ
1029 2105 1163 2145 Ὑστά-

111 2180 199 2203 σπου
220 2167 383 2216 Δαρεῒος,
418 2163 508 2202 κατὰ
529 2164 586 2202 τὸν
608 2164 859 2212 Πολύκλειτον,
885 2164 907 2211 ἢ
930 2167 976 2209 ὡς
1008 2162 1157 2215 Ξέρξης,

110 2223 201 2261 κατὰ
220 2222 436 2262 Ἀντιλέοντα
450 2255 458 2271 ,
479 2222 501 2269 ἢ
519 2216 630 2274 ῗΩχος
650 2225 668 2261 ὃ
687 2223 889 2270 ἐπικληθεὶς
916 2223 1157 2276 Ἀρταξέρξης.

524 2339 740 2354 ..ῥυσια-

384 2416 874 2475 ANTILOCHUS.

516 2533 751 2572 ιΣΤοΡΕΣ.

162 2633 280 2670 Ciem.
301 2633 362 2670 Al.
381 2634 521 2669 Strom.
538 2634 577 2678 Ι,
598 2646 631 2668 c.
655 2634 714 2682 16,
729 2646 769 2682 p.
794 2633 882 2679 133,
903 2633 947 2669 31
970 2634 1158 2683 Sylb.(11,

113 2691 160 2726 56
175 2693 301 2728 Klotz.
318 2691 328 2740 )
346 2703 354 2729 ζ
368 2690 561 2742 Ἀντίλοχος
579 2690 613 2728 δὲ
627 2684 671 2727 αἶ’]
690 2693 707 2728 ὁ
721 2690 799 2734 τοὺς
816 2690 979 2743 Ἵστορας
992 2706 1158 2742 πραγμα-

296 2809 542 2848 MACEDON
551 2810 630 2847 lCA
659 2809 968 2849 PERIEGESIS.

616 2901 650 2934 3.

151 2961 286 2993 Videtur
301 2970 319 2992 a
339 2970 417 2992 voce
433 2962 586 2998 Ἀὃάντιος
611 2962 749 2994 derivari
770 2961 968 2999 Ἀδαντιάς...
991 2961 1160 2994 consentit

111 3013 184 3043 huic
207 3013 319 3044 rationi
343 3013 532 3044 femininum
547 3013 708 3053 Ἀὅαντία,
725 3022 799 3054 quae
823 3014 909 3054 regio
934 3015 1030 3054 juxta
1042 3013 1156 3046 harba-

110 3065 208 3095 ricam
222 3064 433 3096 mutationem
447 3065 546 3096 literae
559 3066 577 3106 β
591 3065 622 3096 in
637 3065 761 3097 literam
776 3077 810 3106 μ,
824 3065 909 3107 apud
923 3067 1115 3107 Antigonum
1125 3066 1158 3098 in

111 3115 316 3148 Macedonica
330 3115 479 3156 periegesi
497 3116 639 3157 Ἀμαντία
662 3118 808 3149 vocatur.

497 3216 770 3255 CHRONICA.

152 3305 243 3337 Plato
258 3313 335 3344 pago
350 3303 540 3343 Collytcnsis
550 3304 619 3335 crat
629 3327 637 3343 ,
651 3304 688 3335 ut
701 3303 826 3336 Antileo
839 3304 883 3336 ait
897 3304 1037 3336 secundo
1051 3304 1157 3338 Chro-

110 3358 267 3390 nicornm.
615 3402 636 3433 2

156 3458 395 3496 Lonyz'mamcs.
412 3455 463 3488 Sic
477 3455 581 3487 (lictus
593 3455 706 3487 Darius
721 3456 895 3497 Hystaspis,
910 3456 1087 3489 secundum
1102 3460 1158 3489 Ρο-

1490 2031 1979 2087 ANTIPATER.

1578 2149 1702 2188 ΠΕΡΙ
1731 2149 1912 2189 ΡΟΔΟΥ.

1528 2243 1558 2277 Ε
1585 2243 1736 2280 LIBRO
1764 2243 1960 2281 TERTIO.

1275 2334 1405 2382 steph.
1421 2335 1505 2382 Byz.
1527 2347 1534 2370 :
1552 2332 1727 2384 Ἀρμενία,
1744 2332 1845 2386 χώρα
1861 2332 2009 2379 πλησίον
2025 2334 2093 2371 τῶν
2109 2334 2268 2386 Περσῶν,

1222 2391 1292 2429 ἀπὸ
1310 2390 1476 2443 Ἀρμένου
1496 2391 1636 2430 “Ροδίου
1649 2421 1661 2441 ,
1682 2394 1727 2435 ὡς
1746 2390 1969 2443 Ἀντίπατρος
1993 2393 2028 2430 ἐν
2047 2391 2154 2445 τρίτῳ
2179 2393 2268 2445 Περὶ

1221 2449 1361 2489 Ῥόδου.
1383 2453 1457 2498 Qui
1477 2452 1591 2487 fuerit
1608 2452 1671 2488 hic
1691 2452 1891 2500 Antipater
1909 2453 2008 2488 inter
2023 2459 2082 2488 tot
2101 2451 2268 2499 ejusdem

1222 2511 1386 2547 nominis
1403 2511 1610 2559 scriptores
1625 2511 1706 2547 aliis
1722 2510 1968 2547 divinandum
1986 2511 2176 2559 relinquo.

1219 2799 1389 2840 lycletum,
1406 2801 1456 2832 vei
1470 2803 1608 2841 Xerxes,
1633 2801 1810 2833 secundum
1830 2801 2063 2840 Antileontem,
2089 2801 2140 2832 vel
2157 2801 2268 2834 Ochus

1219 2855 1431 2894 cognomento
1451 2854 1657 2885 Artaxerxes.

1485 2959 1550 2997 DE
1579 2958 1715 2998 VIRIS
1744 2959 1997 2999 ERUDITIS.

1258 3067 1447 3099 Antilochus
1467 3067 1523 3108 qui
1543 3069 1590 3099 De
1603 3067 1680 3099 viris
1700 3067 1832 3099 eruditis
1844 3075 1925 3108 opus
1946 3067 2101 3107 confecit,
2115 3076 2134 3099 a
2147 3068 2264 3108 Pytha·
2324 3068 2326 3077 '

1217 3128 1302 3159 gorae
1325 3120 1420 3151 aetate
1442 3127 1542 3159 usque
1563 3118 1602 3150 ad
1625 3118 1752 3159 Epicuri
1782 3119 1940 3158 mortem,
1963 3127 2037 3159 quae
2055 3119 2192 3159 pertinet
2224 3119 2264 3151 ad

1216 3171 1302 3203 diem
1323 3172 1483 3204 decimum
1497 3171 1709 3211 Gamelionis‚
1728 3179 1830 3203 annos
1851 3180 1918 3204 esse
1943 3172 1987 3204 ait
2006 3173 2166 3204 trecentos
2181 3172 2264 3204 duo·
2321 3188 2326 3224 ss

1217 3224 1333 3257 decim.

1597 3301 1664 3339 DE
1692 3299 1882 3339 RHODO.

1260 3405 1405 3438 Armenia
1414 3428 1423 3444 ,
1435 3407 1518 3446 regio
1530 3404 1631 3437 Persis
1643 3404 1791 3444 finitima,
1805 3404 1846 3436 ab
1855 3407 1995 3436 Armeno
2005 3403 2129 3436 Rhodio
2145 3412 2261 3436 nomen

1220 3457 1333 3497 habet,
1348 3458 1431 3490 teste
1445 3457 1612 3497 Antipatro
1628 3457 1660 3489 in
1676 3456 1770 3489 tertio
1784 3456 1865 3488 libro
1881 3458 1927 3489 De
1941 3455 2065 3488 Rhodo.
2323 3453 2326 3460 '
