2372 3704
131 232 206 264 386

539 333 759 396 ΚΤΙΣΕΙΣ.

619 424 680 462 13.

176 505 304 553 Steph.
328 518 335 541 :
356 503 517 554 Ὀλιζὼν,
533 505 633 550 πόλις
649 507 893 552 Θεσσαλίας...
912 509 1118 560 Ὠνομάσθη
1136 512 1171 551 δὲ

123 561 192 599 ἀπὸ
215 566 274 600 τοῦ
296 562 405 615 μικρὰ
433 558 535 602 εἶναι.
559 566 739 605 Θεσσαλοὶ
757 568 842 619 γὰρ,
871 569 917 612 ὡς
936 571 1067 622 ἱστορεῖ
1094 575 1171 619 Δη-

123 619 292 668 μοσθένης
321 622 355 658 ἐν
382 621 550 673 Κτίσεσι,
574 623 613 662 τὸ
642 623 765 678 μικρὸν
788 625 900 671 ὄλιζον
929 629 1087 668 καλοῦσι.
1119 629 1172 669 Τὸ

121 678 251 716 ἐθνικὸν
267 679 477 725 Ὀλιζώνιος.

618 766 677 804 14.

171 839 278 875 Idem
295 853 304 876 :
324 837 532 892 Λάμψακος,
546 839 645 884 πόλις
658 841 750 878 κατὰ
767 840 829 887 τὴν
844 842 1083 894 Προποντίδα,
1100 842 1169 881 ἀπὸ

118 895 342 948 Λαμψάκης,
357 897 549 950 ἐπιχωρίας
566 898 658 942 τινὸς
674 899 790 951 κόρης.
808 897 914 938 Ἔστι
931 900 966 937 δὲ
985 901 1168 940 Φωκαέων

117 956 268 1005 κτίσμα,
283 956 394 994 πάλαι
415 959 600 998 Πιτυοῧσα
617 957 788 1007 λεγομένη
801 988 811 1007 ,
829 960 874 1001 ὡς
890 956 1040 1011 Δηίοχος
1059 962 1077 998 ὁ
1095 963 1170 999 Κυ-

116 1014 291 1061 ζικηνός...
311 1015 385 1052 ἔστι
406 1014 440 1052 δὲ
458 1015 628 1060 εὔοινος...
651 1016 875 1066 Δημοσθένης
892 1017 926 1054 δὲ
948 1017 1004 1054 διὰ
1021 1017 1060 1054 τὸ
1077 1017 1166 1057 εὔοι-

116 1088 172 1110 νον
192 1073 251 1111 καὶ
267 1073 433 1125 Πριάπου
450 1073 584 1125 κτίσμα
600 1074 732 1122 ταύτην
748 1075 833 1128 φησὶ
844 1104 854 1123 ,
872 1079 933 1114 τοῦ
950 1078 1024 1114 υἱοῦ
1047 1076 1166 1131 Ἀφρο-

116 1131 211 1178 δίτης
229 1131 289 1170 καὶ
316 1133 497 1171 Διονύσου.

612 1216 672 1253 15.

166 1300 272 1336 Idem
303 1314 311 1336 :
344 1300 530 1350 Χαλκεῖά,
552 1299 651 1342 πόλις
678 1299 824 1347 Azam-
847 1303 865 1339 ὃ
885 1299 1097 1355 Πολυΐστωρ
1130 1305 1164 1342 ἐν

114 1357 277 1397 Λιὲυκῶν
298 1360 422 1413 τρίτῳ,
443 1362 489 1404 ὡς
509 1359 735 1409 Δημοσθένης
750 1393 759 1409 ,
780 1356 809 1415 ᾧ
831 1362 1053 1415 μεμφόμενος
1083 1366 1157 1402 Πο-

111 1414 227 1461 λύῧιος
240 1419 273 1456 ἐν
284 1420 333 1470 τῷ
346 1419 532 1471 δωδεκάτῳ
546 1413 612 1457 ὧδε
624 1419 748 1472 γράφει
760 1436 769 1442 ·
780 1439 796 1453 α
812 1420 943 1472 Ἀγνοεῒ
957 1421 991 1459 δὲ
1004 1422 1164 1473 μεγάλως

112 1475 171 1512 καὶ
188 1476 231 1513 τὰ
248 1477 328 1528 περὶ
347 1479 414 1515 τῶν
434 1478 630 1517 Χαλκείων·
651 1477 729 1516 οὔτε
749 1478 817 1531 γὰρ
833 1481 933 1523 πόλις
950 1480 1056 1527 ἐστὶν,
1072 1480 1162 1518 ἀλλὰ

110 1536 357 1587 χαλκουργεῖα.
384 1554 398 1569 »
415 1539 514 1573 Num
536 1546 639 1574 reete
655 1552 733 1574 sese
753 1540 893 1575 habeat
908 1541 947 1577 h.
971 1541 997 1576 l.
1020 1554 1161 1577 nomen

110 1596 394 1639 Demosthenis,
416 1597 489 1631 viri
506 1597 610 1632 docti
627 1597 916 1633 addubitarunt.
945 1600 990 1635 V.
1011 1606 1092 1637 not.
1114 1599 1160 1635 ad

113 1654 347 1690 Callisthenis
367 1655 414 1693 fr.
441 1655 504 1700 35,
522 1668 563 1704 p.
582 1655 644 1692 26.

522 1778 738 1793 ..ψ-

406 1882 869 1939 DEMOTELES.

468 2009 803 2048 ΑΙΓΥΠΤΙΑΚΑ.

157 2108 372 2144 Demoteles
387 2108 487 2156 apud
500 2109 664 2144 Plinium
682 2110 730 2144 H.
749 2110 797 2146 N.
817 2109 1003 2155 XXXVI,
1024 2121 1082 2154 12,
1099 2110 1155 2144 in-

106 2174 163 2201 ter
176 2179 239 2202 eos
252 2174 470 2202 recensetur
483 2168 549 2214 qui
567 2167 613 2202 de
629 2167 894 2216 pyramidibus
910 2168 1154 2216 scripserunt.

104 2225 197 2260 Vide
223 2224 434 2273 fragmenta
452 2225 693 2273 Aristagorae.
717 2246 769 2251 —
789 2227 972 2261 Praeterea
992 2227 1156 2262 mentio-

103 2296 189 2318 nem
210 2282 290 2328 ejus
309 2282 431 2329 injicit
452 2284 593 2318 Plinius
607 2284 793 2329 XXXVI,
818 2284 884 2330 13,
909 2297 977 2332 19,
1004 2297 1019 2319 1
1049 2298 1056 2319 :
1081 2287 1154 2320 Di-

103 2354 230 2376 camus
243 2349 281 2376 et
294 2342 535 2388 labyrinthos,
556 2343 623 2377 vel
630 2346 982 2390 portentosissimum
995 2343 1154 2379 humani

103 2401 284 2448 impendii
304 2413 410 2448 opta,
437 2402 610 2444 sednon,
635 2409 677 2436 ut
693 2405 905 2437 existimari
917 2410 1047 2450 potest,
1064 2401 1153 2448 fal-

103 2471 196 2495 sum.
224 2460 344 2493 Durat
367 2462 569 2494 etiamnum
593 2463 632 2494 itz
652 2462 815 2507 AEgypto
829 2487 838 2503 ‚
859 2461 1153 2509 Heracleopolite

104 2517 217 2566 (deb.
240 2517 446 2566 Arsinoite)
465 2530 592 2560 nomo,
614 2521 676 2564 qui
688 2522 831 2564 primus
839 2517 972 2564 factus
993 2528 1048 2554 est
1065 2529 1153 2555 ante

102 2588 234 2618 armos,
273 2583 315 2610 ut
343 2577 509 2619 tradunt,
545 2577 685 2611 MlllM
688 2577 757 2612 DC
783 2589 807 2610 a
836 2577 1035 2612 Peeesuchi
1065 2591 1152 2624 rege

100 2632 340 2680 Sewecnefioe
358 2634 431 2683 (sic
446 2636 609 2671 Bunsen.
627 2648 637 2679 ;
658 2635 745 2670 libri
764 2636 983 2671 :Petesuchi
996 2637 1063 2671 vel
1075 2638 1148 2672 Pe-

102 2701 241 2728 tesucco
269 2705 356 2740 rege
385 2697 459 2728 sive
493 2693 657 2742 Tithoe),
699 2706 923 2741 quamquam
947 2695 1152 2729 Herodotus

103 2754 215 2780 totum
246 2759 337 2793 opus
370 2748 465 2782 XII
498 2760 626 2794 regum
656 2748 749 2782 dicit
782 2759 860 2782 esse
896 2751 1151 2794 novissimique

102 2804 379 2842 Psammetichi.
404 2806 566 2842 Causam
576 2804 757 2850 faciendi
777 2809 881 2841 varie
904 2809 1149 2854 interpretan-

102 2871 170 2897 tur.
203 2864 410 2899 Demoteles
435 2869 580 2912 regiam
611 2866 823 2900 Menevidis
859 2864 934 2914 (sie
957 2867 1147 2910 Bunsen.;

378 2986 582 3026 URBIUM
607 2987 862 3027 ORIGINES.

595 3077 652 3109 13.

141 3144 270 3183 Olizon,
296 3146 373 3176 urbs
397 3146 588 3186 Thessaliae‚
614 3156 731 3179 nomen
745 3157 783 3180 ex
800 3157 838 3181 eo
859 3148 972 3187 habet,
995 3148 1082 3190 quod
1098 3149 1147 3181 est

99 3204 208 3235 parva.
229 3196 369 3227 Thessali
385 3197 488 3237 enim,
508 3200 545 3229 ut
570 3200 799 3231 Demosthenes
824 3202 932 3234 narrat
959 3200 992 3232 in
1011 3201 1145 3232 Urbium

98 3247 292 3287 originibus,
307 3248 404 3284 ὄλιζον
418 3249 529 3280 dicunt
544 3259 602 3290 pro
614 3259 734 3290 parvo.
758 3252 884 3284 Gentile
901 3252 1075 3285 olizonius.

596 3329 651 3361 14.

139 3397 348 3437 Lampsacus,
360 3397 437 3428 urbs
449 3397 487 3429 ad
514 3399 737 3438 Propontidem
747 3424 756 3439 ‚
773 3409 891 3432 nomen
905 3401 1000 3433 habet
1019 3410 1037 3432 a
1050 3403 1143 3433 Lam-

99 3455 209 3488 psace,
234 3448 337 3488 puella
354 3450 493 3489 quadam
510 3450 666 3491 indigena.
683 3453 737 3483 Est
755 3461 829 3483 vero
857 3453 1066 3486 Pliocensium
1085 3462 1141 3485 co-

928 233 1238 283 DEMOTELIS,
1267 234 1491 276 DERCYLI

1233 324 1434 359 Moteridis
1453 324 1542 363 cod.
1566 325 1765 375 Bamberg.
1783 354 1793 372 ,
1811 327 2048 366 hlotherudis
2063 343 2136 380 vgo
2151 329 2187 382 )‚
2207 334 2282 380 Ly-

1231 394 1317 416 ceas
1345 383 1548 431 sepulcrum
1581 384 1779 428 sploeridis;
1801 387 1933 434 plures
1964 389 2043 425 Soli
2073 403 2218 427 sacrum
2241 393 2281 427 id

1232 449 1470 484 cavernulam,
1508 443 1608 489 quod
1638 447 1805 480 maxime
1831 447 2004 486 creditur.
2036 451 2078 485 V.
2112 448 2274 485 Bunsen.

1231 501 1418 546 AEgypten
1441 506 1531 534 tom.
1560 501 1640 546 ΙΙΙ,
1663 515 1704 550 p.
1738 502 1810 552 893
1839 511 1933 542 tom.
1954 507 2008 552 ΙΙ,
2027 519 2068 555 p.
2094 506 2164 553 54,
2195 516 2278 545 not.

1231 557 1449 596 Manethon.
1471 558 1604 606 fragm.
1624 565 1719 598 tom.
1737 562 1797 606 11,
1813 574 1853 611 p.
1879 561 1970 606 542.

1650 690 1864 705 ἥθ’-

1339 798 1725 859 DERCYLUS
1764 797 2166 883 (ARGIVUS).

1283 929 1431 964 Nomen
1443 931 1609 967 auctoris
1622 931 1730 966 vario
1744 931 1861 967 modo
1876 939 2051 968 exaratur
2066 945 2075 968 :
2089 931 2275 984 Δερκύλος,

1229 984 1424 1036 Δέρκυλος,
1442 985 1648 1039 Δέρκυλλος.
1667 990 1849 1026 Similiter
1861 989 2075 1040 Δερκυλίδας
2091 992 2132 1027 in
2147 993 2277 1029 multis

1228 1046 1336 1081 libris
1361 1046 1541 1082 scribitur
1558 1047 1805 1097 Δερκυλλίδας.
1830 1048 1877 1098 (⁴¹)
1896 1049 2175 1086 Praeferendum
2198 1050 2276 1087 du-

1227 1100 1318 1146 plici
1333 1099 1485 1135 lambda
1505 1101 1660 1149 simplex
1675 1114 1751 1137 esse
1763 1101 2034 1138 demonstravit
2045 1105 2088 1141 L.
2103 1103 2272 1140 Dindor-

1226 1156 1296 1193 flus
1311 1158 1351 1193 in
1372 1159 1499 1206 Steph.
1518 1159 1629 1196 Thes.
1650 1160 1715 1198 Gr.
1736 1173 1764 1198 s,
1779 1161 1819 1198 h.
1843 1173 1897 1206 v.‚
1910 1161 1979 1196 ubi
1995 1161 2093 1198 vide.
2108 1162 2273 1198 Patriam

1228 1217 1379 1264 Dercyli
1398 1217 1615 1265 Argolidem
1631 1217 1742 1254 fuisse
1751 1226 1861 1266 puto.
1878 1220 2039 1255 Dialecti
2051 1221 2183 1268 patriae
2197 1220 2274 1256 for-

1223 1286 1301 1309 mas
1314 1287 1400 1310 eum
1413 1276 1578 1311 sermoni
1595 1289 1664 1312 suo
1680 1276 1918 1313 admiscuisse
1934 1277 2119 1315 docemur
2137 1279 2184 1315 ab
2204 1291 2273 1315 au-

1224 1340 1328 1369 ctore
1355 1335 1480 1382 Etym.
1511 1336 1610 1383 Mag.
1643 1349 1684 1384 p.
1716 1335 1812 1384 391,
1838 1349 1883 1372 12
1906 1347 1915 1373 ε
1936 1333 2102 1387 Ἀργεῖοι,
2124 1337 2268 1386 inquit,

1222 1389 1282 1427 καὶ
1301 1390 1467 1434 Λάκωνες
1480 1391 1539 1429 καὶ
1562 1392 1769 1445 Παμφύλιοι
1789 1392 1849 1431 καὶ
1867 1393 2056 1446 Ἐρετριεῖς
2072 1393 2134 1432 καὶ
2154 1394 2270 1447 Ὠρώ-

1221 1464 1314 1496 πιοι,
1349 1449 1482 1487 ἔνδειαν
1513 1454 1573 1488 τοῦ
1605 1466 1627 1488 σ
1657 1455 1849 1498 ποιοῦντες,
1887 1452 2030 1490 δασεῖαν
2057 1453 2272 1505 χαράττουσι

1223 1513 1293 1551 τοῖς
1320 1507 1579 1561 ἐπιφερομένοις
1613 1509 1785 1562 φωνήεσι,
1824 1513 1869 1554 ὡς
1897 1510 1955 1548 ἐπὶ
1993 1515 2053 1549 τοῦ
2087 1514 2272 1558 ποιῆσαι

1222 1567 1392 1615 ποιῆἇι,
1412 1568 1472 1605 καὶ
1494 1570 1568 1619 βου
1581 1568 1657 1606 σόα
1674 1571 1827 1620 βουὸα,
1846 1569 1906 1606 καὶ
1926 1569 2116 1619 μουσικὰ
2138 1572 2267 1620 μωῖα·

1220 1624 1388 1677 κέχρηται
1399 1626 1511 1678 τούτῳ
1521 1628 1570 1678 τῷ
1582 1626 1664 1664 εἴδει
1674 1630 1735 1673 τῆς
1746 1626 1884 1671 δασείας
1898 1627 1958 1666 καὶ
1968 1627 2164 1680 Δέρκυλλος
2181 1629 2264 1679 (**).

1273 1685 1385 1732 Quod
1409 1693 1556 1722 aetatem
1572 1688 1766 1734 scriptoris
1785 1688 1942 1732 attinet,
1963 1696 2050 1736 post
2063 1683 2267 1725 Alexandri

1219 1744 1271 1780 M.
1294 1748 1467 1794 tempora
1490 1758 1578 1781 eum
1606 1746 1740 1782 vixisse
1766 1747 1886 1794 liquet
1905 1758 1950 1782 ex
1977 1747 2025 1784 fr.
2051 1747 2084 1783 8.
2109 1748 2270 1784 Serioris

1218 1805 1285 1838 aevi
1303 1803 1496 1840 hominem
1517 1805 1640 1853 arguit
1661 1806 1772 1841 etiam
1791 1806 1944 1841 Panemi
1966 1806 2103 1842 mensis
2125 1819 2268 1842 nomen

1218 1862 1507 1906 Macedonicum
1537 1861 1603 1913 (fr.
1629 1861 1687 1913 3).
1718 1864 1796 1900 Ubi
1816 1864 1926 1900 simul
1951 1876 2039 1899 cum
2062 1865 2176 1900 Dinia
2205 1865 2263 1904 vel

1221 1920 1316 1967 Agia
1359 1922 1496 1956 Noster
1527 1921 1719 1967 laudatur,
1753 1923 1839 1958 loeo
1866 1923 2023 1970 ponitur
2052 1930 2267 1971 postremo;
2305 1933 2312 1940 ’

1217 1978 1319 2013 unde
1339 1979 1423 2015 illos
1443 1980 1677 2028 antiquiores
1693 1993 1791 2026 esse,
1811 1993 2021 2029 eorumque
2040 1982 2264 2018 memoriam

1217 2048 1260 2072 ex
1278 2037 1356 2085 ipso
1376 2039 1541 2086 Dercylo
1562 2039 1718 2075 excitari
1736 2040 1945 2088 suspiceris.

1606 2155 1878 2194 ΑΡΓΟΛΙΚΑ.

1725 2283 1758 2308 1.

1267 2374 1469 2410 Athenaeus
1490 2375 1566 2421 ΙΙΙ,
1586 2388 1627 2423 p.
1649 2373 1713 2421 86,
1735 2375 1779 2424 F,
1801 2381 1838 2410 et
1850 2374 1969 2412 schol.
1992 2374 2112 2411 Vatic.
2130 2374 2261 2422 Eurip.

1213 2433 1352 2470 Troad.
1369 2437 1428 2475 14.
1445 2434 1540 2471 Vide
1554 2435 1656 2483 Agiae
1670 2433 1715 2468 fr.
1737 2446 1752 2469 1
1775 2440 1813 2469 et
1828 2432 1863 2471 3.

1258 2547 1298 2587 (⁴¹)
1316 2546 1512 2588 Dercyllidas
1537 2546 1668 2588 quidam
1697 2546 1728 2578 ἐν
1752 2545 1768 2577 ι’
1783 2546 1857 2588 Περὶ
1879 2544 2046 2581 Πλάτωνος
2079 2542 2260 2584 φιλοσοφίας

1211 2594 1361 2626 laudatur
1377 2604 1429 2635 ap.
1449 2595 1651 2634 Simplicium
1667 2593 1700 2625 in
1716 2593 1847 2625 Aristot.
1870 2593 1965 2633 Phys.
1987 2601 2020 2633 p.
2047 2594 2086 2624 ⁵4
2102 2592 2141 2632 b,
2159 2596 2198 2623 5ss
2225 2592 2256 2624 b.

1215 2642 1265 2673 Cf.
1283 2642 1413 2673 Proclus
1427 2641 1460 2672 in
1479 2642 1602 2672 Platon.
1619 2650 1650 2681 p.
1667 2643 1697 2672 7.

1254 2688 1318 2728 (**)
1336 2687 1525 2719 Valckenar.
1541 2687 1579 2718 ad
1593 2686 1746 2719 Adoniaz.
1762 2695 1792 2727 p.
1811 2688 1870 2718 274
1886 2698 1894 2717 ε
1911 2698 1926 2712 «
1946 2685 2027 2716 Hinc
2039 2684 2192 2717 discimus
2206 2684 2256 2716 hi-

1216 2735 1370 2765 storicum
1387 2734 1644 2774 antiquissimum
1659 2735 1699 2774 (1³)
1726 2734 1878 2773 Argivum
1906 2732 2090 2772 Dercyllum
2113 2732 2259 2772 Argolica

1208 2790 1265 2812 sua
1287 2781 1446 2821 scripsisse
1463 2781 1565 2821 patria
1581 2781 1738 2820 dialecto;
1757 2783 1792 2812 ut
1815 2781 1896 2812 adeo
1918 2781 2008 2816 λέξεις
2025 2779 2154 2821 Ἀργεῖαι.
2174 2779 2258 2811 inter

1214 2828 1430 2868 Hesychianas
1443 2828 1543 2859 videri
1559 2828 1678 2867 possint
1692 2827 1732 2859 ab
1744 2828 1953 2867 grammatico
1970 2827 2087 2867 partim
2103 2826 2202 2859 etiam
2215 2834 2258 2858 ex

1212 2874 1352 2905 historiis
1365 2874 1502 2913 Dercylli
1517 2873 1689 2904 derivatas.
1710 2886 1725 2900 υ

1208 2972 1310 3011 Ionia,
1324 2972 1466 3012 olimque
1484 2971 1611 3011 Pityusa
1626 2971 1812 3009 vocabatur,
1826 2972 1905 3002 teste
1919 2970 2060 3002 Deiocho
2083 2970 2252 3010 cyziceno.

1207 3024 1281 3055 Vini
1295 3024 1384 3055 ferax
1405 3024 1463 3054 est.
1486 3025 1594 3060 Quare
1606 3023 1703 3054 etiam
1728 3023 1833 3063 Priapi
1860 3022 1986 3054 Baccho
2003 3022 2036 3054 et
2051 3023 2176 3052 Venere
2187 3021 2252 3052 nati

1206 3082 1287 3115 opus
1299 3082 1369 3106 eam
1386 3073 1618 3106 Demosthenes
1638 3072 1727 3104 dicit.

1705 3168 1760 3200 15.

1247 3243 1402 3282 Chalcea,
1415 3243 1492 3275 urbs
1507 3242 1628 3282 Lihyae.
1649 3239 1830 3280 polyhistor
1853 3240 1899 3271 De
1915 3239 2014 3280 Libya
2027 3238 2109 3270 libro
2132 3237 2250 3278 tertio,
2286 3276 2289 3280 s

1203 3297 1378 3330 secundum
1387 3295 1646 3340 Demosthenem,
1658 3302 1754 3334 quem
1763 3292 1997 3334 reprehendens
2008 3291 2159 3331 Polybius
2169 3291 2251 3322 libro

1203 3351 1392 3383 duodecimo
1404 3350 1449 3382 sic
1461 3349 1572 3382 scribit
1587 3361 1595 3380 ε
1612 3361 1627 3375 «
1643 3349 1769 3388 Ignorat
1779 3356 1855 3379 vero
1866 3354 2056 3386 magnopere
2066 3345 2162 3377 etiam
2176 3353 2250 3385 quae

1203 3403 1360 3443 pertinent
1373 3402 1415 3434 ad
1427 3401 1575 3434 Chalcea.
1591 3402 1700 3440 Neque
1717 3399 1801 3431 euim
1819 3398 1896 3430 urbs
1914 3399 1979 3437 est,
1995 3397 2050 3430 sed
2064 3396 2183 3428 metalli
2202 3397 2247 3428 ol·-

1202 3454 1303 3487 ficinae
1318 3455 1403 3487 sunt.
1421 3467 1436 3482 υ
