2326 3724
983 199 1318 239 FRAGMENTA.

76 287 308 340 Ῥωμαϊκὴν,
329 286 422 326 ἀλλὰ
442 286 549 325 πλέον
570 285 804 325 ἐνδείκνυσθαί
822 301 869 326 τι.
886 285 977 331 Τους
995 285 1098 339 γ’ὰρ
1082 301 1123 324 εκ

73 342 237 395 γειτόνων
275 342 357 392 ὑμῖν
385 339 601 394 βαρὸάρους,
628 338 692 386 τὴν
714 338 861 392 Θράκην
893 339 948 378 ἀεὶ
975 338 1121 392 περικό-

75 416 238 448 πτοντας,
249 399 472 454 ἠφανίσαμεν
485 398 627 451 ἀθρόον,
638 397 697 436 καὶ
710 398 819 442 οὐδεὶς
834 400 993 436 ὁστισουν
1005 399 1120 435 αὐτῶν

71 459 333 512 περιλέλειπται
345 458 389 496 τὰ
403 459 557 509 Θρᾳκῶν
573 456 750 510 ὁρίσματα
767 456 1119 510 καταδραμούμενος·

73 518 206 558 δεδίασι
221 517 289 571 γὰρ
311 519 380 556 τῶν
397 516 557 569 Ἀὅάρων
578 515 641 563 τὴν
662 514 808 566 δύναμιν
826 515 989 569 φιλίως”
971 531 1120 568 εχουσαν

71 578 156 632 πρὸς
175 577 238 624 τὴν
258 574 447 627 Ῥωμαίων
465 575 594 628 ἀρχήν.
618 574 847 625 Πεπείσμεθα
866 574 908 621 δὴ
925 570 1004 622 ουν,
1025 577 1071 619 ὡς
1086 577 1120 613 ἐν

71 635 183 689 τούτῳ
211 635 307 688 μόνῳ
334 634 599 686 καινοτομήσεις
628 637 720 685 ἡμᾶς
747 636 799 686 τῷ
828 634 932 673 πλέον
953 634 1121 688 παρέχειν

70 698 174 746 ἡμῖν,
197 693 221 742 4,
240 697 258 732 ὃ
278 693 335 738 σὸς
363 693 475 732 ἐδίδου
501 692 641 746 πατήρ·
664 692 738 731 ἀνθ’
761 697 809 732 ὡν
831 709 890 732 και
910 695 1012 744 ἡμεῖς
1030 694 1122 747 ἤπερ

71 753 192 807 ἐκείνῳ
217 754 447 806 γενησόμεθα
453 752 505 791 σοὶ
522 751 615 790 κατὰ
643 751 683 790 τὸ
710 751 815 791 πλέον
838 751 1041 799 ὑπεύθυνοι,
1062 753 1123 791 καὶ

72 813 230 864 μείζονας
248 810 494 866 ἐποφλήσομέν
515 826 569 850 σοι
589 810 652 855 τὰς
670 811 832 864 χάριτας
851 812 1042 864 Πάρεσμεν
1064 806 1122 850 ουν

71 872 262 925 ληψόμενοι
281 870 325 910 τὰ
345 870 438 909 κατὰ
469 870 508 909 τὸ
539 870 670 914 εἰωθός.
695 873 806 910 Ινῶθι
839 870 906 923 γὰρ
936 873 981 914 ὡς
1010 870 1124 914 ἄλλως

71 933 132 969 οὐκ
149 930 223 969 ἔστι
240 929 386 968 δυνατὸν
402 929 460 967 τὸν
476 930 556 967 καθ’
577 932 672 980 ἡμᾶς
691 928 848 980 ἡγεμόνα
867 928 920 968 σοί
936 945 974 968 τε
997 945 1057 967 και
1079 932 1123 982 τῇ

74 990 265 1042 Ῥωμαίων
296 989 528 1028 εὐνούστατον
557 988 700 1027 ἔσεσθαι
728 988 909 1041 πολιτείᾳ,
941 986 973 1026 εἴ
1002 1004 1040 1039 γε
1073 988 1123 1038 μὴ

72 1047 300 1101 ἐγχειρισθείη
328 1047 496 1101 πρότερον
516 1048 611 1085 αὐτῶ
631 1046 674 1085 τὰ
700 1046 751 1100 ἐφ’
772 1051 821 1091 οἷς
846 1049 884 1085 οὐ
905 1049 1010 1085 κινεῖν
1031 1045 1124 1085 οπλα

71 1107 162 1146 κατὰ
179 1106 409 1158 Ῥωμαίων”
391 1122 494 1158 εγνω.
516 1124 532 1140 ‘2
553 1109 600 1146 Or
616 1105 680 1157 μὲν
697 1109 765 1144 τῶν
782 1106 942 1158 Ἀὅάρων
959 1105 1124 1158 πρέσὸεις

71 1169 217 1204 τοιαῦτα
232 1166 406 1212 διεξῆλθον
419 1196 429 1214 ,
448 1165 781 1218 ἐπαμφοτερίζοντες
801 1168 844 1217 τῇ
865 1165 989 1216 γνώμῃ
1001 1180 1008 1189 ·
1025 1168 1125 1203 τοῦτο

74 1226 137 1277 μὲν
157 1225 225 1276 γὰρ
246 1224 388 1264 ἐδόκουν
405 1224 590 1271 ἱκετεύειν,
619 1227 721 1262 τοῦτο
744 1223 780 1262 δὲ
802 1224 971 1263 ἀπειλεῖν.
994 1223 1126 1280 ’ῼοντο

71 1284 139 1337 γὰρ
158 1289 204 1329 ὼς
222 1284 333 1337 ταύτῃ
353 1283 541 1329 δεδίξονταί
568 1298 605 1321 τε
624 1284 684 1321 καὶ
711 1283 947 1335 ἐκφοὸήσουσι
969 1283 1028 1322 τὸν
1056 1286 1124 1336 βαι

73 1345 192 1392 σιλέα,
221 1343 285 1383 καῖ
309 1346 356 1388 ὡς
382 1345 421 1382 ἐκ
451 1342 574 1381 τούτου
603 1342 932 1394 ἀναγκασθήσονται
951 1342 1126 1394 Ῥωμαῖοι

72 1402 191 1455 ὥσπερ
213 1402 380 1456 ὑπόφοροι
401 1395 489 1439 εῖναι
518 1400 694 1453 Ἀὅάρων.
716 1399 762 1440 ‘O
779 1400 816 1439 δὲ
847 1399 1011 1452 βασιλεὺς
1027 1400 1126 1439 οὐδὲν

71 1460 187 1514 ἕτερον
210 1460 233 1508 ἢ
258 1461 367 1514 ψόφον
384 1458 605 1510 ἡγησάμενος
619 1461 688 1497 τῶν
708 1458 865 1512 Ἀὸάρων
885 1459 1047 1512 ῥήματα,
1065 1461 1123 1497 ἀν·

71 1521 204 1565 τέλεξεν
220 1518 328 1558 οὕτω·
346 1538 361 1554 ιε
384 1517 689 1571 Προὸαλλομένων
714 1521 812 1570 ὑμῶν
830 1518 892 1556 σὺν
912 1518 1044 1571 ἱκετείᾳ
1063 1517 1126 1564 τὴν

73 1578 355 1631 μεγαληγορίαν,
379 1577 546 1628 οἰομένων
567 1593 604 1615 τε
634 1581 678 1630 τῇ
709 1577 900 1631 συγκράσει
923 1577 1035 1628 ταύτῃ
1056 1579 1124 1615 τῶν

71 1637 182 1690 λόγων
197 1638 236 1676 τὸ
251 1635 529 1686 σπουδαζόμενον
549 1637 630 1686 ὑμῖν
647 1635 785 1674 ἀνύσειν
798 1667 807 1684 ,
827 1635 1029 1690 ἀμφοτέρας
1041 1666 1052 1686 ,
1081 1637 1128 1679 ὡς

73 1698 202 1745 εἰπεῖν,
232 1694 482 1735 ἐκπεπτώκατε
514 1697 576 1742 τῆς
610 1694 768 1736 ἐλπίδος·
791 1694 868 1733 οὐδὲ
897 1695 966 1747 γὰρ
986 1696 1128 1733 ὑποθω-

73 1755 233 1799 πεύοντες
249 1757 342 1805 ἡμᾶς
359 1753 582 1802 ἀπατήσετε,
602 1753 680 1792 οὐδὲ
701 1753 771 1805 μὴν
790 1755 1012 1796 ἀπειλοῦντες
1028 1754 1129 1806 ἐκφο-

75 1814 216 1861 6ήσετε,
252 1814 406 1854 Πλείονα
436 1813 471 1851 δὲ
496 1816 576 1862 ὑμῖν
606 1812 675 1865 ἐγὼ
706 1811 847 1865 παρέξω
867 1817 926 1852 τοῦ
956 1812 1128 1864 ἡμετέρου

74 1873 206 1926 πατρὸς
223 1873 262 1912 τὸ
283 1873 374 1924 πέρα
394 1876 455 1911 τοῦ
473 1872 605 1916 δέοντος
626 1872 844 1924 ἐπηρμένους
862 1874 955 1923 ὑμᾶς
972 1875 1022 1924 τῷ
1042 1871 1128 1925 πρέ-

73 1948 174 1971 ποντι
188 1932 429 1986 σωφρονίζειν·
444 1934 462 1970 ὃ
475 1931 543 1984 γὰρ
559 1931 844 1984 μεταρρυθμίζων
860 1929 938 1976 τοὺς
954 1930 1128 1975 ἀτάκτους

73 1995 142 2030 τῶν
162 1994 359 2042 λογισμῶν,
373 1991 434 2029 καὶ
454 1991 574 2043 ὥσπερ
588 1990 764 2028 παιδεύων
780 2006 818 2028 τε
844 1990 904 2028 καὶ
919 1990 1126 2028 ἀνακόπτων

73 2054 134 2098 τῆς
153 2051 207 2088 ἐπ’
226 2050 358 2103 ὀλέθρῳ
378 2053 447 2088 τῶν
483 2049 762 2100 αὖθαδιζομένων
792 2051 918 2102 ὁρμῆς,
938 2049 1127 2102 ὀφθήσεται

73 2160 243 2193 Thraciam
259 2155 447 2191 invadentes
462 2167 528 2189 uno
553 2158 675 2199 impetu
689 2158 886 2198 delevimus,
909 2166 1015 2198 neque
1042 2157 1126 2198 quis·

72 2221 168 2253 quam
183 2220 295 2243 eorum
306 2211 415 2252 postea
428 2210 477 2242 est
490 2211 658 2250 inventus,
673 2210 727 2250 qui
743 2210 888 2242 Thraciae
902 2209 981 2241 fines
996 2210 1127 2250 popula-

72 2265 215 2297 tionibus
230 2265 372 2296 vexaret.
386 2263 573 2295 Metuebant
592 2263 678 2295 enim
696 2266 838 2295 Avarum
859 2264 1035 2303 potentiam
1047 2287 1056 2302 ,
1072 2262 1127 2303 qui

73 2317 247 2350 amicitiam
261 2317 409 2348 colebant
425 2325 501 2348 cum
518 2315 684 2348 Romanis.
706 2317 898 2348 Persuasum
914 2315 1012 2355 igitur
1034 2315 1127 2347 habe-

74 2380 159 2410 mus,
169 2372 203 2403 te
214 2371 305 2402 nulla
325 2370 387 2402 alia
409 2370 442 2401 in
459 2378 493 2401 re
514 2369 555 2401 ab
571 2369 627 2408 iis,
645 2377 719 2409 quae
732 2377 751 2400 a
767 2370 858 2409 patre
884 2370 1004 2400 statuta
1031 2368 1129 2408 sunt,

73 2425 308 2464 discessurum,
326 2423 387 2455 nisi
403 2423 436 2454 in
452 2431 491 2454 eo
502 2447 511 2462 ‚
526 2422 614 2463 quod
630 2422 722 2454 nobis
738 2422 859 2462 maJ'ora
883 2421 1057 2462 largiturus
1068 2421 1127 2461 sis,

74 2485 172 2517 quam
197 2477 288 2517 pater
315 2475 449 2515 largitus
470 2475 528 2506 est.
549 2476 609 2506 Pro
637 2474 757 2515 quibus
779 2476 812 2506 et
836 2483 895 2506 nos
918 2474 1023 2505 multo
1048 2473 1127 2513 tibi,

75 2536 172 2568 quam
187 2527 290 2568 patri,
304 2526 516 2559 devinctiores
529 2526 648 2558 erimus
658 2550 667 2565 ,
680 2527 712 2557 et
722 2525 780 2557 tibi
797 2526 900 2557 multo
915 2534 1046 2566 quoque
1061 2534 1127 2557 ma-

73 2580 158 2620 iores
180 2579 298 2620 gratias
323 2579 554 2611 retribuemus.
585 2577 748 2610 Adsumus
768 2577 878 2618 igitur,
893 2577 949 2618 qui
977 2579 1129 2610 consueta

75 2641 210 2664 munera
231 2631 435 2672 accipiamus.
459 2633 539 2663 Nam
565 2631 666 2669 seito,
690 2639 754 2662 non
776 2630 869 2662 aliter
891 2630 959 2662 fieri
983 2639 1076 2671 posse
1093 2631 1130 2662 ut

75 2686 183 2717 noster
195 2684 264 2716 dux
273 2684 330 2716 tibi
344 2685 376 2716 et
389 2686 608 2716 Romanorum
622 2683 668 2715 rei
679 2683 816 2724 publicae
829 2683 871 2715 sit
881 2683 1016 2721 amicus,
1031 2691 1129 2724 quam

75 2737 101 2770 si
114 2746 152 2770 ea
169 2737 343 2778 acceperit,
370 2736 488 2777 quibus
500 2736 636 2777 receptis
649 2738 761 2768 eontra
775 2738 938 2768 Romanos
961 2745 1051 2768 arma
1065 2744 1130 2767 non

77 2798 206 2822 movere
226 2788 404 2821 constituit.
424 2801 440 2817 »ι
468 2790 546 2820 Haec
561 2791 703 2820 Avarum
718 2788 812 2828 legati
834 2788 1074 2826 disseruerunt,
1098 2791 1130 2822 et

76 2841 174 2873 modo
186 2850 220 2874 se
230 2841 263 2873 in
276 2841 378 2881 hanc,
395 2840 494 2873 modo
518 2840 550 2872 in
570 2840 665 2872 aliam
682 2842 805 2881 partem
821 2840 992 2872 vertebant
1007 2853 1015 2873 :
1034 2842 1130 2874 modo

76 2894 227 2935 precibus
255 2894 411 2935 agebant,
440 2892 537 2925 modo
548 2894 650 2925 minas
673 2893 869 2933 ingerebant.
897 2893 1132 2926 Existimabant

77 2947 162 2979 enim
178 2956 212 2979 se
235 2947 462 2987 imperatorem
482 2946 787 2986 perterrefacturos,
805 2947 837 2978 et
857 2955 896 2978 ex
920 2955 959 2978 eo
983 2949 1130 2979 coactum

77 2999 116 3032 iri
131 3002 292 3033 Romanos
308 3000 370 3031 illis
384 3000 475 3041 quasi
495 2999 683 3031 tributarios
705 3008 783 3031 esse.
808 3001 930 3031 Verum
956 2999 1131 3040 imperator

76 3061 180 3092 quum
201 3051 283 3083 nihil
312 3051 400 3083 aliud
426 3059 525 3091 quam
551 3059 652 3083 vanos
675 3051 833 3082 clamores
851 3054 994 3083 Avarum
1014 3053 1131 3083 oratio·

77 3104 198 3137 tionem
222 3113 289 3137 esse
305 3104 515 3144 existimaret,
532 3104 578 3136 sic
594 3104 776 3144 respondit:
794 3116 809 3132 α
830 3106 896 3136 Vos
921 3104 1053 3145 quidem
1068 3104 1131 3136 hu-

78 3157 170 3190 miles
182 3166 292 3198 preces
306 3166 421 3197 magna
432 3166 506 3188 cum
523 3157 706 3197 arrogantia
724 3157 755 3188 in
773 3157 916 3189 medium
934 3157 1084 3198 profertis
1100 3159 1133 3189 et

79 3209 113 3240 in
139 3218 228 3249 spem
251 3208 465 3249 adducimini,
491 3209 552 3240 hac
576 3209 734 3241 sermonis
755 3209 980 3241 commistione
1009 3209 1133 3240 facilius

80 3260 166 3300 quod
179 3260 294 3300 cupitis
306 3260 470 3301 consequi.
486 3260 548 3292 Sed
559 3269 599 3292 ex
612 3262 750 3301 utraque
763 3269 830 3301 spe,
844 3261 881 3291 ut
897 3269 1009 3292 verum
1023 3261 1133 3300 aperte

81 3312 186 3344 dicam
196 3337 205 3353 ,
217 3313 391 3345 excidistis.
407 3315 487 3346 Nam
501 3323 607 3354 neque
624 3313 852 3345 blandimentis
868 3322 920 3345 me
947 3313 1110 3354 decipietis
1122 3337 1131 3353 ,

82 3372 185 3405 neque
202 3365 296 3396 minis
323 3365 495 3397 terrebitis.
526 3367 630 3406 Atque
649 3374 707 3405 ego
731 3365 833 3397 multo
851 3365 944 3405 plura
964 3364 1054 3396 vobis
1078 3365 1132 3396 tri-

85 3418 196 3457 buam,
213 3425 311 3457 quam
327 3417 416 3457 pater
434 3425 524 3450 meus
542 3429 550 3450 :
570 3416 689 3450 etenim
717 3425 774 3449 vos
795 3416 834 3449 ad
852 3416 1011 3457 majores,
1031 3425 1131 3457 quam

2151 208 2226 243 219

1184 286 1276 324 κατὰ
1289 286 1328 324 τὸ
1346 287 1479 337 μᾶλλον
1497 286 1679 339 εὐεργέτης
1697 287 1788 340 ἤπερ
1804 290 1822 326 ὁ
1839 288 1987 340 χορηγὸς
2002 291 2063 336 τῆς
2078 293 2228 343 τρυφῆς,

1184 345 1219 389 ὃς
1236 345 1346 399 φιλεῖν
1365 344 1429 395 μὲν
1449 346 1564 392 δοκεῖ,
1586 345 1793 398 προφάσεως
1810 347 1844 384 δὲ
1865 353 1993 400 μικρᾶς
2013 348 2230 399 ἐπιλαὸόμε-

1184 418 1238 446 νος
1253 403 1311 442 τὸν
1329 404 1428 450 δῆθεν
1453 404 1739 456 εὐεργετούμενον
1762 404 1930 457 ἠφάνισεν
1953 405 2088 450 εὐθέως.
2107 406 2231 445 Ἄπιτε

1184 465 1366 513 τοιγαροῦν
1386 463 1550 500 πλεῖστον
1575 462 1763 515 πριάμενοι
1787 463 1872 514 παρ’
1890 464 1991 512 ἡμῶν
2008 462 2074 501 κᾶν
2098 467 2179 515 γοῦν
2197 465 2233 502 ἐν

1184 521 1269 564 ζῶσι
1288 521 1417 568 τελεῖν,
1437 520 1498 559 καὶ
1515 521 1592 559 ἀντὶ
1621 523 1689 558 τῶν
1718 520 1933 570 Ῥωμαϊκῶν
1958 521 2152 574 χρημάτων
2174 523 2234 560 τὸν

1184 579 1265 616 καθ’
1283 581 1377 629 ἡμᾶς
1403 578 1510 632 φόὸον
1539 581 1586 624 εἷς
1615 579 1791 632 σωτηρίαν
1820 579 2011 632 εἰληφότες.
2045 579 2138 619 Οὔτε
2165 580 2233 633 γὰρ

1186 638 1342 684 δεηθείην
1363 636 1447 677 ποτὲ
1467 641 1528 685 τῆς
1547 638 1625 677 καθ’
1652 640 1743 688 ὑμᾶς
1773 638 1998 690 συμμαχίας,
2020 637 2097 676 οὔτε
2117 654 2150 675 τι
2169 639 2235 686 λή-

1184 698 1289 748 ψεσθε
1308 699 1394 750 παρ’
1419 699 1520 748 ἡμῶν
1548 696 1571 744 ἢ
1590 696 1738 736 καθόσον
1767 699 1853 748 ἡμῖν
1874 698 1988 745 δοκεῖ,
2018 696 2137 749 ὥσπερ
2157 699 2236 735 δου-

1186 755 1280 799 λείας
1305 755 1445 809 ἔρανον,
1466 756 1526 795 καὶ
1551 757 1630 809 οὐχ,
1652 758 1699 800 ὡς
1713 756 1846 804 οἴεσθε,
1866 755 2191 809 φορολογίαν·τινά.
2222 773 2238 790 η

1185 816 1354 854 Τοιοῦτον
1375 815 1614 860 ἐπισείσαντος
1640 815 1748 869 φόὸον
1776 819 1837 854 τοῦ
1859 814 2034 867 βασιλέως
2061 821 2131 858 τοῖς
2150 814 2236 868 πρέ-

1186 873 1288 913 σὸεσι
1310 876 1380 912 τῶν
1410 874 1592 927 Ἀὅάρων,
1613 873 1871 925 κατεγνωκότες
1898 875 1938 912 ἐκ
1956 876 2025 912 τῶν
2046 873 2238 926 εἰρημένων

1186 934 1218 971 οἱ
1249 933 1441 985 βάρὸαροι,
1468 936 1516 978 ὡς
1536 949 1599 972 ουκ
1619 933 1779 979 ἀνέξεται
1800 935 1911 1008 σφῶνῗ
1929 936 1990 980 τῆς
2021 931 2238 978 πλεονεξίας,

1187 992 1285 1030 καὶ(
1267 1008 1313 1036 ως
1337 992 1434 1031 ουδὲν
1455 993 1570 1036 αὐτοῖς
1599 992 1651 1031 ἔτι
1673 992 1857 1039 δοθησεται
1885 995 1933 1030 ὡν
1954 991 2153 1042 ἐκομίζοντο
2169 991 2237 1043 πρὸ

1187 1049 1266 1094 τοῦ,
1285 1045 1345 1083 καὶ
1365 1049 1412 1090 ὡς
1445 1046 1484 1084 τὸ
1510 1046 1630 1085 λοιπὸν
1651 1047 1760 1090 ἀδεως
1789 1047 1852 1084 οὐκ
1881 1046 2158 1098 ἐπιδραμουνται
2177 1045 2240 1090 τὴν

1188 1104 1396 1154 Ῥωμαϊκὴν
1409 1135 1419 1153 ,
1453 1107 1487 1143 ἐν
1523 1104 1696 1157 δυσθυμία
1722 1120 1759 1142 τε
1790 1104 1980 1156 ἐτύγχανον
2012 1104 2147 1156 πολλῇ,
2180 1102 2241 1141 καὶ

1188 1163 1474 1215 ἀναλογιζόμενοι
1503 1158 1593 1211 ἦσαν
1622 1163 1702 1201 ὅποι
1721 1163 1764 1202 τὰ
1785 1163 1943 1216 παρόντα
1973 1162 2163 1210 ἐκδήσεται
2182 1162 2242 1200 καὶ

1188 1223 1267 1261 ὅποι
1286 1221 1394 1274 τύχης
1418 1225 1534 1266 αὐτοῖς
1561 1222 1720 1276 χωρήσοι
1748 1221 1792 1260 τὰ
1819 1221 2038 1275 πράγματα·
2068 1220 2145 1259 οὐδὲ
2174 1220 2242 1273 γὰρ

1190 1282 1304 1331 μένειν
1323 1283 1358 1320 ἐν
1373 1282 1554 1335 Βυζαντίῳ
1569 1282 1720 1330 ἀνόνητα
1734 1281 1857 1333 ἤθελον
1867 1311 1878 1331 ,
1892 1280 1971 1319 οὔτε
1986 1280 2056 1332 μὴν
2069 1280 2243 1333 ἄπρακτοι

1189 1339 1331 1379 ἀπιέναι
1353 1340 1553 1379 ἐδούλοντο.
1585 1339 1715 1392 νΟμως
1745 1341 1774 1379 δ’
1803 1335 1861 1379 οὖν
1893 1343 1960 1378 τῶν
1982 1342 2102 1378 κακῶν
2130 1341 2244 1382 αὐτοῖς

1189 1399 1418 1452 αἱρετώτερον
1439 1402 1596 1452 ὑπῆρχεν
1615 1402 1855 1447 ἀπονοστῆσαι
1871 1401 1918 1443 ὡς
1937 1398 2014 1442 τοὺς
2034 1398 2239 1451 ὁμοφύλους.

1191 1459 1264 1498 Καὶ
1279 1459 1413 1503 τούτοις
1430 1459 1610 1503 ἑνωθέντες
1624 1461 1656 1502 ἐς
1670 1460 1733 1506 τὴν
1747 1462 1814 1497 τῶν
1832 1459 2009 1511 Φράγγων
2027 1459 2147 1511 χώραν
2163 1457 2243 1510 ἀφί-

1188 1532 1309 1564 κοντο,
1330 1521 1391 1555 τοῦ
1413 1517 1584 1569 βασιλέως
1603 1517 1666 1564 τὴν
1691 1518 1883 1569 ἀπολογίαν
1907 1517 2163 1568 θαυμάσαντες.

1247 1575 1477 1628 Καλώδια]
1517 1594 1532 1612 «
1567 1580 1619 1615 Iis
1650 1586 1777 1614 autem
1812 1579 1937 1615 fasciis
1967 1591 2033 1615 seu
2066 1578 2246 1627 prandeis

1191 1637 1336 1673 Abares
1357 1650 1509 1674 comam
1527 1639 1769 1683 vinciebant,
1791 1646 1834 1674 ut
1849 1639 1966 1677 docet
1980 1638 2143 1673 historia
2163 1637 2244 1673 Mi-

1189 1698 1303 1733 scella
1322 1698 1390 1733 lib.
1419 1697 1465 1733 16
1478 1726 1488 1744 ‚
1511 1698 1614 1734 unde
1632 1699 1822 1747 Corippus
1839 1699 1878 1734 in
1897 1699 1966 1734 lib.
1991 1711 2005 1734 1
2031 1698 2125 1734 dicit
2149 1710 2157 1733 :

1282 1757 1545 1794 colubrimodis
1569 1758 1734 1793 Abarum
1753 1771 1848 1805 gens
1865 1771 1967 1793 neoea
1986 1758 2154 1806 capillis·

1191 1816 1313 1851 Porro
1344 1817 1423 1852 haec
1452 1818 1593 1865 legatio
1617 1818 1783 1854 Avarum
1814 1817 2036 1853 introducta
2062 1823 2119 1852 est
2138 1816 2198 1852 die
2221 1828 2240 1861 7

1190 1882 1279 1922 post
1309 1876 1645 1924 inaugurationem
1664 1874 1802 1912 Justini
1831 1877 2020 1922 Junioris,
2049 1883 2143 1912 teste
2170 1875 2244 1912 Co-

1190 1934 1306 1982 rippo
1324 1935 1363 1970 in
1383 1933 1451 1972 lib.
1474 1935 1494 1970 3
1515 1946 1525 1973 ε

1298 1994 1470 2043 Septima
1490 1996 1556 2030 lux
1572 1995 1709 2030 aderat
1715 2008 1731 2038 ;

1192 2059 1230 2088 et
1247 2066 1359 2099 mox,

1190 2167 1246 2199 par
1260 2161 1326 2200 est,
1343 2160 1474 2201 spiritus
1492 2161 1637 2193 sublatos
1654 2161 1695 2192 ad
1717 2161 1905 2201 aequitatem
1922 2162 1954 2192 et
1971 2159 2097 2192 saniora
2113 2159 2245 2190 consilia

1190 2210 1357 2244 reducam.
1390 2213 1455 2250 Qui
1484 2213 1571 2245 enim
1597 2213 1766 2244 hominum
1795 2213 1829 2244 in
1863 2213 1999 2244 exitium
2026 2212 2246 2243 voluntarium

1190 2263 1353 2295 ruentium
1373 2264 1522 2297 turbatos
1548 2265 1685 2297 affectus
1710 2264 1841 2297 cohibet
1862 2267 1896 2296 et
1923 2263 2109 2296 obedientes
2128 2263 2246 2294 rationi

1191 2314 1287 2355 facit,
1301 2315 1531 2348 beneficentior
1542 2319 1589 2349 est
1603 2325 1653 2356 eo,
1669 2316 1723 2357 qui
1740 2318 1890 2357 sumptus
1901 2316 1934 2348 in
1955 2315 2085 2347 delicias
2106 2315 2245 2356 praebet,

1190 2367 1222 2398 et
1237 2375 1345 2399 amare
1358 2368 1496 2408 videtur,
1507 2368 1563 2401 sed
1574 2369 1710 2400 minima
1722 2370 1851 2409 captata
1860 2367 2046 2408 occasione,
2060 2376 2135 2399 eum
2148 2376 2246 2408 quem

1189 2419 1346 2452 beneficio
1365 2422 1473 2454 affecit
1487 2446 1496 2463 ‚
1520 2422 1629 2455 statim
1649 2422 1754 2463 perdit
1777 2423 1810 2454 et
1824 2422 1920 2455 tollit.
1941 2422 2035 2455 Abite
2062 2422 2169 2462 igitur,
2187 2421 2244 2463 qui

1191 2473 1296 2513 magni
1312 2473 1405 2514 pretii
1424 2483 1492 2506 rem
1508 2483 1527 2506 a
1543 2475 1636 2507 nobis
1648 2474 1818 2514 obtinetis,
1838 2474 1926 2515 quod
1950 2474 2042 2506 vobis
2055 2474 2152 2507 salvis
2172 2475 2247 2506 licet

1191 2525 1291 2558 vitam
1311 2535 1478 2567 peragere,
1500 2531 1533 2559 et
1546 2528 1756 2569 pecuniarum
1780 2528 1852 2559 loco
1865 2552 1874 2567 ,
1891 2536 1972 2568 quas
1986 2536 2006 2559 a
2022 2528 2173 2559 Romanis
2185 2536 2243 2559 ac-

1190 2579 1296 2620 cipere
1310 2580 1424 2620 vultis‚
1439 2582 1539 2613 nostri
1555 2581 1704 2613 timorem
1721 2580 1762 2612 ad
1775 2581 1911 2613 salutem
1921 2582 2060 2612 vestram
2072 2582 2244 2622 reportate.

1190 2632 1302 2673 Neque
1314 2632 1400 2664 enim
1419 2641 1478 2664 nos
1500 2642 1643 2674 unquam
1660 2635 1767 2665 vestro
1792 2632 1955 2673 egebimus
1973 2630 2119 2671 auxilio,
2142 2640 2247 2672 neque

1191 2685 1366 2727 quicquam
1391 2694 1409 2717 a
1425 2686 1518 2718 nobis
1545 2686 1726 2727 accipietis,
1752 2685 1811 2718 nisi
1836 2687 1994 2726 quantum
2024 2684 2115 2716 nobis
2140 2685 2244 2716 visum

1192 2738 1287 2770 suerit
1297 2764 1305 2779 ,
1317 2738 1414 2779 idque
1422 2739 1574 2778 tanquam
1586 2738 1766 2770 mercedem
1775 2738 1956 2778 servitutis,
1968 2746 2032 2769 non
2046 2746 2103 2778 pro
2111 2736 2245 2774 tributo,

1191 2791 1229 2822 ut
1244 2799 1302 2822 vos
1316 2791 1395 2822 falso
1414 2790 1615 2823 existimatis
1629 2803 1645 2818 υ
1662 2791 1835 2830 Postquam
1858 2789 2032 2830 imperator
2047 2790 2174 2820 tantum
2196 2787 2246 2820 sui

1191 2844 1348 2874 terrorem
1369 2842 1481 2882 legatis
1497 2845 1637 2874 Avarum
1668 2841 1820 2881 incussit,
1837 2842 1871 2874 et
1894 2842 2114 2882 cognoverunt
2135 2849 2173 2872 ex
2196 2840 2246 2871 his

1192 2904 1265 2936 quae
1279 2895 1416 2936 dixerat,
1429 2895 1562 2927 minime
1574 2904 1650 2927 eum
1663 2895 1847 2936 superbiam
1861 2895 2004 2935 ipsorum
2018 2895 2244 2933 toleraturum,

1192 2955 1298 2988 neque
1312 2946 1487 2988 quicquam
1503 2956 1615 2979 eorum
1625 2971 1634 2987 ‚
1648 2955 1723 2987 quae
1735 2947 1823 2987 prius
1843 2946 1988 2986 accipere
2000 2946 2244 2984 consueverant,

1192 2999 1345 3030 daturum
1354 3023 1363 3039 ,
1377 3008 1437 3031 nec
1447 3007 1523 3030 vero
1537 2999 1620 3039 ipsos
1633 2995 1764 3039 impu‘ne
1775 2998 1908 3039 posthac
1917 2997 2114 3029 incursiones
2126 2997 2157 3027 in
2168 2996 2247 3027 lines

1191 3053 1353 3083 Romanos
1367 3051 1507 3082 facturos
1516 3074 1525 3090 ,
1535 3051 1568 3082 in
1578 3060 1728 3091 magnam
1739 3050 1836 3082 animi
1849 3050 2045 3082 anxietatem
2053 3048 2245 3086 inciderunt,

1192 3105 1224 3134 et
1236 3111 1346 3134 secum
1363 3102 1562 3142 cogitarunt,
1578 3111 1643 3143 quo
1657 3102 1787 3134 tandem
1802 3111 1852 3134 res
1872 3110 1994 3134 casurae
2006 3101 2112 3132 essent
2125 3102 2156 3131 et
2172 3100 2246 3138 quis

1192 3155 1322 3186 futurus
1340 3156 1422 3186 esset
1449 3163 1560 3186 earum
1581 3154 1697 3186 exitus.
1724 3156 1790 3186 Nec
1811 3154 1897 3186 enim
1914 3152 2076 3194 Byzantii,
2100 3150 2244 3192 quando-

1191 3207 1323 3248 quidem
1335 3207 1414 3239 nihil
1431 3207 1585 3248 prolicere
1595 3209 1765 3249 poterant,
1780 3206 1976 3239 manendum
1989 3205 2109 3237 diutius
2125 3205 2242 3236 statue·

1192 3260 1287 3300 bant,
1314 3268 1419 3300 neque
1435 3268 1470 3292 re
1495 3260 1611 3292 infecta
1629 3260 1794 3292 discedere
1812 3259 1972 3291 volebant.
1999 3257 2112 3290 Tutius
2136 3257 2243 3287 tamen

1192 3312 1299 3343 visum
1321 3312 1385 3344 illis
1400 3315 1448 3344 est
1463 3321 1481 3343 a
1499 3312 1652 3344 Romanis
1666 3312 1828 3344 discedere
1844 3311 1927 3343 etad
1949 3319 2024 3342 suos
2045 3317 2078 3341 se
2091 3307 2239 3347 recipere.

1192 3364 1244 3396 Sic
1256 3364 1301 3395 illi
1328 3363 1529 3404 imperatoris
1546 3372 1732 3403 responsum
1748 3363 1895 3395 admirati
1915 3360 2077 3401 conjuncti
2091 3367 2165 3391 cum
2177 3357 2242 3390 suis

1191 3417 1224 3448 in
1238 3418 1434 3448 Francorum
1452 3415 1614 3456 regionem
1626 3415 1784 3447 abierunt.
