<?xml version="1.0" encoding="UTF-8"?>
<!DOCTYPE html PUBLIC "-//W3C//DTD XHTML 1.0 Transitional//EN"
    "http://www.w3.org/TR/xhtml1/DTD/xhtml1-transitional.dtd">
<html xmlns="http://www.w3.org/1999/xhtml" xml:lang="en" lang="en">
 <head>
  <title>
</title>
<meta http-equiv="Content-Type" content="text/html;charset=utf-8" />
  <meta name='ocr-system' content='tesseract 3.04.00' />
  <meta name='ocr-capabilities' content='ocr_page ocr_carea ocr_par ocr_line ocrx_word'/>
</head>
<body>
  <div class='ocr_page' id='page_1' title='image "./fragmentahistori04mueluoft_0554.png"; bbox 0 0 2372 3704; ppageno 0'>
   <div class='ocr_carea' id='block_1_1' title="bbox 181 215 256 248">
    <p class='ocr_par' dir='ltr' id='par_1_1' title="bbox 181 215 256 248">
     <span class='ocr_line' id='line_1_1' title="bbox 181 215 256 248; baseline -0.013 0"><span class='ocrx_word' id='word_1_1' title='bbox 181 215 256 248; x_wconf 72' lang='lat'>542</span> 
     </span>
    </p>
   </div>
   <div class='ocr_carea' id='block_1_2' title="bbox 126 291 1222 2445">
    <p class='ocr_par' dir='ltr' id='par_1_2' title="bbox 177 291 1222 521">
     <span class='ocr_line' id='line_1_2' title="bbox 180 291 1222 356; baseline -0.002 -22"><span class='ocrx_word' id='word_1_2' title='bbox 180 297 298 356; x_wconf 81' lang='grc' dir='ltr'>ἄρχειν</span> <span class='ocrx_word' id='word_1_3' title='bbox 310 292 366 331; x_wconf 79' lang='grc' dir='ltr'>ἐπὶ</span> <span class='ocrx_word' id='word_1_4' title='bbox 375 295 436 337; x_wconf 87' lang='grc' dir='ltr'>τῆς</span> <span class='ocrx_word' id='word_1_5' title='bbox 447 295 520 343; x_wconf 89' lang='grc' dir='ltr'>γῆς.</span> <span class='ocrx_word' id='word_1_6' title='bbox 537 291 768 332; x_wconf 75' lang='grc' dir='ltr'>Ἐὸασίλευσε</span> <span class='ocrx_word' id='word_1_7' title='bbox 783 291 819 331; x_wconf 85' lang='grc' dir='ltr'>δὲ</span> <span class='ocrx_word' id='word_1_8' title='bbox 832 291 1011 345; x_wconf 87' lang='grc' dir='ltr'>Ἀσσυρίας</span> <span class='ocrx_word' id='word_1_9' title='bbox 1021 292 1080 341; x_wconf 85' lang='grc' dir='ltr'>ἔτη</span> <span class='ocrx_word' id='word_1_10' title='bbox 1096 293 1222 333; x_wconf 84' lang='grc' dir='ltr'>πολλά.</span> 
     </span>
     <span class='ocr_line' id='line_1_3' title="bbox 179 350 1222 405; baseline -0.002 -13"><span class='ocrx_word' id='word_1_11' title='bbox 179 351 268 405; x_wconf 76' lang='grc' dir='ltr'>Είχε</span> <span class='ocrx_word' id='word_1_12' title='bbox 287 352 434 404; x_wconf 80' lang='grc' dir='ltr'>γυναῖκα</span> <span class='ocrx_word' id='word_1_13' title='bbox 463 351 664 404; x_wconf 83' lang='grc' dir='ltr'>Σεμίραμιν</span> <span class='ocrx_word' id='word_1_14' title='bbox 693 350 758 398; x_wconf 81' lang='grc' dir='ltr'>τὴν</span> <span class='ocrx_word' id='word_1_15' title='bbox 787 351 847 389; x_wconf 86' lang='grc' dir='ltr'>καὶ</span> <span class='ocrx_word' id='word_1_16' title='bbox 876 350 981 390; x_wconf 85' lang='grc' dir='ltr'>Ῥέαν</span> <span class='ocrx_word' id='word_1_17' title='bbox 1006 352 1222 403; x_wconf 83' lang='grc' dir='ltr'>καλουμένην</span> 
     </span>
     <span class='ocr_line' id='line_1_4' title="bbox 177 405 1221 465; baseline -0.001 -15"><span class='ocrx_word' id='word_1_18' title='bbox 177 411 275 465; x_wconf 91' lang='grc' dir='ltr'>παρὰ</span> <span class='ocrx_word' id='word_1_19' title='bbox 285 417 355 454; x_wconf 87' lang='grc' dir='ltr'>τοῖς</span> <span class='ocrx_word' id='word_1_20' title='bbox 370 410 561 463; x_wconf 83' lang='grc' dir='ltr'>Ἀσσυρίοις</span> <span class='ocrx_word' id='word_1_21' title='bbox 574 409 630 448; x_wconf 90' lang='grc' dir='ltr'>διὰ</span> <span class='ocrx_word' id='word_1_22' title='bbox 644 410 683 448; x_wconf 82' lang='grc' dir='ltr'>τὸ</span> <span class='ocrx_word' id='word_1_23' title='bbox 698 410 757 448; x_wconf 82' lang='grc' dir='ltr'>καὶ</span> <span class='ocrx_word' id='word_1_24' title='bbox 773 408 881 456; x_wconf 79' lang='grc' dir='ltr'>αὐτὴν</span> <span class='ocrx_word' id='word_1_25' title='bbox 898 405 986 448; x_wconf 72' lang='grc' dir='ltr'>εἶναι</span> <span class='ocrx_word' id='word_1_26' title='bbox 1001 411 1221 464; x_wconf 82' lang='grc' dir='ltr'>ὑπερήφανον</span> 
     </span>
     <span class='ocr_line' id='line_1_5' title="bbox 177 468 807 521; baseline -0.003 -13"><span class='ocrx_word' id='word_1_27' title='bbox 177 470 236 508; x_wconf 84' lang='grc' dir='ltr'>καὶ</span> <span class='ocrx_word' id='word_1_28' title='bbox 255 468 405 513; x_wconf 82' lang='grc' dir='ltr'>ἀλαζόνα</span> <span class='ocrx_word' id='word_1_29' title='bbox 425 469 463 506; x_wconf 84' lang='grc' dir='ltr'>ἐκ</span> <span class='ocrx_word' id='word_1_30' title='bbox 481 472 542 515; x_wconf 88' lang='grc' dir='ltr'>τῆς</span> <span class='ocrx_word' id='word_1_31' title='bbox 561 470 668 514; x_wconf 77' lang='grc' dir='ltr'>αὐτῆς</span> <span class='ocrx_word' id='word_1_32' title='bbox 685 469 807 521; x_wconf 87' lang='grc' dir='ltr'>φυλῆς.</span> 
     </span>
    </p>

    <p class='ocr_par' dir='ltr' id='par_1_3' title="bbox 177 525 1222 696">
     <span class='ocr_line' id='line_1_6' title="bbox 230 525 1222 579; baseline -0.003 -12"><span class='ocrx_word' id='word_1_33' title='bbox 230 541 259 567; x_wconf 85' lang='grc'>3.</span> <span class='ocrx_word' id='word_1_34' title='bbox 286 526 403 579; x_wconf 83' lang='grc' dir='ltr'>Ἔσχε</span> <span class='ocrx_word' id='word_1_35' title='bbox 429 526 464 565; x_wconf 80' lang='grc' dir='ltr'>δὲ</span> <span class='ocrx_word' id='word_1_36' title='bbox 488 526 615 579; x_wconf 86' lang='grc' dir='ltr'>Κρόνος</span> <span class='ocrx_word' id='word_1_37' title='bbox 635 526 706 564; x_wconf 79' lang='grc' dir='ltr'>υἱὸν</span> <span class='ocrx_word' id='word_1_38' title='bbox 726 526 871 576; x_wconf 86' lang='grc' dir='ltr'>ὀνόματι</span> <span class='ocrx_word' id='word_1_39' title='bbox 888 526 1015 576; x_wconf 84' lang='grc' dir='ltr'>Πῖκον,</span> <span class='ocrx_word' id='word_1_40' title='bbox 1036 525 1130 570; x_wconf 80' lang='grc' dir='ltr'>ὅστις</span> <span class='ocrx_word' id='word_1_41' title='bbox 1156 526 1222 564; x_wconf 77' lang='grc' dir='ltr'>ὑπὸ</span> 
     </span>
     <span class='ocr_line' id='line_1_7' title="bbox 177 584 1220 637; baseline -0.002 -14"><span class='ocrx_word' id='word_1_42' title='bbox 177 588 246 624; x_wconf 84' lang='grc' dir='ltr'>τῶν</span> <span class='ocrx_word' id='word_1_43' title='bbox 263 585 390 637; x_wconf 84' lang='grc' dir='ltr'>γονέων</span> <span class='ocrx_word' id='word_1_44' title='bbox 408 585 536 632; x_wconf 80' lang='grc' dir='ltr'>ἐκλήθη</span> <span class='ocrx_word' id='word_1_45' title='bbox 554 585 652 633; x_wconf 77' lang='grc' dir='ltr'>Ζεὺς,</span> <span class='ocrx_word' id='word_1_46' title='bbox 669 586 716 628; x_wconf 89' lang='grc' dir='ltr'>εἷς</span> <span class='ocrx_word' id='word_1_47' title='bbox 733 584 842 636; x_wconf 87' lang='grc' dir='ltr'>ὄνομα</span> <span class='ocrx_word' id='word_1_48' title='bbox 859 584 919 623; x_wconf 79' lang='grc' dir='ltr'>καὶ</span> <span class='ocrx_word' id='word_1_49' title='bbox 937 584 1038 628; x_wconf 81' lang='grc' dir='ltr'>αὐτὸς</span> <span class='ocrx_word' id='word_1_50' title='bbox 1054 587 1115 632; x_wconf 88' lang='grc' dir='ltr'>τῆς</span> <span class='ocrx_word' id='word_1_51' title='bbox 1131 586 1220 622; x_wconf 87' lang='grc' dir='ltr'>ἐπω-</span> 
     </span>
     <span class='ocr_line' id='line_1_8' title="bbox 177 643 752 696; baseline -0.003 -13"><span class='ocrx_word' id='word_1_52' title='bbox 177 643 302 694; x_wconf 87' lang='grc' dir='ltr'>νυμίας</span> <span class='ocrx_word' id='word_1_53' title='bbox 320 647 379 682; x_wconf 90' lang='grc' dir='ltr'>τοῦ</span> <span class='ocrx_word' id='word_1_54' title='bbox 398 644 576 691; x_wconf 84' lang='grc' dir='ltr'>πλανήτου</span> <span class='ocrx_word' id='word_1_55' title='bbox 597 643 752 696; x_wconf 83' lang='grc' dir='ltr'>ἀστέρος.</span> 
     </span>
    </p>

    <p class='ocr_par' dir='ltr' id='par_1_4' title="bbox 171 700 1222 1733">
     <span class='ocr_line' id='line_1_9' title="bbox 229 700 1220 755; baseline -0.003 -13"><span class='ocrx_word' id='word_1_56' title='bbox 229 717 260 742; x_wconf 73' lang='grc'>4.</span> <span class='ocrx_word' id='word_1_57' title='bbox 291 702 406 755; x_wconf 85' lang='grc' dir='ltr'>Ἔσχε</span> <span class='ocrx_word' id='word_1_58' title='bbox 423 702 460 741; x_wconf 80' lang='grc' dir='ltr'>δὲ</span> <span class='ocrx_word' id='word_1_59' title='bbox 480 703 540 741; x_wconf 74' lang='grc' dir='ltr'>καὶ</span> <span class='ocrx_word' id='word_1_60' title='bbox 561 702 675 754; x_wconf 77' lang='grc' dir='ltr'>ἕτερον</span> <span class='ocrx_word' id='word_1_61' title='bbox 696 702 767 740; x_wconf 80' lang='grc' dir='ltr'>υἱὸν</span> <span class='ocrx_word' id='word_1_62' title='bbox 786 701 930 752; x_wconf 81' lang='grc' dir='ltr'>ὀνόματι</span> <span class='ocrx_word' id='word_1_63' title='bbox 950 702 1056 740; x_wconf 81' lang='grc' dir='ltr'>Νῖνον</span> <span class='ocrx_word' id='word_1_64' title='bbox 1079 700 1138 739; x_wconf 78' lang='grc' dir='ltr'>καὶ</span> <span class='ocrx_word' id='word_1_65' title='bbox 1158 704 1220 739; x_wconf 88' lang='grc' dir='ltr'>θυ-</span> 
     </span>
     <span class='ocr_line' id='line_1_10' title="bbox 175 758 1222 814; baseline -0.002 -15"><span class='ocrx_word' id='word_1_66' title='bbox 175 761 306 813; x_wconf 79' lang='grc' dir='ltr'>γατέρα</span> <span class='ocrx_word' id='word_1_67' title='bbox 321 760 370 800; x_wconf 74' lang='lat' dir='ltr'>c&#39;H</span> <span class='ocrx_word' id='word_1_68' title='bbox 377 777 453 814; x_wconf 88' lang='grc' dir='ltr'>ραν.</span> <span class='ocrx_word' id='word_1_69' title='bbox 470 759 606 800; x_wconf 72' lang='grc' dir='ltr'>Ἔλαὸε</span> <span class='ocrx_word' id='word_1_70' title='bbox 624 761 658 799; x_wconf 82' lang='grc' dir='ltr'>δὲ</span> <span class='ocrx_word' id='word_1_71' title='bbox 676 763 722 804; x_wconf 90' lang='grc' dir='ltr'>εἰς</span> <span class='ocrx_word' id='word_1_72' title='bbox 735 762 882 811; x_wconf 84' lang='grc' dir='ltr'>γυναῖκα</span> <span class='ocrx_word' id='word_1_73' title='bbox 900 762 1009 803; x_wconf 86' lang='grc' dir='ltr'>Πῖκος</span> <span class='ocrx_word' id='word_1_74' title='bbox 1022 762 1039 797; x_wconf 99' lang='lat'>6</span> <span class='ocrx_word' id='word_1_75' title='bbox 1059 758 1118 797; x_wconf 79' lang='grc' dir='ltr'>καὶ</span> <span class='ocrx_word' id='word_1_76' title='bbox 1135 759 1222 803; x_wconf 81' lang='grc' dir='ltr'>Ζεὺς</span> 
     </span>
     <span class='ocr_line' id='line_1_11' title="bbox 176 817 1220 872; baseline -0.002 -15"><span class='ocrx_word' id='word_1_77' title='bbox 176 820 239 867; x_wconf 87' lang='grc' dir='ltr'>τὴν</span> <span class='ocrx_word' id='word_1_78' title='bbox 259 821 348 858; x_wconf 83' lang='grc' dir='ltr'>ἰδίαν</span> <span class='ocrx_word' id='word_1_79' title='bbox 366 821 469 858; x_wconf 82' lang='grc' dir='ltr'>αὐτοῦ</span> <span class='ocrx_word' id='word_1_80' title='bbox 491 819 656 872; x_wconf 83' lang='grc' dir='ltr'>ἀδελφὴν,</span> <span class='ocrx_word' id='word_1_81' title='bbox 671 818 803 870; x_wconf 64' lang='grc' dir='ltr'>ςἭραν,</span> <span class='ocrx_word' id='word_1_82' title='bbox 820 819 861 866; x_wconf 77' lang='grc' dir='ltr'>ἣν</span> <span class='ocrx_word' id='word_1_83' title='bbox 884 819 944 856; x_wconf 86' lang='grc' dir='ltr'>καὶ</span> <span class='ocrx_word' id='word_1_84' title='bbox 965 818 1084 869; x_wconf 88' lang='grc' dir='ltr'>ζυγίαν</span> <span class='ocrx_word' id='word_1_85' title='bbox 1105 817 1220 867; x_wconf 88' lang='grc' dir='ltr'>Νέμε-</span> 
     </span>
     <span class='ocr_line' id='line_1_12' title="bbox 177 874 1220 929; baseline -0.004 -13"><span class='ocrx_word' id='word_1_86' title='bbox 177 893 230 916; x_wconf 85' lang='grc' dir='ltr'>σιν</span> <span class='ocrx_word' id='word_1_87' title='bbox 256 878 400 916; x_wconf 80' lang='grc' dir='ltr'>ἐκάλουν</span> <span class='ocrx_word' id='word_1_88' title='bbox 420 876 506 921; x_wconf 81' lang='grc' dir='ltr'>τινὲς</span> <span class='ocrx_word' id='word_1_89' title='bbox 534 879 816 929; x_wconf 78' lang='grc' dir='ltr'>εὐχαριστοῦντες</span> <span class='ocrx_word' id='word_1_90' title='bbox 845 878 933 927; x_wconf 82' lang='grc' dir='ltr'>αὐτῇ</span> <span class='ocrx_word' id='word_1_91' title='bbox 953 879 998 919; x_wconf 87' lang='grc' dir='ltr'>ὡς</span> <span class='ocrx_word' id='word_1_92' title='bbox 1026 877 1139 927; x_wconf 80' lang='grc' dir='ltr'>ἀγαθῇ</span> <span class='ocrx_word' id='word_1_93' title='bbox 1161 874 1220 913; x_wconf 77' lang='grc' dir='ltr'>καὶ</span> 
     </span>
     <span class='ocr_line' id='line_1_13' title="bbox 177 932 1219 989; baseline -0.004 -15"><span class='ocrx_word' id='word_1_94' title='bbox 177 937 308 989; x_wconf 77' lang='grc' dir='ltr'>δικαίᾳ.</span> <span class='ocrx_word' id='word_1_95' title='bbox 329 935 444 988; x_wconf 81' lang='grc' dir='ltr'>Ἔσχε</span> <span class='ocrx_word' id='word_1_96' title='bbox 465 935 500 974; x_wconf 84' lang='grc' dir='ltr'>δὲ</span> <span class='ocrx_word' id='word_1_97' title='bbox 519 935 552 980; x_wconf 84' lang='grc' dir='ltr'>ἐξ</span> <span class='ocrx_word' id='word_1_98' title='bbox 575 937 680 982; x_wconf 80' lang='grc' dir='ltr'>αὐτῆς</span> <span class='ocrx_word' id='word_1_99' title='bbox 696 938 714 973; x_wconf 88' lang='lat'>6</span> <span class='ocrx_word' id='word_1_100' title='bbox 736 937 844 979; x_wconf 89' lang='grc' dir='ltr'>Πῖκος</span> <span class='ocrx_word' id='word_1_101' title='bbox 863 934 949 978; x_wconf 80' lang='grc' dir='ltr'>Ζεὺς</span> <span class='ocrx_word' id='word_1_102' title='bbox 975 934 1058 981; x_wconf 82' lang='grc' dir='ltr'>υἱὸν,</span> <span class='ocrx_word' id='word_1_103' title='bbox 1079 934 1115 971; x_wconf 88' lang='grc' dir='ltr'>ὃν</span> <span class='ocrx_word' id='word_1_104' title='bbox 1133 932 1219 971; x_wconf 85' lang='grc' dir='ltr'>ὠνό-</span> 
     </span>
     <span class='ocr_line' id='line_1_14' title="bbox 177 987 1220 1044; baseline -0.005 -10"><span class='ocrx_word' id='word_1_105' title='bbox 177 1011 269 1043; x_wconf 90' lang='grc' dir='ltr'>μασε</span> <span class='ocrx_word' id='word_1_106' title='bbox 298 997 411 1042; x_wconf 91' lang='grc' dir='ltr'>Βῆλον</span> <span class='ocrx_word' id='word_1_107' title='bbox 433 995 487 1033; x_wconf 87' lang='grc' dir='ltr'>διὰ</span> <span class='ocrx_word' id='word_1_108' title='bbox 515 993 554 1032; x_wconf 85' lang='grc' dir='ltr'>τὸ</span> <span class='ocrx_word' id='word_1_109' title='bbox 580 993 742 1038; x_wconf 79' lang='grc' dir='ltr'>ὀξύτατον</span> <span class='ocrx_word' id='word_1_110' title='bbox 768 987 868 1034; x_wconf 70' lang='grc' dir='ltr'>εἶναι.</span> <span class='ocrx_word' id='word_1_111' title='bbox 902 992 946 1032; x_wconf 91' lang='grc' dir='ltr'>Ὁ</span> <span class='ocrx_word' id='word_1_112' title='bbox 975 992 1010 1030; x_wconf 85' lang='grc' dir='ltr'>δὲ</span> <span class='ocrx_word' id='word_1_113' title='bbox 1030 991 1220 1044; x_wconf 85' lang='grc' dir='ltr'>προπάτωρ</span> 
     </span>
     <span class='ocr_line' id='line_1_15' title="bbox 178 1050 1219 1106; baseline -0.005 -14"><span class='ocrx_word' id='word_1_114' title='bbox 178 1054 309 1106; x_wconf 87' lang='grc' dir='ltr'>Κρόνος</span> <span class='ocrx_word' id='word_1_115' title='bbox 331 1054 436 1097; x_wconf 84' lang='grc' dir='ltr'>ἐάσας</span> <span class='ocrx_word' id='word_1_116' title='bbox 457 1053 515 1091; x_wconf 81' lang='grc' dir='ltr'>τὸν</span> <span class='ocrx_word' id='word_1_117' title='bbox 540 1055 646 1090; x_wconf 81' lang='grc' dir='ltr'>αὑτοῦ</span> <span class='ocrx_word' id='word_1_118' title='bbox 673 1052 744 1090; x_wconf 83' lang='grc' dir='ltr'>υἱὸν</span> <span class='ocrx_word' id='word_1_119' title='bbox 773 1053 884 1091; x_wconf 82' lang='grc' dir='ltr'>Πῖκον</span> <span class='ocrx_word' id='word_1_120' title='bbox 906 1052 940 1089; x_wconf 86' lang='grc' dir='ltr'>ἐν</span> <span class='ocrx_word' id='word_1_121' title='bbox 960 1053 1004 1102; x_wconf 82' lang='grc' dir='ltr'>τῇ</span> <span class='ocrx_word' id='word_1_122' title='bbox 1033 1050 1219 1101; x_wconf 75' lang='grc' dir='ltr'>Ἀσσυρίᾳ,</span> 
     </span>
     <span class='ocr_line' id='line_1_16' title="bbox 176 1107 1219 1162; baseline -0.002 -13"><span class='ocrx_word' id='word_1_123' title='bbox 176 1112 237 1150; x_wconf 85' lang='grc' dir='ltr'>καὶ</span> <span class='ocrx_word' id='word_1_124' title='bbox 252 1112 314 1159; x_wconf 81' lang='grc' dir='ltr'>τὴν</span> <span class='ocrx_word' id='word_1_125' title='bbox 329 1114 454 1150; x_wconf 85' lang='grc' dir='ltr'>ἑαυτοῦ</span> <span class='ocrx_word' id='word_1_126' title='bbox 472 1111 619 1162; x_wconf 78' lang='grc' dir='ltr'>γυναῖκα</span> <span class='ocrx_word' id='word_1_127' title='bbox 637 1109 758 1157; x_wconf 86' lang='grc' dir='ltr'>Ῥέαν,</span> <span class='ocrx_word' id='word_1_128' title='bbox 774 1110 830 1148; x_wconf 80' lang='grc' dir='ltr'>καὶ</span> <span class='ocrx_word' id='word_1_129' title='bbox 846 1109 965 1148; x_wconf 75' lang='grc' dir='ltr'>λαὸὼν</span> <span class='ocrx_word' id='word_1_130' title='bbox 986 1107 1120 1155; x_wconf 81' lang='grc' dir='ltr'>πολλὴν</span> <span class='ocrx_word' id='word_1_131' title='bbox 1136 1108 1219 1160; x_wconf 89' lang='grc' dir='ltr'>βοή-</span> 
     </span>
     <span class='ocr_line' id='line_1_17' title="bbox 175 1167 1219 1222; baseline -0.004 -14"><span class='ocrx_word' id='word_1_132' title='bbox 175 1174 268 1209; x_wconf 88' lang='grc' dir='ltr'>θειαν</span> <span class='ocrx_word' id='word_1_133' title='bbox 302 1170 504 1222; x_wconf 86' lang='grc' dir='ltr'>ἀνθρώπων,</span> <span class='ocrx_word' id='word_1_134' title='bbox 524 1170 678 1216; x_wconf 75' lang='grc' dir='ltr'>ἀπῆλθεν</span> <span class='ocrx_word' id='word_1_135' title='bbox 708 1171 755 1212; x_wconf 87' lang='grc' dir='ltr'>εἰς</span> <span class='ocrx_word' id='word_1_136' title='bbox 781 1168 844 1216; x_wconf 85' lang='grc' dir='ltr'>τὴν</span> <span class='ocrx_word' id='word_1_137' title='bbox 866 1167 961 1206; x_wconf 91' lang='grc' dir='ltr'>δύσιν</span> <span class='ocrx_word' id='word_1_138' title='bbox 991 1167 1219 1205; x_wconf 73' lang='grc' dir='ltr'>ἀὸασίλευτον</span> 
     </span>
     <span class='ocr_line' id='line_1_18' title="bbox 174 1223 1220 1280; baseline -0.004 -13"><span class='ocrx_word' id='word_1_139' title='bbox 174 1223 294 1276; x_wconf 60' lang='grc' dir='ltr'>οὖσαν,</span> <span class='ocrx_word' id='word_1_140' title='bbox 316 1229 376 1267; x_wconf 82' lang='grc' dir='ltr'>καὶ</span> <span class='ocrx_word' id='word_1_141' title='bbox 392 1227 582 1280; x_wconf 82' lang='grc' dir='ltr'>ἐκράτησεν</span> <span class='ocrx_word' id='word_1_142' title='bbox 601 1229 707 1275; x_wconf 71' lang='grc' dir='ltr'>αὐτῆς</span> <span class='ocrx_word' id='word_1_143' title='bbox 731 1226 790 1273; x_wconf 84' lang='grc' dir='ltr'>ἔτη</span> <span class='ocrx_word' id='word_1_144' title='bbox 809 1226 924 1264; x_wconf 84' lang='grc' dir='ltr'>πολλοί</span> <span class='ocrx_word' id='word_1_145' title='bbox 936 1242 945 1250; x_wconf 87' lang='grc'><em>·</em></span> <span class='ocrx_word' id='word_1_146' title='bbox 962 1225 1022 1263; x_wconf 85' lang='grc' dir='ltr'>καὶ</span> <span class='ocrx_word' id='word_1_147' title='bbox 1048 1225 1131 1277; x_wconf 71' lang='grc' dir='ltr'>ἔσχε</span> <span class='ocrx_word' id='word_1_148' title='bbox 1150 1227 1220 1264; x_wconf 88' lang='grc' dir='ltr'>ἐκεῖ</span> 
     </span>
     <span class='ocr_line' id='line_1_19' title="bbox 174 1279 1221 1338; baseline -0.004 -13"><span class='ocrx_word' id='word_1_149' title='bbox 174 1293 321 1338; x_wconf 89' lang='grc' dir='ltr'>γυναῖκα</span> <span class='ocrx_word' id='word_1_150' title='bbox 346 1286 489 1336; x_wconf 83' lang='grc' dir='ltr'>ὀνόματι</span> <span class='ocrx_word' id='word_1_151' title='bbox 513 1285 690 1338; x_wconf 76' lang='grc' dir='ltr'>Φιλύραν,</span> <span class='ocrx_word' id='word_1_152' title='bbox 709 1285 741 1330; x_wconf 80' lang='grc' dir='ltr'>ἐξ</span> <span class='ocrx_word' id='word_1_153' title='bbox 758 1279 798 1332; x_wconf 72' lang='grc' dir='ltr'>ῆς</span> <span class='ocrx_word' id='word_1_154' title='bbox 818 1284 900 1336; x_wconf 83' lang='grc' dir='ltr'>ἔσχε</span> <span class='ocrx_word' id='word_1_155' title='bbox 917 1284 990 1322; x_wconf 79' lang='grc' dir='ltr'>υἱὸν</span> <span class='ocrx_word' id='word_1_156' title='bbox 1009 1281 1138 1336; x_wconf 83' lang='grc' dir='ltr'>Ἄφρον</span> <span class='ocrx_word' id='word_1_157' title='bbox 1150 1299 1158 1307; x_wconf 90' lang='grc'><em>·</em></span> <span class='ocrx_word' id='word_1_158' title='bbox 1186 1283 1221 1327; x_wconf 85' lang='grc' dir='ltr'>ὃς</span> 
     </span>
     <span class='ocr_line' id='line_1_20' title="bbox 173 1342 1220 1398; baseline -0.004 -14"><span class='ocrx_word' id='word_1_159' title='bbox 173 1344 299 1398; x_wconf 81' lang='grc' dir='ltr'>Ἄφρος</span> <span class='ocrx_word' id='word_1_160' title='bbox 326 1345 491 1396; x_wconf 86' lang='grc' dir='ltr'>γάμησας</span> <span class='ocrx_word' id='word_1_161' title='bbox 527 1344 740 1395; x_wconf 81' lang='grc' dir='ltr'>Ἀστυνόμην</span> <span class='ocrx_word' id='word_1_162' title='bbox 771 1343 932 1395; x_wconf 80' lang='grc' dir='ltr'>ἐγέννησε</span> <span class='ocrx_word' id='word_1_163' title='bbox 962 1343 1151 1394; x_wconf 80' lang='grc' dir='ltr'>θυγατέρα,</span> <span class='ocrx_word' id='word_1_164' title='bbox 1177 1342 1220 1389; x_wconf 84' lang='grc' dir='ltr'>ἢν</span> 
     </span>
     <span class='ocr_line' id='line_1_21' title="bbox 174 1401 1220 1456; baseline -0.003 -14"><span class='ocrx_word' id='word_1_165' title='bbox 174 1405 338 1442; x_wconf 78' lang='grc' dir='ltr'>ἐκάλεσεν</span> <span class='ocrx_word' id='word_1_166' title='bbox 353 1403 568 1456; x_wconf 82' lang='grc' dir='ltr'>Ἀφροδίτην,</span> <span class='ocrx_word' id='word_1_167' title='bbox 585 1405 632 1447; x_wconf 90' lang='grc' dir='ltr'>εἰς</span> <span class='ocrx_word' id='word_1_168' title='bbox 646 1403 755 1453; x_wconf 83' lang='grc' dir='ltr'>ὄνομα</span> <span class='ocrx_word' id='word_1_169' title='bbox 770 1402 829 1441; x_wconf 85' lang='grc' dir='ltr'>καὶ</span> <span class='ocrx_word' id='word_1_170' title='bbox 846 1401 954 1449; x_wconf 77' lang='grc' dir='ltr'>αὐτὴν</span> <span class='ocrx_word' id='word_1_171' title='bbox 968 1405 1027 1440; x_wconf 92' lang='grc' dir='ltr'>τοῦ</span> <span class='ocrx_word' id='word_1_172' title='bbox 1042 1401 1220 1447; x_wconf 84' lang='grc' dir='ltr'>πλανήτου</span> 
     </span>
     <span class='ocr_line' id='line_1_22' title="bbox 171 1459 1222 1515; baseline -0.004 -14"><span class='ocrx_word' id='word_1_173' title='bbox 171 1463 337 1514; x_wconf 77' lang='grc' dir='ltr'>ἀστέρος,</span> <span class='ocrx_word' id='word_1_174' title='bbox 363 1462 546 1515; x_wconf 86' lang='grc' dir='ltr'>φιλόσοφον</span> <span class='ocrx_word' id='word_1_175' title='bbox 570 1461 772 1513; x_wconf 81' lang='grc' dir='ltr'>γενομένην,</span> <span class='ocrx_word' id='word_1_176' title='bbox 799 1460 873 1508; x_wconf 81' lang='grc' dir='ltr'>ἥτις</span> <span class='ocrx_word' id='word_1_177' title='bbox 893 1462 1093 1512; x_wconf 85' lang='grc' dir='ltr'>γαμηθεῖσα</span> <span class='ocrx_word' id='word_1_178' title='bbox 1111 1459 1222 1499; x_wconf 83' lang='grc' dir='ltr'>Ἀδώ-</span> 
     </span>
     <span class='ocr_line' id='line_1_23' title="bbox 175 1519 1221 1573; baseline -0.002 -15"><span class='ocrx_word' id='word_1_179' title='bbox 175 1523 242 1559; x_wconf 86' lang='grc' dir='ltr'>νιδι</span> <span class='ocrx_word' id='word_1_180' title='bbox 264 1521 448 1573; x_wconf 84' lang='grc' dir='ltr'>Ἀθηναίῳ,</span> <span class='ocrx_word' id='word_1_181' title='bbox 464 1521 524 1558; x_wconf 83' lang='grc' dir='ltr'>καὶ</span> <span class='ocrx_word' id='word_1_182' title='bbox 544 1521 638 1573; x_wconf 82' lang='grc' dir='ltr'>αὐτῷ</span> <span class='ocrx_word' id='word_1_183' title='bbox 655 1519 850 1572; x_wconf 84' lang='grc' dir='ltr'>φιλοσόφῳ,</span> <span class='ocrx_word' id='word_1_184' title='bbox 871 1521 994 1557; x_wconf 85' lang='grc' dir='ltr'>ἐκεῖνοι</span> <span class='ocrx_word' id='word_1_185' title='bbox 1013 1521 1099 1568; x_wconf 83' lang='grc' dir='ltr'>ὁμοῦ</span> <span class='ocrx_word' id='word_1_186' title='bbox 1119 1520 1221 1570; x_wconf 85' lang='grc' dir='ltr'>φιλο-</span> 
     </span>
     <span class='ocr_line' id='line_1_24' title="bbox 176 1576 1219 1631; baseline -0.003 -15"><span class='ocrx_word' id='word_1_187' title='bbox 176 1583 356 1631; x_wconf 77' lang='grc' dir='ltr'>σοφοῦντες</span> <span class='ocrx_word' id='word_1_188' title='bbox 373 1579 455 1630; x_wconf 87' lang='grc' dir='ltr'>ἄχρι</span> <span class='ocrx_word' id='word_1_189' title='bbox 471 1578 630 1617; x_wconf 84' lang='grc' dir='ltr'>θανάτου.</span> <span class='ocrx_word' id='word_1_190' title='bbox 657 1577 773 1630; x_wconf 77' lang='grc' dir='ltr'>Ἔσχε</span> <span class='ocrx_word' id='word_1_191' title='bbox 787 1577 824 1615; x_wconf 81' lang='grc' dir='ltr'>δὲ</span> <span class='ocrx_word' id='word_1_192' title='bbox 845 1578 883 1615; x_wconf 87' lang='grc' dir='ltr'>ἐκ</span> <span class='ocrx_word' id='word_1_193' title='bbox 905 1579 967 1622; x_wconf 82' lang='grc' dir='ltr'>τῆς</span> <span class='ocrx_word' id='word_1_194' title='bbox 983 1578 1088 1622; x_wconf 79' lang='grc' dir='ltr'>αὐτῆς</span> <span class='ocrx_word' id='word_1_195' title='bbox 1107 1576 1219 1614; x_wconf 86' lang='grc' dir='ltr'>Φιλύ-</span> 
     </span>
     <span class='ocr_line' id='line_1_25' title="bbox 177 1632 1219 1691; baseline -0.005 -16"><span class='ocrx_word' id='word_1_196' title='bbox 177 1653 237 1690; x_wconf 87' lang='grc' dir='ltr'>ρας</span> <span class='ocrx_word' id='word_1_197' title='bbox 257 1639 274 1674; x_wconf 87' lang='lat'>6</span> <span class='ocrx_word' id='word_1_198' title='bbox 295 1636 423 1690; x_wconf 86' lang='grc' dir='ltr'>Κρόνος</span> <span class='ocrx_word' id='word_1_199' title='bbox 440 1636 500 1675; x_wconf 79' lang='grc' dir='ltr'>καὶ</span> <span class='ocrx_word' id='word_1_200' title='bbox 523 1635 626 1691; x_wconf 81' lang='grc' dir='ltr'>ἄλλον</span> <span class='ocrx_word' id='word_1_201' title='bbox 652 1635 723 1673; x_wconf 77' lang='grc' dir='ltr'>υἱὸν</span> <span class='ocrx_word' id='word_1_202' title='bbox 750 1635 928 1687; x_wconf 86' lang='grc' dir='ltr'>Χείρωνα,</span> <span class='ocrx_word' id='word_1_203' title='bbox 954 1632 1139 1687; x_wconf 81' lang='grc' dir='ltr'>φιλόσοφον</span> <span class='ocrx_word' id='word_1_204' title='bbox 1160 1633 1219 1671; x_wconf 81' lang='grc' dir='ltr'>καὶ</span> 
     </span>
     <span class='ocr_line' id='line_1_26' title="bbox 177 1695 292 1733; baseline -0.009 0"><span class='ocrx_word' id='word_1_205' title='bbox 177 1695 292 1733; x_wconf 86' lang='grc' dir='ltr'>αὐτόν.</span> 
     </span>
    </p>

    <p class='ocr_par' dir='ltr' id='par_1_5' title="bbox 173 1749 1220 2095">
     <span class='ocr_line' id='line_1_27' title="bbox 228 1749 1218 1803; baseline -0.005 -11"><span class='ocrx_word' id='word_1_206' title='bbox 228 1767 258 1792; x_wconf 81' lang='lat'>5.</span> <span class='ocrx_word' id='word_1_207' title='bbox 291 1752 506 1797; x_wconf 87' lang='grc' dir='ltr'>Βασιλεύσας</span> <span class='ocrx_word' id='word_1_208' title='bbox 529 1752 565 1792; x_wconf 84' lang='grc' dir='ltr'>δὲ</span> <span class='ocrx_word' id='word_1_209' title='bbox 581 1755 688 1797; x_wconf 85' lang='grc' dir='ltr'>Πῖκος</span> <span class='ocrx_word' id='word_1_210' title='bbox 705 1754 723 1791; x_wconf 89' lang='lat'>6</span> <span class='ocrx_word' id='word_1_211' title='bbox 738 1751 796 1791; x_wconf 80' lang='grc' dir='ltr'>καὶ</span> <span class='ocrx_word' id='word_1_212' title='bbox 813 1751 898 1794; x_wconf 81' lang='grc' dir='ltr'>Ζεὺς</span> <span class='ocrx_word' id='word_1_213' title='bbox 915 1752 949 1790; x_wconf 91' lang='grc' dir='ltr'>ἐν</span> <span class='ocrx_word' id='word_1_214' title='bbox 971 1749 1137 1803; x_wconf 77' lang='grc' dir='ltr'>Ἀσσυρίᾳ</span> <span class='ocrx_word' id='word_1_215' title='bbox 1157 1750 1218 1796; x_wconf 87' lang='grc' dir='ltr'>ἔτη</span> 
     </span>
     <span class='ocr_line' id='line_1_28' title="bbox 174 1808 1220 1863; baseline -0.003 -14"><span class='ocrx_word' id='word_1_216' title='bbox 174 1811 220 1859; x_wconf 86' lang='grc' dir='ltr'>λ’,</span> <span class='ocrx_word' id='word_1_217' title='bbox 238 1812 297 1850; x_wconf 79' lang='grc' dir='ltr'>καὶ</span> <span class='ocrx_word' id='word_1_218' title='bbox 316 1812 464 1859; x_wconf 82' lang='grc' dir='ltr'>ποιήσας</span> <span class='ocrx_word' id='word_1_219' title='bbox 485 1813 598 1858; x_wconf 88' lang='grc' dir='ltr'>Βῆλον</span> <span class='ocrx_word' id='word_1_220' title='bbox 619 1810 768 1863; x_wconf 80' lang='grc' dir='ltr'>βασιλέα</span> <span class='ocrx_word' id='word_1_221' title='bbox 782 1809 972 1862; x_wconf 86' lang='grc' dir='ltr'>Ἀσσυρίων</span> <span class='ocrx_word' id='word_1_222' title='bbox 994 1810 1147 1855; x_wconf 87' lang='grc' dir='ltr'>ἀπῆλθεν</span> <span class='ocrx_word' id='word_1_223' title='bbox 1162 1808 1220 1847; x_wconf 78' lang='grc' dir='ltr'>ἐπὶ</span> 
     </span>
     <span class='ocr_line' id='line_1_29' title="bbox 175 1866 1216 1921; baseline -0.002 -14"><span class='ocrx_word' id='word_1_224' title='bbox 175 1869 238 1915; x_wconf 83' lang='grc' dir='ltr'>τὴν</span> <span class='ocrx_word' id='word_1_225' title='bbox 254 1869 364 1917; x_wconf 88' lang='grc' dir='ltr'>δύσιν,</span> <span class='ocrx_word' id='word_1_226' title='bbox 389 1869 446 1908; x_wconf 84' lang='grc' dir='ltr'>ἐπὶ</span> <span class='ocrx_word' id='word_1_227' title='bbox 465 1869 522 1908; x_wconf 77' lang='grc' dir='ltr'>τὸν</span> <span class='ocrx_word' id='word_1_228' title='bbox 543 1872 664 1908; x_wconf 84' lang='grc' dir='ltr'>ἑαυτοῦ</span> <span class='ocrx_word' id='word_1_229' title='bbox 685 1868 822 1921; x_wconf 83' lang='grc' dir='ltr'>πατέρα</span> <span class='ocrx_word' id='word_1_230' title='bbox 842 1867 984 1920; x_wconf 88' lang='grc' dir='ltr'>Κρόνον.</span> <span class='ocrx_word' id='word_1_231' title='bbox 1004 1867 1049 1906; x_wconf 71' lang='lat' dir='ltr'>‘O</span> <span class='ocrx_word' id='word_1_232' title='bbox 1070 1867 1107 1904; x_wconf 83' lang='grc' dir='ltr'>δὲ</span> <span class='ocrx_word' id='word_1_233' title='bbox 1122 1866 1216 1919; x_wconf 89' lang='grc' dir='ltr'>Κρό-</span> 
     </span>
     <span class='ocr_line' id='line_1_30' title="bbox 175 1925 1218 1981; baseline -0.003 -16"><span class='ocrx_word' id='word_1_234' title='bbox 175 1944 229 1972; x_wconf 93' lang='grc' dir='ltr'>νος</span> <span class='ocrx_word' id='word_1_235' title='bbox 247 1928 519 1980; x_wconf 80' lang='grc' dir='ltr'>ταλαιπωρήσας</span> <span class='ocrx_word' id='word_1_236' title='bbox 538 1927 654 1981; x_wconf 87' lang='grc' dir='ltr'>χρόνῳ</span> <span class='ocrx_word' id='word_1_237' title='bbox 674 1927 866 1975; x_wconf 88' lang='grc' dir='ltr'>κατέστησε</span> <span class='ocrx_word' id='word_1_238' title='bbox 892 1925 1039 1978; x_wconf 84' lang='grc' dir='ltr'>βασιλέα</span> <span class='ocrx_word' id='word_1_239' title='bbox 1055 1925 1112 1963; x_wconf 83' lang='grc' dir='ltr'>τὸν</span> <span class='ocrx_word' id='word_1_240' title='bbox 1137 1927 1218 1963; x_wconf 82' lang='grc' dir='ltr'>ἑαυ-</span> 
     </span>
     <span class='ocr_line' id='line_1_31' title="bbox 173 1983 1219 2035; baseline -0.002 -11"><span class='ocrx_word' id='word_1_241' title='bbox 173 1990 234 2024; x_wconf 89' lang='grc' dir='ltr'>τοῦ</span> <span class='ocrx_word' id='word_1_242' title='bbox 268 1987 341 2025; x_wconf 82' lang='grc' dir='ltr'>υἱὸν</span> <span class='ocrx_word' id='word_1_243' title='bbox 373 1987 455 2028; x_wconf 86' lang='grc' dir='ltr'>Δία.</span> <span class='ocrx_word' id='word_1_244' title='bbox 489 1987 575 2026; x_wconf 61' lang='grc' dir='ltr'>*Καὶ</span> <span class='ocrx_word' id='word_1_245' title='bbox 609 1986 814 2026; x_wconf 69' lang='grc' dir='ltr'>ἐδασίλευσε</span> <span class='ocrx_word' id='word_1_246' title='bbox 847 1985 933 2029; x_wconf 81' lang='grc' dir='ltr'>Ζεὺς</span> <span class='ocrx_word' id='word_1_247' title='bbox 963 1984 1024 2032; x_wconf 85' lang='grc' dir='ltr'>ἔτη</span> <span class='ocrx_word' id='word_1_248' title='bbox 1053 1983 1102 2029; x_wconf 56' lang='grc' dir='ltr'>ξ*</span> <span class='ocrx_word' id='word_1_249' title='bbox 1143 1983 1219 2035; x_wconf 69' lang='grc' dir='ltr'>(ξδ’</span> 
     </span>
     <span class='ocr_line' id='line_1_32' title="bbox 175 2045 307 2095; baseline 0.023 -14"><span class='ocrx_word' id='word_1_250' title='bbox 175 2046 264 2084; x_wconf 85' lang='lat' dir='ltr'><strong>Mal.</strong></span> <span class='ocrx_word' id='word_1_251' title='bbox 278 2045 307 2095; x_wconf 86' lang='lat'>).</span> 
     </span>
    </p>

    <p class='ocr_par' dir='ltr' id='par_1_6' title="bbox 126 2099 1220 2445">
     <span class='ocr_line' id='line_1_33' title="bbox 229 2099 1220 2156; baseline -0.002 -16"><span class='ocrx_word' id='word_1_252' title='bbox 229 2117 256 2140; x_wconf 83' lang='lat'>6.</span> <span class='ocrx_word' id='word_1_253' title='bbox 290 2101 391 2141; x_wconf 88' lang='grc' dir='ltr'>Μετὰ</span> <span class='ocrx_word' id='word_1_254' title='bbox 410 2101 444 2140; x_wconf 80' lang='grc' dir='ltr'>δὲ</span> <span class='ocrx_word' id='word_1_255' title='bbox 461 2104 574 2149; x_wconf 87' lang='grc' dir='ltr'>Βῆλον</span> <span class='ocrx_word' id='word_1_256' title='bbox 593 2101 850 2156; x_wconf 88' lang='grc' dir='ltr'>βασιλεύσαντα</span> <span class='ocrx_word' id='word_1_257' title='bbox 865 2100 925 2148; x_wconf 85' lang='grc' dir='ltr'>ἔτη</span> <span class='ocrx_word' id='word_1_258' title='bbox 947 2099 991 2147; x_wconf 82' lang='grc' dir='ltr'>[ξ]</span> <span class='ocrx_word' id='word_1_259' title='bbox 1007 2101 1037 2152; x_wconf 86' lang='grc' dir='ltr'>β’</span> <span class='ocrx_word' id='word_1_260' title='bbox 1049 2100 1220 2153; x_wconf 87' lang='grc' dir='ltr'>ἐκράτησε</span> 
     </span>
     <span class='ocr_line' id='line_1_34' title="bbox 176 2158 1219 2214; baseline -0.005 -14"><span class='ocrx_word' id='word_1_261' title='bbox 176 2163 296 2207; x_wconf 87' lang='grc' dir='ltr'>Νῖνος,</span> <span class='ocrx_word' id='word_1_262' title='bbox 313 2164 329 2198; x_wconf 88' lang='grc' dir='ltr'>ὁ</span> <span class='ocrx_word' id='word_1_263' title='bbox 350 2161 451 2204; x_wconf 81' lang='grc' dir='ltr'>ἄλλος</span> <span class='ocrx_word' id='word_1_264' title='bbox 470 2161 539 2204; x_wconf 76' lang='grc' dir='ltr'>υἱὸς</span> <span class='ocrx_word' id='word_1_265' title='bbox 559 2161 711 2214; x_wconf 89' lang='grc' dir='ltr'>Κρόνου,</span> <span class='ocrx_word' id='word_1_266' title='bbox 731 2158 823 2204; x_wconf 72' lang='grc' dir='ltr'>ὅστις</span> <span class='ocrx_word' id='word_1_267' title='bbox 843 2159 904 2197; x_wconf 74' lang='grc' dir='ltr'>καὶ</span> <span class='ocrx_word' id='word_1_268' title='bbox 924 2158 987 2205; x_wconf 79' lang='grc' dir='ltr'>τὴν</span> <span class='ocrx_word' id='word_1_269' title='bbox 1008 2162 1130 2197; x_wconf 85' lang='grc' dir='ltr'>ἑαυτοῦ</span> <span class='ocrx_word' id='word_1_270' title='bbox 1150 2174 1219 2208; x_wconf 83' lang='grc' dir='ltr'>μη·</span> 
     </span>
     <span class='ocr_line' id='line_1_35' title="bbox 176 2212 1220 2271; baseline -0.003 -15"><span class='ocrx_word' id='word_1_271' title='bbox 176 2219 258 2270; x_wconf 86' lang='grc' dir='ltr'>τέρα</span> <span class='ocrx_word' id='word_1_272' title='bbox 280 2218 475 2271; x_wconf 82' lang='grc' dir='ltr'>Σεμίραμιν</span> <span class='ocrx_word' id='word_1_273' title='bbox 494 2218 597 2257; x_wconf 72' lang='grc' dir='ltr'>ἔλαὸε</span> <span class='ocrx_word' id='word_1_274' title='bbox 616 2225 778 2270; x_wconf 84' lang='grc' dir='ltr'>γυναῖκα.</span> <span class='ocrx_word' id='word_1_275' title='bbox 803 2218 863 2264; x_wconf 82' lang='grc' dir='ltr'>Ἐξ</span> <span class='ocrx_word' id='word_1_276' title='bbox 886 2212 925 2256; x_wconf 67' lang='grc' dir='ltr'>οῦ</span> <span class='ocrx_word' id='word_1_277' title='bbox 944 2218 1047 2268; x_wconf 90' lang='grc' dir='ltr'>νόμος</span> <span class='ocrx_word' id='word_1_278' title='bbox 1064 2216 1220 2269; x_wconf 84' lang='grc' dir='ltr'>Πέρσαις</span> 
     </span>
     <span class='ocr_line' id='line_1_36' title="bbox 176 2275 1215 2329; baseline -0.001 -15"><span class='ocrx_word' id='word_1_279' title='bbox 176 2280 301 2327; x_wconf 85' lang='grc' dir='ltr'>γαμεῖν</span> <span class='ocrx_word' id='word_1_280' title='bbox 321 2277 381 2319; x_wconf 89' lang='grc' dir='ltr'>τὰς</span> <span class='ocrx_word' id='word_1_281' title='bbox 399 2280 529 2315; x_wconf 78' lang='grc' dir='ltr'>ἑαυτῶν</span> <span class='ocrx_word' id='word_1_282' title='bbox 551 2277 703 2329; x_wconf 84' lang='grc' dir='ltr'>μητέρας</span> <span class='ocrx_word' id='word_1_283' title='bbox 722 2278 782 2315; x_wconf 80' lang='grc' dir='ltr'>καὶ</span> <span class='ocrx_word' id='word_1_284' title='bbox 803 2277 865 2320; x_wconf 88' lang='grc' dir='ltr'>τὰς</span> <span class='ocrx_word' id='word_1_285' title='bbox 886 2275 1050 2328; x_wconf 83' lang='grc' dir='ltr'>ἀδελφάς.</span> <span class='ocrx_word' id='word_1_286' title='bbox 1073 2275 1147 2314; x_wconf 86' lang='grc' dir='ltr'>Καὶ</span> <span class='ocrx_word' id='word_1_287' title='bbox 1163 2290 1215 2312; x_wconf 88' lang='grc' dir='ltr'>τε·</span> 
     </span>
     <span class='ocr_line' id='line_1_37' title="bbox 175 2334 1220 2388; baseline -0.001 -16"><span class='ocrx_word' id='word_1_288' title='bbox 175 2337 280 2387; x_wconf 78' lang='grc' dir='ltr'>λευτᾷ</span> <span class='ocrx_word' id='word_1_289' title='bbox 297 2338 314 2372; x_wconf 92' lang='lat'>6</span> <span class='ocrx_word' id='word_1_290' title='bbox 338 2336 479 2387; x_wconf 86' lang='grc' dir='ltr'>Κρόνος.</span> <span class='ocrx_word' id='word_1_291' title='bbox 499 2335 545 2374; x_wconf 82' lang='lat' dir='ltr'>‘O</span> <span class='ocrx_word' id='word_1_292' title='bbox 565 2335 599 2374; x_wconf 78' lang='grc' dir='ltr'>δὲ</span> <span class='ocrx_word' id='word_1_293' title='bbox 622 2339 724 2380; x_wconf 89' lang='grc' dir='ltr'>Νῖνος</span> <span class='ocrx_word' id='word_1_294' title='bbox 743 2335 934 2388; x_wconf 79' lang='grc' dir='ltr'>ἐπικρατὴς</span> <span class='ocrx_word' id='word_1_295' title='bbox 955 2334 1137 2385; x_wconf 85' lang='grc' dir='ltr'>γενόμενος</span> <span class='ocrx_word' id='word_1_296' title='bbox 1156 2336 1220 2380; x_wconf 87' lang='grc' dir='ltr'>τῆς</span> 
     </span>
     <span class='ocr_line' id='line_1_38' title="bbox 126 2393 994 2445; baseline 0.001 -13"><span class='ocrx_word' id='word_1_297' title='bbox 126 2402 132 2407; x_wconf 93' lang='grc'><em>“</em></span> <span class='ocrx_word' id='word_1_298' title='bbox 179 2394 306 2445; x_wconf 85' lang='grc' dir='ltr'>Συρίας</span> <span class='ocrx_word' id='word_1_299' title='bbox 327 2395 431 2438; x_wconf 84' lang='grc' dir='ltr'>κτίζει</span> <span class='ocrx_word' id='word_1_300' title='bbox 449 2394 511 2440; x_wconf 80' lang='grc' dir='ltr'>τὴν</span> <span class='ocrx_word' id='word_1_301' title='bbox 534 2395 651 2434; x_wconf 80' lang='grc' dir='ltr'>Νινευὶ</span> <span class='ocrx_word' id='word_1_302' title='bbox 671 2394 772 2433; x_wconf 89' lang='grc' dir='ltr'>πόλιν</span> <span class='ocrx_word' id='word_1_303' title='bbox 789 2393 994 2445; x_wconf 85' lang='grc' dir='ltr'>Ἀσσυρίων.</span> 
     </span>
    </p>
   </div>
   <div class='ocr_carea' id='block_1_3' title="bbox 681 2488 718 2526">
    <p class='ocr_par' dir='ltr' id='par_1_7' title="bbox 681 2488 718 2526">
     <span class='ocr_line' id='line_1_39' title="bbox 681 2488 718 2526; baseline 0.054 -2"><span class='ocrx_word' id='word_1_304' title='bbox 681 2488 718 2526; x_wconf 85' lang='grc'>5.</span> 
     </span>
    </p>
   </div>
   <div class='ocr_carea' id='block_1_4' title="bbox 179 2560 1226 3258">
    <p class='ocr_par' dir='ltr' id='par_1_8' title="bbox 179 2560 1226 3258">
     <span class='ocr_line' id='line_1_40' title="bbox 233 2560 1219 2612; baseline -0.002 -13"><span class='ocrx_word' id='word_1_305' title='bbox 233 2565 320 2602; x_wconf 86' lang='lat' dir='ltr'>Exc.</span> <span class='ocrx_word' id='word_1_306' title='bbox 341 2565 495 2600; x_wconf 87' lang='lat' dir='ltr'>Salmas.</span> <span class='ocrx_word' id='word_1_307' title='bbox 517 2577 558 2612; x_wconf 86' lang='lat' dir='ltr'>p.</span> <span class='ocrx_word' id='word_1_308' title='bbox 581 2563 654 2600; x_wconf 85' lang='lat'>386</span> <span class='ocrx_word' id='word_1_309' title='bbox 674 2577 717 2611; x_wconf 89' lang='lat' dir='ltr'>sq</span> <span class='ocrx_word' id='word_1_310' title='bbox 739 2577 747 2599; x_wconf 90' lang='lat'>:</span> <span class='ocrx_word' id='word_1_311' title='bbox 771 2562 872 2600; x_wconf 85' lang='grc' dir='ltr'>Μετὰ</span> <span class='ocrx_word' id='word_1_312' title='bbox 893 2562 995 2600; x_wconf 85' lang='grc' dir='ltr'>Νῖνον</span> <span class='ocrx_word' id='word_1_313' title='bbox 1019 2560 1219 2598; x_wconf 65' lang='grc' dir='ltr'>ἐὸασίλευσε</span> 
     </span>
     <span class='ocr_line' id='line_1_41' title="bbox 179 2615 1221 2673; baseline -0.004 -14"><span class='ocrx_word' id='word_1_314' title='bbox 179 2620 339 2673; x_wconf 80' lang='grc' dir='ltr'>Θούρας,</span> <span class='ocrx_word' id='word_1_315' title='bbox 363 2620 398 2658; x_wconf 85' lang='grc' dir='ltr'>ὃν</span> <span class='ocrx_word' id='word_1_316' title='bbox 417 2619 522 2673; x_wconf 79' lang='grc' dir='ltr'>Ἄρεα</span> <span class='ocrx_word' id='word_1_317' title='bbox 545 2621 733 2670; x_wconf 83' lang='grc' dir='ltr'>ὠνόμασαν</span> <span class='ocrx_word' id='word_1_318' title='bbox 749 2635 757 2644; x_wconf 87' lang='grc'><em>·</em></span> <span class='ocrx_word' id='word_1_319' title='bbox 786 2615 828 2667; x_wconf 77' lang='grc' dir='ltr'>ῆν</span> <span class='ocrx_word' id='word_1_320' title='bbox 845 2619 879 2657; x_wconf 82' lang='grc' dir='ltr'>δὲ</span> <span class='ocrx_word' id='word_1_321' title='bbox 896 2619 1027 2672; x_wconf 83' lang='grc' dir='ltr'>σφόδρα</span> <span class='ocrx_word' id='word_1_322' title='bbox 1043 2618 1148 2661; x_wconf 84' lang='grc' dir='ltr'>δεινὸς</span> <span class='ocrx_word' id='word_1_323' title='bbox 1161 2617 1221 2656; x_wconf 81' lang='grc' dir='ltr'>καὶ</span> 
     </span>
     <span class='ocr_line' id='line_1_42' title="bbox 179 2677 1220 2731; baseline -0.003 -15"><span class='ocrx_word' id='word_1_324' title='bbox 179 2679 387 2728; x_wconf 81' lang='grc' dir='ltr'>πολεμικὸς,</span> <span class='ocrx_word' id='word_1_325' title='bbox 407 2680 465 2717; x_wconf 75' lang='grc' dir='ltr'>καὶ</span> <span class='ocrx_word' id='word_1_326' title='bbox 485 2679 746 2731; x_wconf 83' lang='grc' dir='ltr'>προσεκύνησαν</span> <span class='ocrx_word' id='word_1_327' title='bbox 767 2680 862 2730; x_wconf 78' lang='grc' dir='ltr'>αὐτῷ</span> <span class='ocrx_word' id='word_1_328' title='bbox 880 2677 1052 2729; x_wconf 80' lang='grc' dir='ltr'>Ἀσσύριοι</span> <span class='ocrx_word' id='word_1_329' title='bbox 1069 2679 1114 2720; x_wconf 85' lang='grc' dir='ltr'>ὡς</span> <span class='ocrx_word' id='word_1_330' title='bbox 1135 2678 1220 2727; x_wconf 86' lang='grc' dir='ltr'>θεῷ,</span> 
     </span>
     <span class='ocr_line' id='line_1_43' title="bbox 180 2733 1218 2788; baseline -0.004 -13"><span class='ocrx_word' id='word_1_331' title='bbox 180 2738 411 2787; x_wconf 83' lang='grc' dir='ltr'>ὀνομάσαντες</span> <span class='ocrx_word' id='word_1_332' title='bbox 431 2738 532 2776; x_wconf 81' lang='grc' dir='ltr'>αὐτὸν</span> <span class='ocrx_word' id='word_1_333' title='bbox 556 2739 687 2787; x_wconf 87' lang='grc' dir='ltr'>Βῆλον,</span> <span class='ocrx_word' id='word_1_334' title='bbox 710 2738 787 2785; x_wconf 84' lang='grc' dir='ltr'>ἤτοι</span> <span class='ocrx_word' id='word_1_335' title='bbox 807 2734 913 2788; x_wconf 83' lang='grc' dir='ltr'>Ἄρεα</span> <span class='ocrx_word' id='word_1_336' title='bbox 939 2734 1101 2784; x_wconf 85' lang='grc' dir='ltr'>πολέμων</span> <span class='ocrx_word' id='word_1_337' title='bbox 1130 2733 1218 2772; x_wconf 89' lang='grc' dir='ltr'>θεόν.</span> 
     </span>
     <span class='ocr_line' id='line_1_44' title="bbox 181 2794 1221 2849; baseline -0.006 -14"><span class='ocrx_word' id='word_1_338' title='bbox 181 2796 225 2835; x_wconf 90' lang='lat' dir='ltr'>‘O</span> <span class='ocrx_word' id='word_1_339' title='bbox 240 2796 274 2834; x_wconf 81' lang='grc' dir='ltr'>δὲ</span> <span class='ocrx_word' id='word_1_340' title='bbox 290 2796 376 2839; x_wconf 74' lang='grc' dir='ltr'>Ζεὺς</span> <span class='ocrx_word' id='word_1_341' title='bbox 391 2799 425 2835; x_wconf 90' lang='grc' dir='ltr'>ἐν</span> <span class='ocrx_word' id='word_1_342' title='bbox 442 2800 484 2849; x_wconf 82' lang='grc' dir='ltr'>τῆ</span> <span class='ocrx_word' id='word_1_343' title='bbox 505 2797 598 2835; x_wconf 87' lang='grc' dir='ltr'>δύσει</span> <span class='ocrx_word' id='word_1_344' title='bbox 617 2799 759 2836; x_wconf 87' lang='grc' dir='ltr'>Φαῦνον</span> <span class='ocrx_word' id='word_1_345' title='bbox 775 2795 831 2834; x_wconf 82' lang='grc' dir='ltr'>τὸν</span> <span class='ocrx_word' id='word_1_346' title='bbox 851 2795 940 2847; x_wconf 82' lang='grc' dir='ltr'>[καὶ]</span> <span class='ocrx_word' id='word_1_347' title='bbox 954 2794 1090 2846; x_wconf 88' lang='grc' dir='ltr'>Ἑρμῆν</span> <span class='ocrx_word' id='word_1_348' title='bbox 1107 2799 1221 2845; x_wconf 76' lang='grc' dir='ltr'>γεννᾷ,</span> 
     </span>
     <span class='ocr_line' id='line_1_45' title="bbox 180 2847 1221 2907; baseline -0.002 -15"><span class='ocrx_word' id='word_1_349' title='bbox 180 2855 240 2892; x_wconf 84' lang='grc' dir='ltr'>καὶ</span> <span class='ocrx_word' id='word_1_350' title='bbox 260 2854 370 2892; x_wconf 80' lang='grc' dir='ltr'>θανὼν</span> <span class='ocrx_word' id='word_1_351' title='bbox 399 2856 566 2893; x_wconf 78' lang='grc' dir='ltr'>θάπτεται</span> <span class='ocrx_word' id='word_1_352' title='bbox 587 2857 620 2893; x_wconf 87' lang='grc' dir='ltr'>ἐν</span> <span class='ocrx_word' id='word_1_353' title='bbox 654 2858 810 2907; x_wconf 82' lang='grc' dir='ltr'>Κνωσσῷ</span> <span class='ocrx_word' id='word_1_354' title='bbox 837 2858 897 2901; x_wconf 87' lang='grc' dir='ltr'>τῆς</span> <span class='ocrx_word' id='word_1_355' title='bbox 919 2853 1072 2906; x_wconf 85' lang='grc' dir='ltr'>Κρήτης.</span> <span class='ocrx_word' id='word_1_356' title='bbox 1109 2847 1221 2896; x_wconf 68' lang='grc' dir='ltr'>Οῧτος</span> 
     </span>
     <span class='ocr_line' id='line_1_46' title="bbox 182 2908 1222 2966; baseline -0.003 -15"><span class='ocrx_word' id='word_1_357' title='bbox 182 2915 199 2951; x_wconf 90' lang='lat'>6</span> <span class='ocrx_word' id='word_1_358' title='bbox 219 2913 355 2965; x_wconf 85' lang='grc' dir='ltr'>Ἑρμῆς</span> <span class='ocrx_word' id='word_1_359' title='bbox 379 2908 456 2965; x_wconf 63' lang='grc' dir='ltr'>εὗρε</span> <span class='ocrx_word' id='word_1_360' title='bbox 485 2915 642 2964; x_wconf 85' lang='grc' dir='ltr'>μέταλλα</span> <span class='ocrx_word' id='word_1_361' title='bbox 665 2917 794 2966; x_wconf 86' lang='grc' dir='ltr'>χρυσοῦ</span> <span class='ocrx_word' id='word_1_362' title='bbox 816 2913 874 2952; x_wconf 77' lang='grc' dir='ltr'>καὶ</span> <span class='ocrx_word' id='word_1_363' title='bbox 896 2912 1064 2965; x_wconf 87' lang='grc' dir='ltr'>ἀργύρου,</span> <span class='ocrx_word' id='word_1_364' title='bbox 1092 2911 1144 2950; x_wconf 85' lang='grc' dir='ltr'>διὸ</span> <span class='ocrx_word' id='word_1_365' title='bbox 1163 2911 1222 2950; x_wconf 81' lang='grc' dir='ltr'>καὶ</span> 
     </span>
     <span class='ocr_line' id='line_1_47' title="bbox 183 2969 1223 3021; baseline -0.001 -13"><span class='ocrx_word' id='word_1_366' title='bbox 183 2971 414 3019; x_wconf 84' lang='grc' dir='ltr'>πλουτοδότης</span> <span class='ocrx_word' id='word_1_367' title='bbox 437 2973 583 3019; x_wconf 85' lang='grc' dir='ltr'>ἐκλήθη,</span> <span class='ocrx_word' id='word_1_368' title='bbox 603 2973 663 3011; x_wconf 70' lang='grc' dir='ltr'>καὶ</span> <span class='ocrx_word' id='word_1_369' title='bbox 687 2972 908 3011; x_wconf 69' lang='grc' dir='ltr'>ἐδασίλευσεν</span> <span class='ocrx_word' id='word_1_370' title='bbox 929 2970 1108 3021; x_wconf 86' lang='grc' dir='ltr'>Αἰγύπτου</span> <span class='ocrx_word' id='word_1_371' title='bbox 1135 2969 1223 3021; x_wconf 85' lang='grc' dir='ltr'>μετὰ</span> 
     </span>
     <span class='ocr_line' id='line_1_48' title="bbox 184 3027 1222 3082; baseline 0 -16"><span class='ocrx_word' id='word_1_372' title='bbox 184 3029 364 3082; x_wconf 85' lang='grc' dir='ltr'>Μεστρέμ.</span> <span class='ocrx_word' id='word_1_373' title='bbox 421 3030 524 3069; x_wconf 83' lang='grc' dir='ltr'>Μετὰ</span> <span class='ocrx_word' id='word_1_374' title='bbox 557 3031 591 3069; x_wconf 81' lang='grc' dir='ltr'>δὲ</span> <span class='ocrx_word' id='word_1_375' title='bbox 623 3031 757 3082; x_wconf 87' lang='grc' dir='ltr'>Ἑρμῆν</span> <span class='ocrx_word' id='word_1_376' title='bbox 790 3029 1011 3068; x_wconf 65' lang='grc' dir='ltr'>ἐδασίλευσεν</span> <span class='ocrx_word' id='word_1_377' title='bbox 1045 3027 1222 3080; x_wconf 83' lang='grc' dir='ltr'>Αἰγύπτου</span> 
     </span>
     <span class='ocr_line' id='line_1_49' title="bbox 182 3086 1224 3141; baseline -0.003 -14"><span class='ocrx_word' id='word_1_378' title='bbox 182 3086 378 3141; x_wconf 56' lang='grc' dir='ltr'>υΗφαιστος</span> <span class='ocrx_word' id='word_1_379' title='bbox 391 3118 401 3136; x_wconf 92' lang='grc'>,</span> <span class='ocrx_word' id='word_1_380' title='bbox 422 3089 457 3133; x_wconf 88' lang='grc' dir='ltr'>ὃς</span> <span class='ocrx_word' id='word_1_381' title='bbox 484 3092 647 3140; x_wconf 85' lang='grc' dir='ltr'>πολεμῶν</span> <span class='ocrx_word' id='word_1_382' title='bbox 667 3089 801 3141; x_wconf 78' lang='grc' dir='ltr'>ἐπλήγη</span> <span class='ocrx_word' id='word_1_383' title='bbox 827 3088 884 3126; x_wconf 84' lang='grc' dir='ltr'>τὸν</span> <span class='ocrx_word' id='word_1_384' title='bbox 903 3088 1013 3135; x_wconf 84' lang='grc' dir='ltr'>πόδα,</span> <span class='ocrx_word' id='word_1_385' title='bbox 1031 3087 1090 3126; x_wconf 79' lang='grc' dir='ltr'>καὶ</span> <span class='ocrx_word' id='word_1_386' title='bbox 1106 3086 1224 3139; x_wconf 88' lang='grc' dir='ltr'>γέγονε</span> 
     </span>
     <span class='ocr_line' id='line_1_50' title="bbox 184 3142 1226 3199; baseline -0.001 -15"><span class='ocrx_word' id='word_1_387' title='bbox 184 3146 311 3198; x_wconf 84' lang='grc' dir='ltr'>χωλός.</span> <span class='ocrx_word' id='word_1_388' title='bbox 331 3147 584 3197; x_wconf 83' lang='grc' dir='ltr'>Ἐνομοθέτησε</span> <span class='ocrx_word' id='word_1_389' title='bbox 604 3147 638 3186; x_wconf 77' lang='grc' dir='ltr'>δὲ</span> <span class='ocrx_word' id='word_1_390' title='bbox 656 3142 752 3191; x_wconf 65' lang='grc' dir='ltr'>οἶτος</span> <span class='ocrx_word' id='word_1_391' title='bbox 771 3150 906 3199; x_wconf 84' lang='grc' dir='ltr'>πρῶτος</span> <span class='ocrx_word' id='word_1_392' title='bbox 927 3145 1134 3199; x_wconf 84' lang='grc' dir='ltr'>μονανδρίαν</span> <span class='ocrx_word' id='word_1_393' title='bbox 1150 3151 1226 3189; x_wconf 88' lang='grc' dir='ltr'>ταῖς</span> 
     </span>
     <span class='ocr_line' id='line_1_51' title="bbox 186 3203 1225 3258; baseline -0.001 -15"><span class='ocrx_word' id='word_1_394' title='bbox 186 3205 338 3256; x_wconf 82' lang='grc' dir='ltr'>γυναιξὶ,</span> <span class='ocrx_word' id='word_1_395' title='bbox 356 3206 416 3244; x_wconf 76' lang='grc' dir='ltr'>καὶ</span> <span class='ocrx_word' id='word_1_396' title='bbox 433 3207 476 3244; x_wconf 87' lang='grc' dir='ltr'>δι’</span> <span class='ocrx_word' id='word_1_397' title='bbox 493 3208 596 3258; x_wconf 78' lang='grc' dir='ltr'>εὐχῆς</span> <span class='ocrx_word' id='word_1_398' title='bbox 611 3205 782 3253; x_wconf 76' lang='grc' dir='ltr'>ὀξυλάὸην</span> <span class='ocrx_word' id='word_1_399' title='bbox 801 3206 869 3244; x_wconf 87' lang='grc' dir='ltr'>ἀπὸ</span> <span class='ocrx_word' id='word_1_400' title='bbox 884 3209 943 3243; x_wconf 91' lang='grc' dir='ltr'>τοῦ</span> <span class='ocrx_word' id='word_1_401' title='bbox 961 3204 1058 3258; x_wconf 80' lang='grc' dir='ltr'>ἀέρος</span> <span class='ocrx_word' id='word_1_402' title='bbox 1074 3203 1225 3251; x_wconf 84' lang='grc' dir='ltr'>ἐδέξατο,</span> 
     </span>
    </p>
   </div>
   <div class='ocr_carea' id='block_1_5' title="bbox 970 204 1530 246">
    <p class='ocr_par' dir='ltr' id='par_1_9' title="bbox 970 204 1530 246">
     <span class='ocr_line' id='line_1_52' title="bbox 970 204 1530 246; baseline 0 -1"><span class='ocrx_word' id='word_1_403' title='bbox 970 204 1188 246; x_wconf 81' lang='lat' dir='ltr'><strong>JOANNIS</strong></span> <span class='ocrx_word' id='word_1_404' title='bbox 1215 205 1530 246; x_wconf 81' lang='lat' dir='ltr'>ANTIOCHENI</span> 
     </span>
    </p>
   </div>
   <div class='ocr_carea' id='block_1_6' title="bbox 1283 284 2329 698">
    <p class='ocr_par' dir='ltr' id='par_1_10' title="bbox 1283 284 2329 698">
     <span class='ocr_line' id='line_1_53' title="bbox 1284 284 2328 347; baseline 0.005 -15"><span class='ocrx_word' id='word_1_405' title='bbox 1284 293 1343 332; x_wconf 78' lang='grc' dir='ltr'>καὶ</span> <span class='ocrx_word' id='word_1_406' title='bbox 1363 293 1616 332; x_wconf 86' lang='grc' dir='ltr'>κατεσκεύασεν</span> <span class='ocrx_word' id='word_1_407' title='bbox 1645 293 1715 332; x_wconf 86' lang='grc' dir='ltr'>ἀπὸ</span> <span class='ocrx_word' id='word_1_408' title='bbox 1739 293 1880 347; x_wconf 88' lang='grc' dir='ltr'>σιδήρου</span> <span class='ocrx_word' id='word_1_409' title='bbox 1903 284 2078 345; x_wconf 70' lang='grc' dir='ltr'>πολεμικὰ</span> <span class='ocrx_word' id='word_1_410' title='bbox 2097 294 2202 337; x_wconf 81' lang='grc' dir='ltr'>ὅπλα.</span> <span class='ocrx_word' id='word_1_411' title='bbox 2225 295 2328 337; x_wconf 43' lang='lat' dir='ltr'>Mn*</span> 
     </span>
     <span class='ocr_line' id='line_1_54' title="bbox 1283 348 2327 407; baseline 0.004 -17"><span class='ocrx_word' id='word_1_412' title='bbox 1283 351 1480 405; x_wconf 78' lang='grc' dir='ltr'>ἽΙφαιστον</span> <span class='ocrx_word' id='word_1_413' title='bbox 1504 351 1628 396; x_wconf 85' lang='grc' dir='ltr'>Ἥλιος</span> <span class='ocrx_word' id='word_1_414' title='bbox 1646 355 1664 391; x_wconf 90' lang='lat'>6</span> <span class='ocrx_word' id='word_1_415' title='bbox 1684 352 1753 397; x_wconf 79' lang='grc' dir='ltr'>υἱὸς</span> <span class='ocrx_word' id='word_1_416' title='bbox 1777 355 1882 391; x_wconf 81' lang='grc' dir='ltr'>αὐτοῦ</span> <span class='ocrx_word' id='word_1_417' title='bbox 1898 353 1958 392; x_wconf 82' lang='grc' dir='ltr'>καὶ</span> <span class='ocrx_word' id='word_1_418' title='bbox 1980 348 2077 398; x_wconf 63' lang='grc' dir='ltr'>οὗτος</span> <span class='ocrx_word' id='word_1_419' title='bbox 2097 354 2114 370; x_wconf 85' lang='lat'><em>*</em></span> <span class='ocrx_word' id='word_1_420' title='bbox 2132 354 2327 407; x_wconf 83' lang='grc' dir='ltr'>Αἰγύπτου,</span> 
     </span>
     <span class='ocr_line' id='line_1_55' title="bbox 1284 409 2329 466; baseline 0.003 -17"><span class='ocrx_word' id='word_1_421' title='bbox 1284 409 1320 455; x_wconf 88' lang='grc' dir='ltr'>ὃς</span> <span class='ocrx_word' id='word_1_422' title='bbox 1338 409 1400 458; x_wconf 83' lang='grc' dir='ltr'>τὴν</span> <span class='ocrx_word' id='word_1_423' title='bbox 1414 414 1474 450; x_wconf 91' lang='grc' dir='ltr'>τοῦ</span> <span class='ocrx_word' id='word_1_424' title='bbox 1489 410 1620 464; x_wconf 82' lang='grc' dir='ltr'>πατρὸς</span> <span class='ocrx_word' id='word_1_425' title='bbox 1637 410 1820 463; x_wconf 85' lang='grc' dir='ltr'>φυλάττων</span> <span class='ocrx_word' id='word_1_426' title='bbox 1834 413 2051 462; x_wconf 86' lang='grc' dir='ltr'>νομοθεσίαν,</span> <span class='ocrx_word' id='word_1_427' title='bbox 2065 411 2172 465; x_wconf 79' lang='grc' dir='ltr'>εὑρὼν</span> <span class='ocrx_word' id='word_1_428' title='bbox 2189 428 2329 466; x_wconf 75' lang='grc' dir='ltr'>μοιχευ·</span> 
     </span>
     <span class='ocr_line' id='line_1_56' title="bbox 1283 469 2328 524; baseline 0.004 -17"><span class='ocrx_word' id='word_1_429' title='bbox 1283 469 1409 520; x_wconf 87' lang='grc' dir='ltr'>ομένην</span> <span class='ocrx_word' id='word_1_430' title='bbox 1435 475 1604 521; x_wconf 85' lang='grc' dir='ltr'>γυναῖκα,</span> <span class='ocrx_word' id='word_1_431' title='bbox 1625 470 1873 522; x_wconf 67' lang='grc' dir='ltr'>ἐθριάμὸευσεν</span> <span class='ocrx_word' id='word_1_432' title='bbox 1894 471 2022 517; x_wconf 80' lang='grc' dir='ltr'>αὐτήν·</span> <span class='ocrx_word' id='word_1_433' title='bbox 2046 471 2065 509; x_wconf 86' lang='grc' dir='ltr'>ὃ</span> <span class='ocrx_word' id='word_1_434' title='bbox 2091 470 2251 524; x_wconf 67' lang='lat' dir='ltr'>‘&#39;Op-⁷190&lt;</span> <span class='ocrx_word' id='word_1_435' title='bbox 2280 473 2328 512; x_wconf 75' lang='grc' dir='ltr'>εἰς</span> 
     </span>
     <span class='ocr_line' id='line_1_57' title="bbox 1284 527 2328 583; baseline 0.003 -17"><span class='ocrx_word' id='word_1_436' title='bbox 1284 531 1390 578; x_wconf 89' lang='grc' dir='ltr'>μῦθον</span> <span class='ocrx_word' id='word_1_437' title='bbox 1411 527 1594 577; x_wconf 76' lang='grc' dir='ltr'>μετέὸαλε.</span> <span class='ocrx_word' id='word_1_438' title='bbox 1614 527 1812 581; x_wconf 85' lang='grc' dir='ltr'>Σέσωστρις</span> <span class='ocrx_word' id='word_1_439' title='bbox 1829 527 1989 580; x_wconf 77' lang='grc' dir='ltr'>βασιλεὺς</span> <span class='ocrx_word' id='word_1_440' title='bbox 2009 528 2187 581; x_wconf 80' lang='grc' dir='ltr'>Αἰγύπτου</span> <span class='ocrx_word' id='word_1_441' title='bbox 2207 532 2247 569; x_wconf 86' lang='grc' dir='ltr'>ἐκ</span> <span class='ocrx_word' id='word_1_442' title='bbox 2262 545 2328 583; x_wconf 80' lang='grc' dir='ltr'>φυ-</span> 
     </span>
     <span class='ocr_line' id='line_1_58' title="bbox 1283 583 2328 642; baseline 0.004 -19"><span class='ocrx_word' id='word_1_443' title='bbox 1283 587 1346 632; x_wconf 91' lang='grc' dir='ltr'>λῆς</span> <span class='ocrx_word' id='word_1_444' title='bbox 1361 585 1446 634; x_wconf 88' lang='grc' dir='ltr'>Χὰμ</span> <span class='ocrx_word' id='word_1_445' title='bbox 1458 583 1629 638; x_wconf 82' lang='grc' dir='ltr'>ἐκράτησε</span> <span class='ocrx_word' id='word_1_446' title='bbox 1642 586 1895 634; x_wconf 77' lang='grc' dir='ltr'>πάσηξἈσίας,</span> <span class='ocrx_word' id='word_1_447' title='bbox 1909 587 1970 626; x_wconf 81' lang='grc' dir='ltr'>καὶ</span> <span class='ocrx_word' id='word_1_448' title='bbox 1987 588 2180 641; x_wconf 83' lang='grc' dir='ltr'>κατῴκισεν</span> <span class='ocrx_word' id='word_1_449' title='bbox 2195 587 2328 642; x_wconf 82' lang='grc' dir='ltr'>(κατῴ-</span> 
     </span>
     <span class='ocr_line' id='line_1_59' title="bbox 1283 644 1894 698; baseline 0.002 -16"><span class='ocrx_word' id='word_1_450' title='bbox 1283 659 1389 691; x_wconf 89' lang='grc' dir='ltr'>κησεν</span> <span class='ocrx_word' id='word_1_451' title='bbox 1404 646 1438 696; x_wconf 69' lang='grc' dir='ltr'>Ρ)</span> <span class='ocrx_word' id='word_1_452' title='bbox 1461 645 1496 683; x_wconf 86' lang='grc' dir='ltr'>ἐν</span> <span class='ocrx_word' id='word_1_453' title='bbox 1515 648 1558 696; x_wconf 83' lang='grc' dir='ltr'>τῇ</span> <span class='ocrx_word' id='word_1_454' title='bbox 1577 644 1764 696; x_wconf 85' lang='grc' dir='ltr'>Ἀσσυρίων</span> <span class='ocrx_word' id='word_1_455' title='bbox 1779 644 1894 698; x_wconf 77' lang='grc' dir='ltr'>χώρα.</span> 
     </span>
    </p>
   </div>
   <div class='ocr_carea' id='block_1_7' title="bbox 1788 740 1824 776">
    <p class='ocr_par' dir='ltr' id='par_1_11' title="bbox 1788 740 1824 776">
     <span class='ocr_line' id='line_1_60' title="bbox 1788 740 1824 776; baseline 0 0"><span class='ocrx_word' id='word_1_456' title='bbox 1788 740 1824 776; x_wconf 89' lang='grc'>6.</span> 
     </span>
    </p>
   </div>
   <div class='ocr_carea' id='block_1_8' title="bbox 1336 812 2318 854">
    <p class='ocr_par' dir='ltr' id='par_1_12' title="bbox 1336 812 2318 854">
     <span class='ocr_line' id='line_1_61' title="bbox 1336 812 2318 854; baseline 0.002 -2"><span class='ocrx_word' id='word_1_457' title='bbox 1336 816 1431 853; x_wconf 90' lang='lat' dir='ltr'><strong>Cod.</strong></span> <span class='ocrx_word' id='word_1_458' title='bbox 1455 815 1571 852; x_wconf 79' lang='lat' dir='ltr'><strong>Paris.</strong></span> <span class='ocrx_word' id='word_1_459' title='bbox 1597 814 1695 852; x_wconf 82' lang='lat'>1630</span> <span class='ocrx_word' id='word_1_460' title='bbox 1715 828 1723 851; x_wconf 78' lang='lat' dir='ltr'><em>z</em></span> <span class='ocrx_word' id='word_1_461' title='bbox 1742 812 1843 853; x_wconf 87' lang='grc' dir='ltr'>Μετὰ</span> <span class='ocrx_word' id='word_1_462' title='bbox 1863 812 1898 852; x_wconf 86' lang='grc' dir='ltr'>δὲ</span> <span class='ocrx_word' id='word_1_463' title='bbox 1913 814 2018 854; x_wconf 78' lang='grc' dir='ltr'>Νῖνον</span> <span class='ocrx_word' id='word_1_464' title='bbox 2034 813 2237 853; x_wconf 70' lang='grc' dir='ltr'>ἐδασίλευσε</span> <span class='ocrx_word' id='word_1_465' title='bbox 2250 813 2318 854; x_wconf 61' lang='lat' dir='ltr'>’Aa</span> 
     </span>
    </p>
   </div>
   <div class='ocr_carea' id='block_1_9' title="bbox 1281 873 2329 3079">
    <p class='ocr_par' dir='ltr' id='par_1_13' title="bbox 1281 873 2328 1276">
     <span class='ocr_line' id='line_1_62' title="bbox 1283 873 2327 928; baseline 0.001 -15"><span class='ocrx_word' id='word_1_466' title='bbox 1283 874 1409 927; x_wconf 86' lang='grc' dir='ltr'>συρίων</span> <span class='ocrx_word' id='word_1_467' title='bbox 1438 873 1596 926; x_wconf 88' lang='grc' dir='ltr'>Θούρας,</span> <span class='ocrx_word' id='word_1_468' title='bbox 1613 873 1729 913; x_wconf 76' lang='grc' dir='ltr'>ὅντινα</span> <span class='ocrx_word' id='word_1_469' title='bbox 1750 874 2010 924; x_wconf 87' lang='grc' dir='ltr'>μετεκαλέσατο</span> <span class='ocrx_word' id='word_1_470' title='bbox 2029 876 2048 912; x_wconf 89' lang='lat'>6</span> <span class='ocrx_word' id='word_1_471' title='bbox 2066 874 2189 913; x_wconf 83' lang='grc' dir='ltr'>τούτου</span> <span class='ocrx_word' id='word_1_472' title='bbox 2208 875 2327 928; x_wconf 75' lang='grc' dir='ltr'>πατὴρ</span> 
     </span>
     <span class='ocr_line' id='line_1_63' title="bbox 1282 932 2327 985; baseline 0.001 -14"><span class='ocrx_word' id='word_1_473' title='bbox 1282 932 1426 983; x_wconf 86' lang='grc' dir='ltr'>Ζάμης,</span> <span class='ocrx_word' id='word_1_474' title='bbox 1445 935 1463 970; x_wconf 87' lang='lat'>6</span> <span class='ocrx_word' id='word_1_475' title='bbox 1491 935 1552 979; x_wconf 89' lang='grc' dir='ltr'>τῆς</span> <span class='ocrx_word' id='word_1_476' title='bbox 1573 932 1691 985; x_wconf 63' lang='grc' dir='ltr'>εἬρας</span> <span class='ocrx_word' id='word_1_477' title='bbox 1710 933 1875 984; x_wconf 84' lang='grc' dir='ltr'>ἀδελφὸς,</span> <span class='ocrx_word' id='word_1_478' title='bbox 1894 934 1941 977; x_wconf 88' lang='grc' dir='ltr'>εἰς</span> <span class='ocrx_word' id='word_1_479' title='bbox 1961 932 2001 971; x_wconf 88' lang='grc' dir='ltr'>τὸ</span> <span class='ocrx_word' id='word_1_480' title='bbox 2019 932 2128 984; x_wconf 80' lang='grc' dir='ltr'>ὄνομα</span> <span class='ocrx_word' id='word_1_481' title='bbox 2150 937 2211 972; x_wconf 88' lang='grc' dir='ltr'>τοῦ</span> <span class='ocrx_word' id='word_1_482' title='bbox 2229 935 2327 972; x_wconf 87' lang='grc' dir='ltr'>πλα-</span> 
     </span>
     <span class='ocr_line' id='line_1_64' title="bbox 1281 986 2328 1044; baseline 0.001 -15"><span class='ocrx_word' id='word_1_483' title='bbox 1281 991 1385 1038; x_wconf 88' lang='grc' dir='ltr'>νήτου</span> <span class='ocrx_word' id='word_1_484' title='bbox 1401 990 1543 1043; x_wconf 85' lang='grc' dir='ltr'>ἀστέρος</span> <span class='ocrx_word' id='word_1_485' title='bbox 1557 988 1678 1043; x_wconf 83' lang='grc' dir='ltr'>Ἄρεα.</span> <span class='ocrx_word' id='word_1_486' title='bbox 1691 986 1804 1035; x_wconf 70' lang='grc' dir='ltr'>Οῧτος</span> <span class='ocrx_word' id='word_1_487' title='bbox 1821 991 1955 1043; x_wconf 86' lang='grc' dir='ltr'>ἐγένετο</span> <span class='ocrx_word' id='word_1_488' title='bbox 1968 991 2088 1044; x_wconf 86' lang='grc' dir='ltr'>πικρὸς</span> <span class='ocrx_word' id='word_1_489' title='bbox 2101 991 2328 1042; x_wconf 76' lang='grc' dir='ltr'>πολεμιστής,</span> 
     </span>
     <span class='ocr_line' id='line_1_65' title="bbox 1281 1044 2325 1104; baseline 0 -17"><span class='ocrx_word' id='word_1_490' title='bbox 1281 1046 1448 1104; x_wconf 67' lang='grc' dir='ltr'>“’ῼτινι”Α</span> <span class='ocrx_word' id='word_1_491' title='bbox 1456 1056 1507 1102; x_wconf 87' lang='grc' dir='ltr'>ρεϊ</span> <span class='ocrx_word' id='word_1_492' title='bbox 1521 1044 1715 1096; x_wconf 77' lang='grc' dir='ltr'>ἀνέστησαν</span> <span class='ocrx_word' id='word_1_493' title='bbox 1725 1051 1856 1102; x_wconf 84' lang='grc' dir='ltr'>πρῶτοι</span> <span class='ocrx_word' id='word_1_494' title='bbox 1872 1049 2002 1096; x_wconf 81' lang='grc' dir='ltr'>στήλας</span> <span class='ocrx_word' id='word_1_495' title='bbox 2015 1048 2188 1102; x_wconf 87' lang='grc' dir='ltr'>Ἀσσύριοι</span> <span class='ocrx_word' id='word_1_496' title='bbox 2204 1049 2265 1088; x_wconf 82' lang='grc' dir='ltr'>καὶ</span> <span class='ocrx_word' id='word_1_497' title='bbox 2278 1052 2325 1094; x_wconf 83' lang='grc' dir='ltr'>ὥς</span> 
     </span>
     <span class='ocr_line' id='line_1_66' title="bbox 1282 1106 2321 1160; baseline 0 -14"><span class='ocrx_word' id='word_1_498' title='bbox 1282 1108 1356 1146; x_wconf 85' lang='grc' dir='ltr'>θεὸν</span> <span class='ocrx_word' id='word_1_499' title='bbox 1374 1107 1606 1160; x_wconf 85' lang='grc' dir='ltr'>προσεκύνουν</span> <span class='ocrx_word' id='word_1_500' title='bbox 1627 1106 1730 1145; x_wconf 82' lang='grc' dir='ltr'>αὐτόν</span> <span class='ocrx_word' id='word_1_501' title='bbox 1745 1122 1753 1131; x_wconf 89' lang='grc'><em>·</em></span> <span class='ocrx_word' id='word_1_502' title='bbox 1783 1106 1821 1145; x_wconf 84' lang='grc' dir='ltr'>ὃν</span> <span class='ocrx_word' id='word_1_503' title='bbox 1847 1107 1908 1145; x_wconf 83' lang='grc' dir='ltr'>καὶ</span> <span class='ocrx_word' id='word_1_504' title='bbox 1935 1106 1999 1152; x_wconf 83' lang='grc' dir='ltr'>ἕως</span> <span class='ocrx_word' id='word_1_505' title='bbox 2017 1111 2077 1146; x_wconf 90' lang='grc' dir='ltr'>τοῦ</span> <span class='ocrx_word' id='word_1_506' title='bbox 2095 1111 2155 1146; x_wconf 90' lang='grc' dir='ltr'>νῦν</span> <span class='ocrx_word' id='word_1_507' title='bbox 2171 1108 2321 1146; x_wconf 80' lang='grc' dir='ltr'>καλοῦσι</span> 
     </span>
     <span class='ocr_line' id='line_1_67' title="bbox 1283 1163 2328 1219; baseline 0.001 -15"><span class='ocrx_word' id='word_1_508' title='bbox 1283 1166 1452 1219; x_wconf 80' lang='grc' dir='ltr'>Περσιστὶ</span> <span class='ocrx_word' id='word_1_509' title='bbox 1469 1166 1570 1206; x_wconf 84' lang='grc' dir='ltr'>Βάαλ</span> <span class='ocrx_word' id='word_1_510' title='bbox 1586 1165 1675 1217; x_wconf 87' lang='grc' dir='ltr'>θεόν,</span> <span class='ocrx_word' id='word_1_511' title='bbox 1690 1164 1711 1204; x_wconf 79' lang='grc' dir='ltr'>ὅ</span> <span class='ocrx_word' id='word_1_512' title='bbox 1725 1167 1798 1204; x_wconf 84' lang='grc' dir='ltr'>ἐστι</span> <span class='ocrx_word' id='word_1_513' title='bbox 1817 1165 2089 1219; x_wconf 82' lang='grc' dir='ltr'>ἑρμηνευόμενον</span> <span class='ocrx_word' id='word_1_514' title='bbox 2102 1163 2208 1218; x_wconf 82' lang='grc' dir='ltr'>Ἄρης</span> <span class='ocrx_word' id='word_1_515' title='bbox 2224 1168 2242 1204; x_wconf 98' lang='lat'>6</span> <span class='ocrx_word' id='word_1_516' title='bbox 2258 1180 2328 1205; x_wconf 88' lang='grc' dir='ltr'>πο-</span> 
     </span>
     <span class='ocr_line' id='line_1_68' title="bbox 1282 1224 1502 1276; baseline 0.005 -13"><span class='ocrx_word' id='word_1_517' title='bbox 1282 1225 1397 1276; x_wconf 87' lang='grc' dir='ltr'>λέμων</span> <span class='ocrx_word' id='word_1_518' title='bbox 1417 1224 1502 1268; x_wconf 89' lang='grc' dir='ltr'>θεός.</span> 
     </span>
    </p>

    <p class='ocr_par' dir='ltr' id='par_1_14' title="bbox 1281 1280 2328 1569">
     <span class='ocr_line' id='line_1_69' title="bbox 1335 1280 2327 1335; baseline -0.002 -13"><span class='ocrx_word' id='word_1_519' title='bbox 1335 1297 1368 1325; x_wconf 82' lang='lat'>2.</span> <span class='ocrx_word' id='word_1_520' title='bbox 1399 1283 1501 1323; x_wconf 88' lang='grc' dir='ltr'>Μετὰ</span> <span class='ocrx_word' id='word_1_521' title='bbox 1521 1280 1827 1335; x_wconf 79' lang='grc' dir='ltr'>τελευτὴν·Ἄρεος</span> <span class='ocrx_word' id='word_1_522' title='bbox 1846 1282 2051 1321; x_wconf 76' lang='grc' dir='ltr'>ἐὸασίλευσε</span> <span class='ocrx_word' id='word_1_523' title='bbox 2070 1281 2218 1334; x_wconf 84' lang='grc' dir='ltr'>Λάμης,</span> <span class='ocrx_word' id='word_1_524' title='bbox 2238 1281 2327 1333; x_wconf 85' lang='grc' dir='ltr'>μετὰ</span> 
     </span>
     <span class='ocr_line' id='line_1_70' title="bbox 1283 1339 2328 1394; baseline -0.002 -14"><span class='ocrx_word' id='word_1_525' title='bbox 1283 1342 1411 1393; x_wconf 86' lang='grc' dir='ltr'>Λάμην</span> <span class='ocrx_word' id='word_1_526' title='bbox 1430 1340 1732 1394; x_wconf 78' lang='grc' dir='ltr'>Σαρδανάπαλλος</span> <span class='ocrx_word' id='word_1_527' title='bbox 1745 1343 1763 1379; x_wconf 91' lang='lat'>6</span> <span class='ocrx_word' id='word_1_528' title='bbox 1781 1340 1891 1391; x_wconf 84' lang='grc' dir='ltr'>μέγας</span> <span class='ocrx_word' id='word_1_529' title='bbox 1904 1357 1912 1365; x_wconf 93' lang='grc'><em>·</em></span> <span class='ocrx_word' id='word_1_530' title='bbox 1927 1340 2042 1380; x_wconf 79' lang='grc' dir='ltr'>ὅντινα</span> <span class='ocrx_word' id='word_1_531' title='bbox 2057 1339 2214 1394; x_wconf 75' lang='grc' dir='ltr'>Περσεὺς</span> <span class='ocrx_word' id='word_1_532' title='bbox 2226 1342 2244 1378; x_wconf 90' lang='lat'>6</span> <span class='ocrx_word' id='word_1_533' title='bbox 2259 1343 2328 1380; x_wconf 87' lang='grc' dir='ltr'>Δα-</span> 
     </span>
     <span class='ocr_line' id='line_1_71' title="bbox 1281 1398 2328 1454; baseline -0.003 -15"><span class='ocrx_word' id='word_1_534' title='bbox 1281 1401 1365 1448; x_wconf 87' lang='grc' dir='ltr'>νάης</span> <span class='ocrx_word' id='word_1_535' title='bbox 1386 1400 1545 1454; x_wconf 89' lang='grc' dir='ltr'>ἐφόνευσε</span> <span class='ocrx_word' id='word_1_536' title='bbox 1572 1399 1632 1437; x_wconf 72' lang='grc' dir='ltr'>καὶ</span> <span class='ocrx_word' id='word_1_537' title='bbox 1656 1399 1815 1452; x_wconf 86' lang='grc' dir='ltr'>ἀφείλετο</span> <span class='ocrx_word' id='word_1_538' title='bbox 1841 1398 1904 1446; x_wconf 82' lang='grc' dir='ltr'>τὴν</span> <span class='ocrx_word' id='word_1_539' title='bbox 1927 1398 2106 1452; x_wconf 87' lang='grc' dir='ltr'>βασιλείαν</span> <span class='ocrx_word' id='word_1_540' title='bbox 2125 1398 2328 1452; x_wconf 84' lang='grc' dir='ltr'>Ἀσσυρίων,</span> 
     </span>
     <span class='ocr_line' id='line_1_72' title="bbox 1282 1455 2327 1511; baseline -0.002 -14"><span class='ocrx_word' id='word_1_541' title='bbox 1282 1460 1341 1498; x_wconf 82' lang='grc' dir='ltr'>καὶ</span> <span class='ocrx_word' id='word_1_542' title='bbox 1375 1457 1583 1511; x_wconf 84' lang='grc' dir='ltr'>βασιλεύσας</span> <span class='ocrx_word' id='word_1_543' title='bbox 1610 1459 1657 1501; x_wconf 87' lang='grc' dir='ltr'>εἷς</span> <span class='ocrx_word' id='word_1_544' title='bbox 1686 1457 1723 1496; x_wconf 82' lang='grc' dir='ltr'>τὸ</span> <span class='ocrx_word' id='word_1_545' title='bbox 1750 1457 1837 1496; x_wconf 85' lang='grc' dir='ltr'>ἴδιον</span> <span class='ocrx_word' id='word_1_546' title='bbox 1868 1457 1980 1508; x_wconf 86' lang='grc' dir='ltr'>ὄνομα</span> <span class='ocrx_word' id='word_1_547' title='bbox 2009 1457 2172 1502; x_wconf 77' lang='grc' dir='ltr'>ἐκάλεσεν</span> <span class='ocrx_word' id='word_1_548' title='bbox 2203 1455 2327 1501; x_wconf 79' lang='grc' dir='ltr'>αὐτοὺς</span> 
     </span>
     <span class='ocr_line' id='line_1_73' title="bbox 1284 1517 1436 1569; baseline -0.013 -13"><span class='ocrx_word' id='word_1_549' title='bbox 1284 1517 1436 1569; x_wconf 87' lang='grc' dir='ltr'>Πέρσας.</span> 
     </span>
    </p>

    <p class='ocr_par' dir='ltr' id='par_1_15' title="bbox 1281 1573 2329 1919">
     <span class='ocr_line' id='line_1_74' title="bbox 1335 1573 2327 1627; baseline 0 -13"><span class='ocrx_word' id='word_1_550' title='bbox 1335 1590 1365 1614; x_wconf 87' lang='grc'>3.</span> <span class='ocrx_word' id='word_1_551' title='bbox 1396 1574 1528 1622; x_wconf 89' lang='grc' dir='ltr'>Ἔζησε</span> <span class='ocrx_word' id='word_1_552' title='bbox 1547 1574 1582 1613; x_wconf 82' lang='grc' dir='ltr'>δὲ</span> <span class='ocrx_word' id='word_1_553' title='bbox 1604 1576 1713 1618; x_wconf 88' lang='grc' dir='ltr'>Πῖκος</span> <span class='ocrx_word' id='word_1_554' title='bbox 1734 1576 1751 1612; x_wconf 97' lang='lat'>6</span> <span class='ocrx_word' id='word_1_555' title='bbox 1766 1573 1827 1612; x_wconf 75' lang='grc' dir='ltr'>καὶ</span> <span class='ocrx_word' id='word_1_556' title='bbox 1844 1574 1931 1618; x_wconf 83' lang='grc' dir='ltr'>Ζεὺς</span> <span class='ocrx_word' id='word_1_557' title='bbox 1950 1573 2010 1621; x_wconf 87' lang='grc' dir='ltr'>ἔτη</span> <span class='ocrx_word' id='word_1_558' title='bbox 2028 1573 2094 1626; x_wconf 85' lang='grc' dir='ltr'>ρκ’,</span> <span class='ocrx_word' id='word_1_559' title='bbox 2111 1576 2248 1627; x_wconf 73' lang='grc' dir='ltr'>κρατῶν</span> <span class='ocrx_word' id='word_1_560' title='bbox 2263 1573 2327 1622; x_wconf 80' lang='grc' dir='ltr'>τὴν</span> 
     </span>
     <span class='ocr_line' id='line_1_75' title="bbox 1282 1631 2328 1684; baseline 0.001 -13"><span class='ocrx_word' id='word_1_561' title='bbox 1282 1633 1377 1671; x_wconf 88' lang='grc' dir='ltr'>δύσιν</span> <span class='ocrx_word' id='word_1_562' title='bbox 1398 1633 1458 1672; x_wconf 78' lang='grc' dir='ltr'>καὶ</span> <span class='ocrx_word' id='word_1_563' title='bbox 1489 1632 1682 1684; x_wconf 89' lang='grc' dir='ltr'>βασιλεύων</span> <span class='ocrx_word' id='word_1_564' title='bbox 1707 1634 1827 1679; x_wconf 77' lang='grc' dir='ltr'>αὐτῆς.</span> <span class='ocrx_word' id='word_1_565' title='bbox 1858 1632 1929 1671; x_wconf 83' lang='grc' dir='ltr'>Καὶ</span> <span class='ocrx_word' id='word_1_566' title='bbox 1958 1633 2040 1684; x_wconf 86' lang='grc' dir='ltr'>ἔσχε</span> <span class='ocrx_word' id='word_1_567' title='bbox 2068 1631 2160 1676; x_wconf 74' lang='grc' dir='ltr'>υἱοὺς</span> <span class='ocrx_word' id='word_1_568' title='bbox 2182 1631 2328 1678; x_wconf 67' lang='grc' dir='ltr'>πολλοὺς</span> 
     </span>
     <span class='ocr_line' id='line_1_76' title="bbox 1282 1690 2329 1744; baseline 0 -14"><span class='ocrx_word' id='word_1_569' title='bbox 1282 1693 1341 1730; x_wconf 79' lang='grc' dir='ltr'>καὶ</span> <span class='ocrx_word' id='word_1_570' title='bbox 1359 1691 1547 1744; x_wconf 85' lang='grc' dir='ltr'>θυγατέρας</span> <span class='ocrx_word' id='word_1_571' title='bbox 1567 1690 1636 1729; x_wconf 83' lang='grc' dir='ltr'>ἀπὸ</span> <span class='ocrx_word' id='word_1_572' title='bbox 1651 1693 1720 1730; x_wconf 86' lang='grc' dir='ltr'>τῶν</span> <span class='ocrx_word' id='word_1_573' title='bbox 1736 1691 1916 1743; x_wconf 72' lang='grc' dir='ltr'>εὐπρεπῶν</span> <span class='ocrx_word' id='word_1_574' title='bbox 1936 1693 2109 1741; x_wconf 77' lang='grc' dir='ltr'>γυναικῶν</span> <span class='ocrx_word' id='word_1_575' title='bbox 2122 1706 2131 1715; x_wconf 92' lang='grc'><strong><em>·</em></strong></span> <span class='ocrx_word' id='word_1_576' title='bbox 2146 1690 2329 1730; x_wconf 76' lang='grc' dir='ltr'>ὓπενόθευε</span> 
     </span>
     <span class='ocr_line' id='line_1_77' title="bbox 1281 1745 2328 1803; baseline -0.002 -14"><span class='ocrx_word' id='word_1_577' title='bbox 1281 1750 1348 1803; x_wconf 88' lang='grc' dir='ltr'>γὰρ</span> <span class='ocrx_word' id='word_1_578' title='bbox 1370 1750 1496 1794; x_wconf 85' lang='grc' dir='ltr'>αὐτάς·</span> <span class='ocrx_word' id='word_1_579' title='bbox 1512 1745 1555 1797; x_wconf 71' lang='grc' dir='ltr'>ἦν</span> <span class='ocrx_word' id='word_1_580' title='bbox 1575 1749 1642 1801; x_wconf 87' lang='grc' dir='ltr'>γὰρ</span> <span class='ocrx_word' id='word_1_581' title='bbox 1662 1748 1723 1787; x_wconf 72' lang='grc' dir='ltr'>καὶ</span> <span class='ocrx_word' id='word_1_582' title='bbox 1749 1748 1912 1797; x_wconf 84' lang='grc' dir='ltr'>μυστικὸς</span> <span class='ocrx_word' id='word_1_583' title='bbox 1938 1749 1999 1787; x_wconf 76' lang='grc' dir='ltr'>καὶ</span> <span class='ocrx_word' id='word_1_584' title='bbox 2024 1749 2216 1801; x_wconf 85' lang='grc' dir='ltr'>φαντασίας</span> <span class='ocrx_word' id='word_1_585' title='bbox 2234 1748 2328 1794; x_wconf 81' lang='grc' dir='ltr'>τινὰς</span> 
     </span>
     <span class='ocr_line' id='line_1_78' title="bbox 1281 1806 2327 1858; baseline 0.001 -11"><span class='ocrx_word' id='word_1_586' title='bbox 1281 1812 1388 1847; x_wconf 88' lang='grc' dir='ltr'>ποιῶν</span> <span class='ocrx_word' id='word_1_587' title='bbox 1415 1808 1475 1848; x_wconf 81' lang='grc' dir='ltr'>καὶ</span> <span class='ocrx_word' id='word_1_588' title='bbox 1492 1808 1697 1856; x_wconf 80' lang='grc' dir='ltr'>’ἐκπλήττων</span> <span class='ocrx_word' id='word_1_589' title='bbox 1716 1807 1833 1852; x_wconf 81' lang='grc' dir='ltr'>αὐτάς.</span> <span class='ocrx_word' id='word_1_590' title='bbox 1857 1806 1992 1852; x_wconf 76' lang='grc' dir='ltr'>Αἵτινες</span> <span class='ocrx_word' id='word_1_591' title='bbox 2011 1811 2172 1858; x_wconf 86' lang='grc' dir='ltr'>γυναῖκες</span> <span class='ocrx_word' id='word_1_592' title='bbox 2191 1808 2253 1847; x_wconf 77' lang='grc' dir='ltr'>καὶ</span> <span class='ocrx_word' id='word_1_593' title='bbox 2279 1811 2327 1854; x_wconf 81' lang='grc' dir='ltr'>ὣς</span> 
     </span>
     <span class='ocr_line' id='line_1_79' title="bbox 1281 1862 2046 1919; baseline -0.003 -13"><span class='ocrx_word' id='word_1_594' title='bbox 1281 1868 1356 1906; x_wconf 86' lang='grc' dir='ltr'>θεὸν</span> <span class='ocrx_word' id='word_1_595' title='bbox 1373 1862 1466 1919; x_wconf 70' lang='grc' dir='ltr'>εἶχον</span> <span class='ocrx_word' id='word_1_596' title='bbox 1487 1866 1590 1905; x_wconf 81' lang='grc' dir='ltr'>αὐτὸν</span> <span class='ocrx_word' id='word_1_597' title='bbox 1608 1865 1836 1919; x_wconf 80' lang='grc' dir='ltr'>φθειράμεναι</span> <span class='ocrx_word' id='word_1_598' title='bbox 1854 1865 1911 1903; x_wconf 74' lang='grc' dir='ltr'>ὑπ’</span> <span class='ocrx_word' id='word_1_599' title='bbox 1926 1867 2046 1905; x_wconf 83' lang='grc' dir='ltr'>αὐτοῦ.</span> 
     </span>
    </p>

    <p class='ocr_par' dir='ltr' id='par_1_16' title="bbox 1281 1923 2329 2430">
     <span class='ocr_line' id='line_1_80' title="bbox 1333 1923 2327 1978; baseline -0.003 -13"><span class='ocrx_word' id='word_1_600' title='bbox 1333 1941 1364 1966; x_wconf 81' lang='grc'>4.</span> <span class='ocrx_word' id='word_1_601' title='bbox 1394 1923 1510 1978; x_wconf 74' lang='grc' dir='ltr'>’Έσχε</span> <span class='ocrx_word' id='word_1_602' title='bbox 1530 1925 1565 1963; x_wconf 82' lang='grc' dir='ltr'>δὲ</span> <span class='ocrx_word' id='word_1_603' title='bbox 1588 1928 1606 1963; x_wconf 87' lang='lat'>6</span> <span class='ocrx_word' id='word_1_604' title='bbox 1623 1924 1724 1968; x_wconf 84' lang='grc' dir='ltr'>αὐτὸς</span> <span class='ocrx_word' id='word_1_605' title='bbox 1741 1926 1851 1968; x_wconf 88' lang='grc' dir='ltr'>Πῖκος</span> <span class='ocrx_word' id='word_1_606' title='bbox 1873 1927 1891 1962; x_wconf 88' lang='lat'>6</span> <span class='ocrx_word' id='word_1_607' title='bbox 1910 1926 1971 1962; x_wconf 80' lang='grc' dir='ltr'>καὶ</span> <span class='ocrx_word' id='word_1_608' title='bbox 1987 1925 2074 1968; x_wconf 80' lang='grc' dir='ltr'>Ζεὺς</span> <span class='ocrx_word' id='word_1_609' title='bbox 2094 1924 2183 1975; x_wconf 87' lang='grc' dir='ltr'>μετὰ</span> <span class='ocrx_word' id='word_1_610' title='bbox 2199 1923 2327 1964; x_wconf 81' lang='grc' dir='ltr'>Μαιά-</span> 
     </span>
     <span class='ocr_line' id='line_1_81' title="bbox 1282 1982 2328 2036; baseline -0.001 -12"><span class='ocrx_word' id='word_1_611' title='bbox 1282 1986 1338 2030; x_wconf 84' lang='grc' dir='ltr'>δος</span> <span class='ocrx_word' id='word_1_612' title='bbox 1361 1988 1422 2032; x_wconf 88' lang='grc' dir='ltr'>τῆς</span> <span class='ocrx_word' id='word_1_613' title='bbox 1446 1985 1622 2031; x_wconf 87' lang='grc' dir='ltr'>Ἰταλικῆς</span> <span class='ocrx_word' id='word_1_614' title='bbox 1640 1983 1713 2022; x_wconf 76' lang='grc' dir='ltr'>υἱὸν</span> <span class='ocrx_word' id='word_1_615' title='bbox 1732 1983 1843 2034; x_wconf 82' lang='grc' dir='ltr'>ὄνομα</span> <span class='ocrx_word' id='word_1_616' title='bbox 1870 1984 2024 2030; x_wconf 87' lang='grc' dir='ltr'>Φαῦνον,</span> <span class='ocrx_word' id='word_1_617' title='bbox 2045 1983 2081 2021; x_wconf 85' lang='grc' dir='ltr'>ὃν</span> <span class='ocrx_word' id='word_1_618' title='bbox 2100 1982 2161 2022; x_wconf 79' lang='grc' dir='ltr'>καὶ</span> <span class='ocrx_word' id='word_1_619' title='bbox 2189 1982 2328 2036; x_wconf 86' lang='grc' dir='ltr'>Ἑρμῆν</span> 
     </span>
     <span class='ocr_line' id='line_1_82' title="bbox 1282 2039 2326 2094; baseline -0.001 -12"><span class='ocrx_word' id='word_1_620' title='bbox 1282 2044 1446 2082; x_wconf 85' lang='grc' dir='ltr'>ἐκάλεσεν</span> <span class='ocrx_word' id='word_1_621' title='bbox 1463 2045 1510 2086; x_wconf 84' lang='grc' dir='ltr'>εἷς</span> <span class='ocrx_word' id='word_1_622' title='bbox 1529 2042 1640 2094; x_wconf 84' lang='grc' dir='ltr'>ὄνομα</span> <span class='ocrx_word' id='word_1_623' title='bbox 1663 2045 1724 2081; x_wconf 83' lang='grc' dir='ltr'>τοῦ</span> <span class='ocrx_word' id='word_1_624' title='bbox 1743 2041 1922 2088; x_wconf 87' lang='grc' dir='ltr'>πλανήτου</span> <span class='ocrx_word' id='word_1_625' title='bbox 1943 2040 2098 2094; x_wconf 82' lang='grc' dir='ltr'>ἀστέρος.</span> <span class='ocrx_word' id='word_1_626' title='bbox 2118 2040 2270 2080; x_wconf 83' lang='grc' dir='ltr'>Μέλλων</span> <span class='ocrx_word' id='word_1_627' title='bbox 2289 2039 2326 2081; x_wconf 87' lang='grc' dir='ltr'>δὲ</span> 
     </span>
     <span class='ocr_line' id='line_1_83' title="bbox 1281 2099 2327 2154; baseline -0.003 -13"><span class='ocrx_word' id='word_1_628' title='bbox 1281 2104 1458 2150; x_wconf 81' lang='grc' dir='ltr'>τελευτᾶν,</span> <span class='ocrx_word' id='word_1_629' title='bbox 1469 2103 1628 2141; x_wconf 83' lang='grc' dir='ltr'>ἐκέλευσε</span> <span class='ocrx_word' id='word_1_630' title='bbox 1639 2100 1680 2139; x_wconf 81' lang='grc' dir='ltr'>τὸ</span> <span class='ocrx_word' id='word_1_631' title='bbox 1692 2099 1854 2154; x_wconf 84' lang='grc' dir='ltr'>λείψανον</span> <span class='ocrx_word' id='word_1_632' title='bbox 1870 2102 1975 2139; x_wconf 84' lang='grc' dir='ltr'>αὐτοῦ</span> <span class='ocrx_word' id='word_1_633' title='bbox 1990 2102 2024 2138; x_wconf 87' lang='grc' dir='ltr'>ἐν</span> <span class='ocrx_word' id='word_1_634' title='bbox 2034 2103 2077 2152; x_wconf 86' lang='grc' dir='ltr'>τῇ</span> <span class='ocrx_word' id='word_1_635' title='bbox 2094 2099 2216 2153; x_wconf 88' lang='grc' dir='ltr'>Κρήτῃ</span> <span class='ocrx_word' id='word_1_636' title='bbox 2230 2099 2327 2154; x_wconf 86' lang='grc' dir='ltr'>νήσῳ</span> 
     </span>
     <span class='ocr_line' id='line_1_84' title="bbox 1281 2157 2329 2212; baseline -0.004 -12"><span class='ocrx_word' id='word_1_637' title='bbox 1281 2164 1437 2208; x_wconf 87' lang='grc' dir='ltr'>τεθῆναι.</span> <span class='ocrx_word' id='word_1_638' title='bbox 1459 2161 1532 2200; x_wconf 77' lang='grc' dir='ltr'>Καὶ</span> <span class='ocrx_word' id='word_1_639' title='bbox 1549 2159 1727 2203; x_wconf 87' lang='grc' dir='ltr'>κτίσαντες</span> <span class='ocrx_word' id='word_1_640' title='bbox 1744 2160 1839 2212; x_wconf 76' lang='grc' dir='ltr'>αὐτῷ</span> <span class='ocrx_word' id='word_1_641' title='bbox 1852 2158 1934 2197; x_wconf 79' lang='grc' dir='ltr'>ναὸν</span> <span class='ocrx_word' id='word_1_642' title='bbox 1951 2161 1983 2197; x_wconf 80' lang='grc' dir='ltr'>οἱ</span> <span class='ocrx_word' id='word_1_643' title='bbox 1998 2160 2102 2197; x_wconf 82' lang='grc' dir='ltr'>αὐτοῦ</span> <span class='ocrx_word' id='word_1_644' title='bbox 2115 2159 2236 2202; x_wconf 82' lang='grc' dir='ltr'>παῖδες</span> <span class='ocrx_word' id='word_1_645' title='bbox 2247 2157 2329 2207; x_wconf 87' lang='grc' dir='ltr'>ἔθη-</span> 
     </span>
     <span class='ocr_line' id='line_1_85' title="bbox 1281 2214 2327 2272; baseline -0.004 -13"><span class='ocrx_word' id='word_1_646' title='bbox 1281 2237 1345 2259; x_wconf 76' lang='grc' dir='ltr'>καν</span> <span class='ocrx_word' id='word_1_647' title='bbox 1367 2220 1469 2259; x_wconf 83' lang='grc' dir='ltr'>αὐτὸν</span> <span class='ocrx_word' id='word_1_648' title='bbox 1483 2221 1555 2258; x_wconf 79' lang='grc' dir='ltr'>ἐκεῖ</span> <span class='ocrx_word' id='word_1_649' title='bbox 1570 2222 1604 2259; x_wconf 89' lang='grc' dir='ltr'>ἐν</span> <span class='ocrx_word' id='word_1_650' title='bbox 1623 2222 1666 2272; x_wconf 85' lang='grc' dir='ltr'>τῇ</span> <span class='ocrx_word' id='word_1_651' title='bbox 1681 2217 1805 2271; x_wconf 70' lang='grc' dir='ltr'>Κρήτη</span> <span class='ocrx_word' id='word_1_652' title='bbox 1824 2219 1858 2256; x_wconf 91' lang='grc' dir='ltr'>ἐν</span> <span class='ocrx_word' id='word_1_653' title='bbox 1877 2217 2047 2268; x_wconf 86' lang='grc' dir='ltr'>μνήματι.</span> <span class='ocrx_word' id='word_1_654' title='bbox 2064 2214 2183 2269; x_wconf 66' lang='grc' dir='ltr'>’Όπερ</span> <span class='ocrx_word' id='word_1_655' title='bbox 2203 2219 2327 2267; x_wconf 87' lang='grc' dir='ltr'>μνῆμα</span> 
     </span>
     <span class='ocr_line' id='line_1_86' title="bbox 1283 2274 2328 2331; baseline -0.005 -14"><span class='ocrx_word' id='word_1_656' title='bbox 1283 2279 1373 2317; x_wconf 88' lang='grc' dir='ltr'>ἔστιν</span> <span class='ocrx_word' id='word_1_657' title='bbox 1401 2279 1464 2323; x_wconf 78' lang='grc' dir='ltr'>ἕως</span> <span class='ocrx_word' id='word_1_658' title='bbox 1488 2282 1547 2317; x_wconf 91' lang='grc' dir='ltr'>τοῦ</span> <span class='ocrx_word' id='word_1_659' title='bbox 1567 2279 1735 2331; x_wconf 85' lang='grc' dir='ltr'>παρόντος</span> <span class='ocrx_word' id='word_1_660' title='bbox 1763 2278 1798 2314; x_wconf 84' lang='grc' dir='ltr'>ἐν</span> <span class='ocrx_word' id='word_1_661' title='bbox 1826 2275 1965 2329; x_wconf 87' lang='grc' dir='ltr'>Κρήτῃ.</span> <span class='ocrx_word' id='word_1_662' title='bbox 1997 2275 2059 2314; x_wconf 89' lang='grc' dir='ltr'>Ἔν</span> <span class='ocrx_word' id='word_1_663' title='bbox 2089 2277 2138 2328; x_wconf 82' lang='grc' dir='ltr'>τῷ</span> <span class='ocrx_word' id='word_1_664' title='bbox 2171 2274 2328 2326; x_wconf 87' lang='grc' dir='ltr'>μνήματι</span> 
     </span>
     <span class='ocr_line' id='line_1_87' title="bbox 1282 2333 2324 2390; baseline -0.004 -14"><span class='ocrx_word' id='word_1_665' title='bbox 1282 2337 1547 2390; x_wconf 81' lang='grc' dir='ltr'>ἐπιγέγραπται·</span> <span class='ocrx_word' id='word_1_666' title='bbox 1564 2355 1579 2370; x_wconf 85' lang='lat'>«</span> <span class='ocrx_word' id='word_1_667' title='bbox 1594 2335 1707 2376; x_wconf 85' lang='grc' dir='ltr'>Ἔνθα</span> <span class='ocrx_word' id='word_1_668' title='bbox 1723 2338 1836 2374; x_wconf 87' lang='grc' dir='ltr'>κεῖται</span> <span class='ocrx_word' id='word_1_669' title='bbox 1855 2333 1966 2373; x_wconf 83' lang='grc' dir='ltr'>θανὼν</span> <span class='ocrx_word' id='word_1_670' title='bbox 1982 2336 2092 2378; x_wconf 88' lang='grc' dir='ltr'>Πῖκος</span> <span class='ocrx_word' id='word_1_671' title='bbox 2109 2335 2128 2371; x_wconf 89' lang='lat'>6</span> <span class='ocrx_word' id='word_1_672' title='bbox 2143 2333 2204 2372; x_wconf 82' lang='grc' dir='ltr'>καὶ</span> <span class='ocrx_word' id='word_1_673' title='bbox 2221 2333 2324 2382; x_wconf 78' lang='grc' dir='ltr'>Ζεὺς,</span> 
     </span>
     <span class='ocr_line' id='line_1_88' title="bbox 1282 2390 1689 2430; baseline 0 -1"><span class='ocrx_word' id='word_1_674' title='bbox 1282 2390 1317 2429; x_wconf 83' lang='grc' dir='ltr'>ὃν</span> <span class='ocrx_word' id='word_1_675' title='bbox 1335 2391 1395 2430; x_wconf 85' lang='grc' dir='ltr'>καὶ</span> <span class='ocrx_word' id='word_1_676' title='bbox 1413 2390 1479 2430; x_wconf 88' lang='grc' dir='ltr'>Δία</span> <span class='ocrx_word' id='word_1_677' title='bbox 1497 2391 1655 2429; x_wconf 89' lang='grc' dir='ltr'>καλοῦσι.</span> <span class='ocrx_word' id='word_1_678' title='bbox 1674 2407 1689 2423; x_wconf 80' lang='grc'><strong><em>»</em></strong></span> 
     </span>
    </p>

    <p class='ocr_par' dir='ltr' id='par_1_17' title="bbox 1282 2443 2328 3079">
     <span class='ocr_line' id='line_1_89' title="bbox 1335 2443 2327 2495; baseline -0.005 -8"><span class='ocrx_word' id='word_1_679' title='bbox 1335 2464 1365 2489; x_wconf 89' lang='lat'>5.</span> <span class='ocrx_word' id='word_1_680' title='bbox 1388 2449 1491 2488; x_wconf 89' lang='grc' dir='ltr'>Μετὰ</span> <span class='ocrx_word' id='word_1_681' title='bbox 1502 2448 1535 2486; x_wconf 83' lang='grc' dir='ltr'>δὲ</span> <span class='ocrx_word' id='word_1_682' title='bbox 1557 2448 1618 2495; x_wconf 79' lang='grc' dir='ltr'>τὴν</span> <span class='ocrx_word' id='word_1_683' title='bbox 1635 2451 1693 2486; x_wconf 89' lang='grc' dir='ltr'>τοῦ</span> <span class='ocrx_word' id='word_1_684' title='bbox 1710 2446 1788 2490; x_wconf 80' lang='grc' dir='ltr'>Διὸς</span> <span class='ocrx_word' id='word_1_685' title='bbox 1799 2444 1963 2492; x_wconf 84' lang='grc' dir='ltr'>τελευτὴν</span> <span class='ocrx_word' id='word_1_686' title='bbox 1977 2444 2200 2484; x_wconf 77' lang='grc' dir='ltr'>ἐὸασίλευσεν</span> <span class='ocrx_word' id='word_1_687' title='bbox 2216 2448 2235 2484; x_wconf 90' lang='lat'>6</span> <span class='ocrx_word' id='word_1_688' title='bbox 2248 2443 2327 2484; x_wconf 89' lang='grc' dir='ltr'>τού-</span> 
     </span>
     <span class='ocr_line' id='line_1_90' title="bbox 1284 2502 2328 2557; baseline -0.006 -11"><span class='ocrx_word' id='word_1_689' title='bbox 1284 2524 1344 2546; x_wconf 88' lang='grc' dir='ltr'>του</span> <span class='ocrx_word' id='word_1_690' title='bbox 1365 2508 1436 2552; x_wconf 83' lang='grc' dir='ltr'>υἱὸς</span> <span class='ocrx_word' id='word_1_691' title='bbox 1458 2509 1600 2552; x_wconf 80' lang='grc' dir='ltr'>Φαῦνος</span> <span class='ocrx_word' id='word_1_692' title='bbox 1622 2508 1640 2544; x_wconf 87' lang='lat'>6</span> <span class='ocrx_word' id='word_1_693' title='bbox 1657 2505 1716 2545; x_wconf 81' lang='grc' dir='ltr'>καὶ</span> <span class='ocrx_word' id='word_1_694' title='bbox 1733 2505 1870 2557; x_wconf 86' lang='grc' dir='ltr'>Ἑρμῆς</span> <span class='ocrx_word' id='word_1_695' title='bbox 1885 2507 1946 2551; x_wconf 86' lang='grc' dir='ltr'>τῆς</span> <span class='ocrx_word' id='word_1_696' title='bbox 1965 2502 2117 2546; x_wconf 88' lang='grc' dir='ltr'>Ἰταλίας</span> <span class='ocrx_word' id='word_1_697' title='bbox 2136 2502 2196 2550; x_wconf 84' lang='grc' dir='ltr'>ἔτη</span> <span class='ocrx_word' id='word_1_698' title='bbox 2213 2503 2275 2541; x_wconf 86' lang='grc' dir='ltr'>λε’·</span> <span class='ocrx_word' id='word_1_699' title='bbox 2291 2502 2328 2548; x_wconf 84' lang='grc' dir='ltr'>ὃς</span> 
     </span>
     <span class='ocr_line' id='line_1_91' title="bbox 1282 2561 2328 2619; baseline -0.005 -16"><span class='ocrx_word' id='word_1_700' title='bbox 1282 2562 1323 2613; x_wconf 70' lang='grc' dir='ltr'>ἦν</span> <span class='ocrx_word' id='word_1_701' title='bbox 1353 2566 1440 2619; x_wconf 84' lang='grc' dir='ltr'>ἀνὴρ</span> <span class='ocrx_word' id='word_1_702' title='bbox 1469 2570 1659 2618; x_wconf 90' lang='grc' dir='ltr'>πανοῦργος</span> <span class='ocrx_word' id='word_1_703' title='bbox 1687 2564 1747 2603; x_wconf 77' lang='grc' dir='ltr'>καὶ</span> <span class='ocrx_word' id='word_1_704' title='bbox 1767 2561 2021 2614; x_wconf 84' lang='grc' dir='ltr'>μαθηματικός.</span> <span class='ocrx_word' id='word_1_705' title='bbox 2050 2561 2177 2605; x_wconf 65' lang='grc' dir='ltr'>εὈστις</span> <span class='ocrx_word' id='word_1_706' title='bbox 2205 2562 2328 2614; x_wconf 80' lang='grc' dir='ltr'>ἐφεῦρε</span> 
     </span>
     <span class='ocr_line' id='line_1_92' title="bbox 1284 2618 2325 2677; baseline -0.004 -15"><span class='ocrx_word' id='word_1_707' title='bbox 1284 2624 1456 2674; x_wconf 78' lang='grc' dir='ltr'>μέταλλον</span> <span class='ocrx_word' id='word_1_708' title='bbox 1471 2628 1621 2677; x_wconf 76' lang='grc' dir='ltr'>χρυσοῦν</span> <span class='ocrx_word' id='word_1_709' title='bbox 1638 2626 1670 2662; x_wconf 87' lang='grc' dir='ltr'>ἐν</span> <span class='ocrx_word' id='word_1_710' title='bbox 1682 2626 1725 2675; x_wconf 78' lang='grc' dir='ltr'>τῇ</span> <span class='ocrx_word' id='word_1_711' title='bbox 1738 2621 1833 2660; x_wconf 88' lang='grc' dir='ltr'>δύσει</span> <span class='ocrx_word' id='word_1_712' title='bbox 1850 2622 2005 2673; x_wconf 79' lang='grc' dir='ltr'>πρῶτος,</span> <span class='ocrx_word' id='word_1_713' title='bbox 2022 2618 2083 2657; x_wconf 77' lang='grc' dir='ltr'>καὶ</span> <span class='ocrx_word' id='word_1_714' title='bbox 2095 2618 2135 2657; x_wconf 78' lang='grc' dir='ltr'>τὸ</span> <span class='ocrx_word' id='word_1_715' title='bbox 2147 2618 2325 2671; x_wconf 81' lang='grc' dir='ltr'>χωνεύειν.</span> 
     </span>
     <span class='ocr_line' id='line_1_93' title="bbox 1284 2676 2327 2734; baseline -0.006 -13"><span class='ocrx_word' id='word_1_716' title='bbox 1284 2682 1388 2726; x_wconf 74' lang='grc' dir='ltr'>Γνοὺς</span> <span class='ocrx_word' id='word_1_717' title='bbox 1409 2682 1443 2721; x_wconf 82' lang='grc' dir='ltr'>δὲ</span> <span class='ocrx_word' id='word_1_718' title='bbox 1460 2682 1512 2720; x_wconf 82' lang='grc' dir='ltr'>ὅτι</span> <span class='ocrx_word' id='word_1_719' title='bbox 1534 2683 1797 2734; x_wconf 84' lang='grc' dir='ltr'>διαφθονοῦνται</span> <span class='ocrx_word' id='word_1_720' title='bbox 1817 2680 1912 2732; x_wconf 78' lang='grc' dir='ltr'>αὐτῷ</span> <span class='ocrx_word' id='word_1_721' title='bbox 1931 2679 1961 2716; x_wconf 81' lang='grc' dir='ltr'>οἱ</span> <span class='ocrx_word' id='word_1_722' title='bbox 1981 2676 2122 2729; x_wconf 79' lang='grc' dir='ltr'>ἀδελφοὶ</span> <span class='ocrx_word' id='word_1_723' title='bbox 2138 2677 2231 2721; x_wconf 83' lang='grc' dir='ltr'>ὄντες</span> <span class='ocrx_word' id='word_1_724' title='bbox 2246 2676 2327 2731; x_wconf 90' lang='grc' dir='ltr'>περί</span> 
     </span>
     <span class='ocr_line' id='line_1_94' title="bbox 1283 2735 2327 2791; baseline -0.003 -14"><span class='ocrx_word' id='word_1_725' title='bbox 1283 2756 1348 2778; x_wconf 91' lang='grc' dir='ltr'>που</span> <span class='ocrx_word' id='word_1_726' title='bbox 1372 2741 1399 2779; x_wconf 90' lang='lat' dir='ltr'>o&#39;</span> <span class='ocrx_word' id='word_1_727' title='bbox 1419 2740 1533 2791; x_wconf 83' lang='grc' dir='ltr'>(μετὰ</span> <span class='ocrx_word' id='word_1_728' title='bbox 1556 2741 1695 2778; x_wconf 82' lang='grc' dir='ltr'>πολλῶν</span> <span class='ocrx_word' id='word_1_729' title='bbox 1720 2737 1787 2791; x_wconf 89' lang='grc' dir='ltr'>γὰρ</span> <span class='ocrx_word' id='word_1_730' title='bbox 1809 2737 2012 2789; x_wconf 87' lang='grc' dir='ltr'>μιγνύμενος</span> <span class='ocrx_word' id='word_1_731' title='bbox 2032 2739 2050 2774; x_wconf 91' lang='lat'>6</span> <span class='ocrx_word' id='word_1_732' title='bbox 2071 2735 2157 2780; x_wconf 78' lang='grc' dir='ltr'>Ζεὺς</span> <span class='ocrx_word' id='word_1_733' title='bbox 2187 2737 2327 2774; x_wconf 86' lang='grc' dir='ltr'>ἐτεκνο-</span> 
     </span>
     <span class='ocr_line' id='line_1_95' title="bbox 1283 2793 2327 2850; baseline -0.006 -13"><span class='ocrx_word' id='word_1_734' title='bbox 1283 2799 1416 2849; x_wconf 88' lang='grc' dir='ltr'>ποίει),</span> <span class='ocrx_word' id='word_1_735' title='bbox 1437 2798 1638 2850; x_wconf 86' lang='grc' dir='ltr'>ἀνεχώρησε</span> <span class='ocrx_word' id='word_1_736' title='bbox 1671 2797 1761 2848; x_wconf 89' lang='grc' dir='ltr'>μετὰ</span> <span class='ocrx_word' id='word_1_737' title='bbox 1780 2797 1910 2834; x_wconf 90' lang='grc' dir='ltr'>πολλοῦ</span> <span class='ocrx_word' id='word_1_738' title='bbox 1931 2798 2062 2847; x_wconf 80' lang='grc' dir='ltr'>χρυσοῦ</span> <span class='ocrx_word' id='word_1_739' title='bbox 2091 2793 2246 2847; x_wconf 79' lang='grc' dir='ltr'>σφόδρα,</span> <span class='ocrx_word' id='word_1_740' title='bbox 2266 2793 2327 2832; x_wconf 80' lang='grc' dir='ltr'>καὶ</span> 
     </span>
     <span class='ocr_line' id='line_1_96' title="bbox 1284 2850 2326 2907; baseline -0.006 -12"><span class='ocrx_word' id='word_1_741' title='bbox 1284 2858 1436 2903; x_wconf 87' lang='grc' dir='ltr'>ἀπῆλθεν</span> <span class='ocrx_word' id='word_1_742' title='bbox 1457 2858 1504 2900; x_wconf 88' lang='grc' dir='ltr'>εἰς</span> <span class='ocrx_word' id='word_1_743' title='bbox 1523 2855 1699 2907; x_wconf 86' lang='grc' dir='ltr'>Αἴγυπτον</span> <span class='ocrx_word' id='word_1_744' title='bbox 1719 2853 1804 2906; x_wconf 82' lang='grc' dir='ltr'>πρὸς</span> <span class='ocrx_word' id='word_1_745' title='bbox 1826 2853 1889 2900; x_wconf 83' lang='grc' dir='ltr'>τὴν</span> <span class='ocrx_word' id='word_1_746' title='bbox 1912 2852 2023 2905; x_wconf 85' lang='grc' dir='ltr'>φυλὴν</span> <span class='ocrx_word' id='word_1_747' title='bbox 2048 2855 2106 2889; x_wconf 87' lang='grc' dir='ltr'>τοῦ</span> <span class='ocrx_word' id='word_1_748' title='bbox 2125 2851 2225 2902; x_wconf 84' lang='grc' dir='ltr'>Χάμ.</span> <span class='ocrx_word' id='word_1_749' title='bbox 2254 2850 2326 2892; x_wconf 76' lang='grc' dir='ltr'>Καὶ</span> 
     </span>
     <span class='ocr_line' id='line_1_97' title="bbox 1285 2909 2326 2967; baseline -0.005 -14"><span class='ocrx_word' id='word_1_750' title='bbox 1285 2915 1415 2967; x_wconf 82' lang='grc' dir='ltr'>δεχθεὶς</span> <span class='ocrx_word' id='word_1_751' title='bbox 1433 2917 1466 2953; x_wconf 84' lang='grc' dir='ltr'>ἐν</span> <span class='ocrx_word' id='word_1_752' title='bbox 1491 2917 1574 2966; x_wconf 81' lang='grc' dir='ltr'>τιμῇ</span> <span class='ocrx_word' id='word_1_753' title='bbox 1596 2913 1761 2966; x_wconf 76' lang='grc' dir='ltr'>διέτριὸεν</span> <span class='ocrx_word' id='word_1_754' title='bbox 1785 2914 1855 2950; x_wconf 86' lang='grc' dir='ltr'>ἐκεῖ</span> <span class='ocrx_word' id='word_1_755' title='bbox 1882 2912 2116 2963; x_wconf 52' lang='grc' dir='ltr'>μεγαλαρχῶν</span> <span class='ocrx_word' id='word_1_756' title='bbox 2130 2909 2191 2948; x_wconf 85' lang='grc' dir='ltr'>καὶ</span> <span class='ocrx_word' id='word_1_757' title='bbox 2213 2912 2326 2962; x_wconf 82' lang='grc' dir='ltr'>φορῶν</span> 
     </span>
     <span class='ocr_line' id='line_1_98' title="bbox 1284 2961 2327 3020; baseline -0.007 -14"><span class='ocrx_word' id='word_1_758' title='bbox 1284 2971 1419 3020; x_wconf 87' lang='grc' dir='ltr'>χρυσῆν</span> <span class='ocrx_word' id='word_1_759' title='bbox 1447 2967 1586 3014; x_wconf 83' lang='grc' dir='ltr'>στολὴν,</span> <span class='ocrx_word' id='word_1_760' title='bbox 1606 2966 1715 3017; x_wconf 85' lang='grc' dir='ltr'>λέγων</span> <span class='ocrx_word' id='word_1_761' title='bbox 1735 2964 1794 3003; x_wconf 85' lang='grc' dir='ltr'>καὶ</span> <span class='ocrx_word' id='word_1_762' title='bbox 1813 2963 1990 3014; x_wconf 89' lang='grc' dir='ltr'>μαντείας.</span> <span class='ocrx_word' id='word_1_763' title='bbox 2020 2965 2086 3001; x_wconf 82' lang='grc' dir='ltr'>Ἦν</span> <span class='ocrx_word' id='word_1_764' title='bbox 2108 2961 2173 3014; x_wconf 87' lang='grc' dir='ltr'>γὰρ</span> <span class='ocrx_word' id='word_1_765' title='bbox 2194 2961 2327 3014; x_wconf 87' lang='grc' dir='ltr'>σφόδρα</span> 
     </span>
     <span class='ocr_line' id='line_1_99' title="bbox 1285 3015 2327 3079; baseline -0.007 -13"><span class='ocrx_word' id='word_1_766' title='bbox 1285 3027 1412 3079; x_wconf 87' lang='grc' dir='ltr'>λόγιος.</span> <span class='ocrx_word' id='word_1_767' title='bbox 1429 3026 1501 3066; x_wconf 73' lang='grc' dir='ltr'>Καὶ</span> <span class='ocrx_word' id='word_1_768' title='bbox 1516 3024 1747 3078; x_wconf 88' lang='grc' dir='ltr'>προσεκύνουν</span> <span class='ocrx_word' id='word_1_769' title='bbox 1766 3025 1873 3075; x_wconf 79' lang='grc' dir='ltr'>αὐτῷ,</span> <span class='ocrx_word' id='word_1_770' title='bbox 1885 3021 2044 3073; x_wconf 84' lang='grc' dir='ltr'>λέγοντες</span> <span class='ocrx_word' id='word_1_771' title='bbox 2061 3015 2150 3058; x_wconf 70' lang='grc' dir='ltr'>εἶναι</span> <span class='ocrx_word' id='word_1_772' title='bbox 2169 3021 2258 3068; x_wconf 88' lang='grc' dir='ltr'>θεὸν,</span> <span class='ocrx_word' id='word_1_773' title='bbox 2273 3020 2327 3060; x_wconf 83' lang='grc' dir='ltr'>ὅτι</span> 
     </span>
    </p>
   </div>
   <div class='ocr_carea' id='block_1_10' title="bbox 1242 3076 2308 3138">
    <p class='ocr_par' dir='ltr' id='par_1_18' title="bbox 1242 3076 2308 3138">
     <span class='ocr_line' id='line_1_100' title="bbox 1242 3076 2308 3138; baseline -0.008 -15"><span class='ocrx_word' id='word_1_774' title='bbox 1242 3095 1246 3098; x_wconf 89' lang='grc'>’</span> <span class='ocrx_word' id='word_1_775' title='bbox 1286 3084 1455 3138; x_wconf 88' lang='grc' dir='ltr'>προῦλεγε</span> <span class='ocrx_word' id='word_1_776' title='bbox 1476 3082 1520 3121; x_wconf 85' lang='grc' dir='ltr'>τὰ</span> <span class='ocrx_word' id='word_1_777' title='bbox 1539 3083 1708 3133; x_wconf 85' lang='grc' dir='ltr'>μέλλοντα</span> <span class='ocrx_word' id='word_1_778' title='bbox 1720 3096 1728 3104; x_wconf 89' lang='grc'>·</span> <span class='ocrx_word' id='word_1_779' title='bbox 1746 3079 1806 3119; x_wconf 77' lang='grc' dir='ltr'>καὶ</span> <span class='ocrx_word' id='word_1_780' title='bbox 1824 3080 1990 3132; x_wconf 83' lang='grc' dir='ltr'>παρεῖχεν</span> <span class='ocrx_word' id='word_1_781' title='bbox 2009 3079 2123 3121; x_wconf 84' lang='grc' dir='ltr'>αὐτοῖς</span> <span class='ocrx_word' id='word_1_782' title='bbox 2136 3076 2308 3129; x_wconf 87' lang='grc' dir='ltr'>χρήματα</span> 
     </span>
    </p>
   </div>
   <div class='ocr_carea' id='block_1_11' title="bbox 1286 3134 2328 3252">
    <p class='ocr_par' dir='ltr' id='par_1_19' title="bbox 1286 3134 2328 3252">
     <span class='ocr_line' id='line_1_101' title="bbox 1287 3134 2328 3194; baseline -0.01 -12"><span class='ocrx_word' id='word_1_783' title='bbox 1287 3143 1344 3182; x_wconf 89' lang='grc' dir='ltr'>διὰ</span> <span class='ocrx_word' id='word_1_784' title='bbox 1356 3146 1457 3181; x_wconf 90' lang='grc' dir='ltr'>τοῦτο</span> <span class='ocrx_word' id='word_1_785' title='bbox 1477 3141 1545 3194; x_wconf 81' lang='grc' dir='ltr'>γὰρ</span> <span class='ocrx_word' id='word_1_786' title='bbox 1562 3140 1621 3180; x_wconf 86' lang='grc' dir='ltr'>καὶ</span> <span class='ocrx_word' id='word_1_787' title='bbox 1638 3137 1872 3184; x_wconf 88' lang='grc' dir='ltr'>πλουτοδότην</span> <span class='ocrx_word' id='word_1_788' title='bbox 1889 3137 2049 3175; x_wconf 86' lang='grc' dir='ltr'>ἐκάλουν.</span> <span class='ocrx_word' id='word_1_789' title='bbox 2074 3134 2328 3181; x_wconf 89' lang='grc' dir='ltr'>Τελευτήσαν-</span> 
     </span>
     <span class='ocr_line' id='line_1_102' title="bbox 1286 3191 2326 3252; baseline -0.011 -11"><span class='ocrx_word' id='word_1_790' title='bbox 1286 3218 1343 3245; x_wconf 91' lang='grc' dir='ltr'>τος</span> <span class='ocrx_word' id='word_1_791' title='bbox 1363 3195 1422 3240; x_wconf 61' lang='lat' dir='ltr'>oliv</span> <span class='ocrx_word' id='word_1_792' title='bbox 1448 3198 1620 3252; x_wconf 83' lang='grc' dir='ltr'>Μεστρὲμ</span> <span class='ocrx_word' id='word_1_793' title='bbox 1645 3197 1816 3250; x_wconf 85' lang='grc' dir='ltr'>βασιλέως</span> <span class='ocrx_word' id='word_1_794' title='bbox 1833 3195 2013 3247; x_wconf 87' lang='grc' dir='ltr'>Αἰγύπτου</span> <span class='ocrx_word' id='word_1_795' title='bbox 2033 3195 2072 3232; x_wconf 89' lang='grc' dir='ltr'>ἐκ</span> <span class='ocrx_word' id='word_1_796' title='bbox 2089 3195 2197 3247; x_wconf 85' lang='grc' dir='ltr'>φυλῆς</span> <span class='ocrx_word' id='word_1_797' title='bbox 2215 3191 2326 3244; x_wconf 83' lang='grc' dir='ltr'>Χὰμ,</span> 
     </span>
    </p>
   </div>
   <div class='ocr_carea' id='block_1_12' title="bbox 203 3267 2327 3291">
    <p class='ocr_par' dir='ltr' id='par_1_20' title="bbox 203 3267 2327 3291">
     <span class='ocr_line' id='line_1_103' title="bbox 203 3267 2327 3291; baseline -0.003 -6"><span class='ocrx_word' id='word_1_798' title='bbox 203 3267 2327 3291; x_wconf 69' lang='lat'><em>.-.......—-.—--—-—-—--—---——————————---</em></span> 
     </span>
    </p>
   </div>
   <div class='ocr_carea' id='block_1_13' title="bbox 186 3308 2327 3452">
    <p class='ocr_par' dir='ltr' id='par_1_21' title="bbox 186 3308 2327 3452">
     <span class='ocr_line' id='line_1_104' title="bbox 186 3308 1770 3359; baseline -0.008 -8"><span class='ocrx_word' id='word_1_799' title='bbox 186 3337 226 3342; x_wconf 90' lang='lat'>——</span> <span class='ocrx_word' id='word_1_800' title='bbox 243 3318 260 3358; x_wconf 61' lang='grc' dir='ltr'><strong>ἓ</strong></span> <span class='ocrx_word' id='word_1_801' title='bbox 283 3321 313 3350; x_wconf 82' lang='lat'>4.</span> <span class='ocrx_word' id='word_1_802' title='bbox 341 3319 488 3350; x_wconf 81' lang='grc' dir='ltr'>ἐκεῖνοι</span> <span class='ocrx_word' id='word_1_803' title='bbox 505 3319 601 3359; x_wconf 84' lang='grc' dir='ltr'>ὁμοῦ</span> <span class='ocrx_word' id='word_1_804' title='bbox 617 3316 771 3358; x_wconf 83' lang='grc' dir='ltr'>φιλοσ.]</span> <span class='ocrx_word' id='word_1_805' title='bbox 787 3317 906 3356; x_wconf 79' lang='lat' dir='ltr'>Refingi</span> <span class='ocrx_word' id='word_1_806' title='bbox 924 3317 1039 3357; x_wconf 79' lang='lat' dir='ltr'><strong>possit,</strong></span> <span class='ocrx_word' id='word_1_807' title='bbox 1056 3317 1112 3349; x_wconf 82' lang='grc' dir='ltr'>σὺν</span> <span class='ocrx_word' id='word_1_808' title='bbox 1129 3316 1236 3356; x_wconf 86' lang='grc' dir='ltr'>ἐκείνῳ</span> <span class='ocrx_word' id='word_1_809' title='bbox 1253 3315 1331 3356; x_wconf 80' lang='grc' dir='ltr'>ὁμοῦ</span> <span class='ocrx_word' id='word_1_810' title='bbox 1348 3312 1519 3354; x_wconf 76' lang='grc' dir='ltr'>ἐφιλοσόφει</span> <span class='ocrx_word' id='word_1_811' title='bbox 1539 3311 1609 3352; x_wconf 84' lang='grc' dir='ltr'>ἄχρι</span> <span class='ocrx_word' id='word_1_812' title='bbox 1627 3308 1770 3342; x_wconf 86' lang='grc' dir='ltr'>θανάτου.</span> 
     </span>
     <span class='ocr_line' id='line_1_105' title="bbox 229 3346 2327 3404; baseline -0.009 -6"><span class='ocrx_word' id='word_1_813' title='bbox 229 3369 280 3398; x_wconf 80' lang='lat' dir='ltr'>Fr.</span> <span class='ocrx_word' id='word_1_814' title='bbox 297 3371 326 3398; x_wconf 77' lang='lat'>5.</span> <span class='ocrx_word' id='word_1_815' title='bbox 341 3368 382 3398; x_wconf 89' lang='lat' dir='ltr'>V.</span> <span class='ocrx_word' id='word_1_816' title='bbox 394 3365 508 3398; x_wconf 80' lang='lat' dir='ltr'>Malala</span> <span class='ocrx_word' id='word_1_817' title='bbox 518 3374 549 3404; x_wconf 89' lang='lat' dir='ltr'>p.</span> <span class='ocrx_word' id='word_1_818' title='bbox 565 3368 679 3403; x_wconf 81' lang='lat'><strong>19-25;</strong></span> <span class='ocrx_word' id='word_1_819' title='bbox 699 3364 862 3397; x_wconf 82' lang='lat' dir='ltr'>cedrenus</span> <span class='ocrx_word' id='word_1_820' title='bbox 877 3373 910 3404; x_wconf 87' lang='lat' dir='ltr'>p.</span> <span class='ocrx_word' id='word_1_821' title='bbox 925 3368 964 3395; x_wconf 85' lang='lat'>20</span> <span class='ocrx_word' id='word_1_822' title='bbox 984 3372 1074 3404; x_wconf 86' lang='lat' dir='ltr'>sqq.;</span> <span class='ocrx_word' id='word_1_823' title='bbox 1095 3363 1216 3395; x_wconf 84' lang='lat' dir='ltr'>chron.</span> <span class='ocrx_word' id='word_1_824' title='bbox 1231 3361 1373 3394; x_wconf 80' lang='lat' dir='ltr'>paschal.</span> <span class='ocrx_word' id='word_1_825' title='bbox 1394 3369 1423 3401; x_wconf 86' lang='lat' dir='ltr'>p.</span> <span class='ocrx_word' id='word_1_826' title='bbox 1451 3362 1486 3391; x_wconf 86' lang='grc'>18</span> <span class='ocrx_word' id='word_1_827' title='bbox 1499 3367 1571 3398; x_wconf 82' lang='lat' dir='ltr'>sqq.</span> <span class='ocrx_word' id='word_1_828' title='bbox 1590 3374 1632 3381; x_wconf 91' lang='lat'>—-</span> <span class='ocrx_word' id='word_1_829' title='bbox 1654 3353 1792 3396; x_wconf 76' lang='grc' dir='ltr'>Θούραε]</span> <span class='ocrx_word' id='word_1_830' title='bbox 1810 3354 1947 3395; x_wconf 82' lang='grc' dir='ltr'>Θούρρας</span> <span class='ocrx_word' id='word_1_831' title='bbox 1969 3351 2041 3384; x_wconf 85' lang='lat' dir='ltr'><strong>cod.</strong></span> <span class='ocrx_word' id='word_1_832' title='bbox 2058 3369 2098 3374; x_wconf 92' lang='lat'>—</span> <span class='ocrx_word' id='word_1_833' title='bbox 2115 3346 2327 3388; x_wconf 78' lang='grc' dir='ltr'>ὀξυλάὸην]</span> 
     </span>
     <span class='ocr_line' id='line_1_106' title="bbox 193 3394 2326 3452; baseline -0.008 -9"><span class='ocrx_word' id='word_1_834' title='bbox 193 3409 318 3451; x_wconf 54' lang='lat' dir='ltr'>&amp;eumen</span> <span class='ocrx_word' id='word_1_835' title='bbox 336 3414 480 3445; x_wconf 82' lang='lat' dir='ltr'>Cramer.</span> <span class='ocrx_word' id='word_1_836' title='bbox 495 3427 536 3434; x_wconf 92' lang='lat'>—</span> <span class='ocrx_word' id='word_1_837' title='bbox 549 3424 569 3443; x_wconf 93' lang='grc' dir='ltr'>κ</span> <span class='ocrx_word' id='word_1_838' title='bbox 577 3413 613 3443; x_wconf 91' lang='grc' dir='ltr'>αὶ</span> <span class='ocrx_word' id='word_1_839' title='bbox 630 3411 720 3443; x_wconf 81' lang='grc' dir='ltr'>οὗτο</span> <span class='ocrx_word' id='word_1_840' title='bbox 728 3410 763 3452; x_wconf 88' lang='grc' dir='ltr'>ς]</span> <span class='ocrx_word' id='word_1_841' title='bbox 777 3411 870 3443; x_wconf 80' lang='lat' dir='ltr'>suerit</span> <span class='ocrx_word' id='word_1_842' title='bbox 883 3412 935 3443; x_wconf 86' lang='grc' dir='ltr'>καὶ</span> <span class='ocrx_word' id='word_1_843' title='bbox 952 3411 1046 3447; x_wconf 82' lang='grc' dir='ltr'>αὐτὸς</span> <span class='ocrx_word' id='word_1_844' title='bbox 1055 3411 1251 3443; x_wconf 75' lang='grc' dir='ltr'>ἐὸασίλευσεν</span> <span class='ocrx_word' id='word_1_845' title='bbox 1269 3408 1434 3450; x_wconf 77' lang='grc' dir='ltr'>Αἰγύπτου.</span> <span class='ocrx_word' id='word_1_846' title='bbox 1450 3426 1490 3432; x_wconf 95' lang='grc'>-</span> <span class='ocrx_word' id='word_1_847' title='bbox 1503 3403 1609 3446; x_wconf 81' lang='grc' dir='ltr'>ἐθριά</span> <span class='ocrx_word' id='word_1_848' title='bbox 1618 3415 1640 3445; x_wconf 85' lang='grc' dir='ltr'>μ</span> <span class='ocrx_word' id='word_1_849' title='bbox 1650 3403 1668 3435; x_wconf 79' lang='grc' dir='ltr'><strong><em>ὃ</em></strong></span> <span class='ocrx_word' id='word_1_850' title='bbox 1677 3414 1715 3435; x_wconf 83' lang='grc' dir='ltr'>ευ</span> <span class='ocrx_word' id='word_1_851' title='bbox 1724 3413 1743 3434; x_wconf 90' lang='grc' dir='ltr'>σ</span> <span class='ocrx_word' id='word_1_852' title='bbox 1751 3401 1809 3443; x_wconf 86' lang='grc' dir='ltr'>εν]</span> <span class='ocrx_word' id='word_1_853' title='bbox 1820 3402 1965 3439; x_wconf 80' lang='grc' dir='ltr'>ἥντινα...</span> <span class='ocrx_word' id='word_1_854' title='bbox 1977 3399 2172 3434; x_wconf 68' lang='grc' dir='ltr'>ἐπόμπευσεν</span> <span class='ocrx_word' id='word_1_855' title='bbox 2191 3397 2222 3429; x_wconf 85' lang='grc' dir='ltr'>ἐν</span> <span class='ocrx_word' id='word_1_856' title='bbox 2238 3394 2326 3435; x_wconf 71' lang='grc' dir='ltr'>πάσῃ</span> 
     </span>
    </p>
   </div>
   <div class='ocr_carea' id='block_1_14' title="bbox 192 3458 1155 3501">
    <p class='ocr_par' dir='ltr' id='par_1_22' title="bbox 192 3458 1155 3501">
     <span class='ocr_line' id='line_1_107' title="bbox 192 3458 1155 3501; baseline 0.002 -11"><span class='ocrx_word' id='word_1_857' title='bbox 192 3464 229 3500; x_wconf 80' lang='grc' dir='ltr'>τῇ</span> <span class='ocrx_word' id='word_1_858' title='bbox 246 3460 336 3501; x_wconf 76' lang='grc' dir='ltr'>χώρᾳ</span> <span class='ocrx_word' id='word_1_859' title='bbox 348 3466 401 3500; x_wconf 83' lang='grc' dir='ltr'>τῆς</span> <span class='ocrx_word' id='word_1_860' title='bbox 417 3460 574 3501; x_wconf 76' lang='grc' dir='ltr'>Αἰγύπτου</span> <span class='ocrx_word' id='word_1_861' title='bbox 590 3458 843 3500; x_wconf 80' lang='grc' dir='ltr'>τιμωρησάμενος</span> <span class='ocrx_word' id='word_1_862' title='bbox 863 3458 966 3491; x_wconf 84' lang='lat' dir='ltr'><strong>Malal.</strong></span> <span class='ocrx_word' id='word_1_863' title='bbox 982 3469 1014 3500; x_wconf 85' lang='lat' dir='ltr'>p.</span> <span class='ocrx_word' id='word_1_864' title='bbox 1033 3465 1088 3496; x_wconf 88' lang='lat'>25,</span> <span class='ocrx_word' id='word_1_865' title='bbox 1108 3463 1155 3492; x_wconf 84' lang='grc'>11.</span> 
     </span>
    </p>
   </div>
  </div>
 </body>
</html>
