2372 3704
483 324 812 368 ΦΙΛΙΣΤΟΡΕΣ.

634 428 667 454 1.

177 486 308 535 steph.
327 487 414 536 ByZ.
433 501 442 524 :
461 489 687 540 Βραχμᾶνες,
702 490 845 530 Ἰνδικὸν
860 491 952 538 ἔθνος
963 494 1174 548 σοφώτατον,

123 541 180 586 οὓς
206 544 266 582 καὶ
287 546 460 598 Βράχμας
477 549 654 588 καλοῦσιν.
672 549 848 603 Ἱεροκλῆς
864 552 892 590 δ’
918 554 953 590 ἐν
977 559 1047 597 τοῖς
1066 554 1176 592 Φιλί-

122 602 243 653 στορσί
260 618 365 656 φησι·
382 623 397 639 α
417 605 518 644 Μετὰ
538 611 649 646 ταῦτα
668 611 819 657 σπουδῆς
839 610 931 655 ἄξιον
953 611 1117 663 ἐνομίσθη
1135 612 1174 651 τὸ

121 662 345 713 Βραχμάνων
376 664 457 702 ἰδεῖν
479 667 598 717 φῦλον,
630 668 763 719 ἀνδρῶν
786 670 980 722 φιλοσόφων
1000 670 1059 708 καὶ
1087 674 1174 715 θεοῖς

120 719 248 770 φίλων,
268 720 358 772 ἡλίῳ
378 722 412 760 δὲ
435 722 588 773 μάλιστα
605 727 903 778 καθωσιωμένων·
925 728 1118 781 ἀπέχονται
1137 728 1173 767 δὲ

120 778 359 831 σαρκοφαγίας
375 780 491 828 πάσης
503 812 514 833 ,
532 782 592 821 καὶ
612 784 785 838 ὓπαίθριοι
804 785 862 823 τὸν
883 786 936 824 ἀεὶ
955 786 1079 840 χρόνον
1100 790 1172 839 βιο·

119 836 255 875 τεύουσι
275 837 335 875 καὶ
364 839 530 886 ἀλήθειαν
549 844 696 892 τιμῶσι,
719 846 875 896 χρῶνται
892 844 928 882 δὲ
957 847 1075 892 ἐσθῆτι
1094 848 1172 898 λινῇ

119 897 162 948 τῇ
184 897 223 933 ἐκ
242 899 396 949 πετρῶν·
415 898 521 937 λίθων
539 899 607 952 γὰρ
627 901 820 954 μηρύματα
849 902 996 952 μαλακὰ
1015 905 1076 942 καὶ
1095 905 1174 958 δερ-

119 955 265 1003 ματώδη
281 957 543 1010 συνυφαίνουσιν
561 961 847 1014 (συνεκφέρουσιν
865 965 950 1001 cod.
969 964 1087 1003 Rhed.
1101 966 1125 1014 ),
1138 963 1172 1010 ἐξ

117 1006 164 1050 {iv
183 1014 374 1064 ὑφάσματα
391 1015 547 1067 γίγνεται
567 1017 657 1067 μήτε
669 1019 753 1072 πυρὶ
769 1019 939 1070 καιόμενα
960 1020 1050 1070 μήτε
1071 1021 1171 1060 ὕδατι

115 1071 368 1124 καθαιρόμενα,
384 1076 462 1112 ἀλλ’
479 1075 616 1114 ἐπειδὰν
634 1075 742 1130 ῥύπου
753 1078 813 1116 καὶ
827 1080 967 1126 κηλῖδος
984 1081 1169 1133 ἐμπλησθῇ

115 1130 320 1182 χρωμένων,
347 1132 567 1183 ἐμὸληθέντα
597 1136 644 1178 εἷς
663 1135 776 1188 φλόγα
805 1137 913 1175 λευκὰ
933 1137 994 1176 καὶ
1018 1139 1169 1192 διαφανῆ

114 1189 283 1240 γίγνεται.

619 1271 656 1296 2.

165 1328 314 1366 Tzetzes
330 1331 428 1369 Hist.
451 1333 540 1379 VII,
567 1333 640 1379 716
664 1347 673 1370 ε

193 1415 343 1456 Ἱεροκλῆς
357 1418 508 1454 ὡσαύτως
520 1429 554 1450 τε
568 1419 768 1461 Φιλίστορσιν
782 1420 812 1452 ἐν
822 1421 936 1462 λόγοις,

196 1476 212 1489 «
229 1463 315 1501 Ἑξῆς
329 1464 361 1495 δὲ
370 1478 389 1504 ,·
397 1465 510 1506 λέγων,
528 1466 648 1507 εἴδομεν
662 1468 768 1508 χώραν
782 1468 1021 1509 αὐχμηροτάτην

192 1509 272 1550 ἡλίῳ
285 1511 473 1551 φλεγομένην
488 1523 522 1544 τε
538 1514 592 1544 καὶ
608 1515 676 1555 περὶ
693 1514 807 1552 ταύτην
822 1515 934 1556 ἄνδρας

193 1559 327 1597 γυμνοὺς
343 1560 395 1589 καὶ
414 1559 573 1596 ἀνεστίους
590 1561 622 1592 δὲ
639 1562 712 1602 πρὸς
727 1562 844 1602 χώραις
857 1566 910 1601 τῆς
924 1563 1039 1604 ἐρήμου
1049 1587 1058 1603 ,

195 1605 240 1635 ὦν
253 1606 282 1635 οἱ
302 1605 357 1644 μὲν
374 1605 557 1642 ἐπεσκίαζον
570 1606 605 1637 τὸ
619 1607 787 1647 πρόσωπον
802 1608 905 1644 ὠτίοις
915 1633 924 1648 ,

191 1651 262 1686 τοὺς
275 1651 371 1688 πόδας
389 1652 415 1682 δ’
429 1652 641 1687 ἀνατείναντας
655 1655 690 1686 τὸ
706 1655 832 1695 σύμπαν
845 1655 919 1686 ἄλλο
934 1659 1040 1696 σῶμα.

195 1698 324 1729 Τούτων
337 1699 390 1730 καὶ
409 1699 554 1741 Στράὸων
566 1701 735 1741 μέμνηται,
749 1701 803 1732 καί
817 1713 851 1739 γε
864 1706 925 1734 τῶν
940 1703 1114 1744 ἀκεφάλων,

190 1746 243 1776 καὶ
254 1749 317 1777 τῶν
333 1747 555 1787 δεκακεφάλων
568 1759 602 1779 τε
615 1749 668 1780 καὶ
680 1750 977 1790 τετραχειροπόδων,

190 1792 307 1834 οὕσπερ
320 1793 382 1834 ἐγὼ
395 1794 454 1825 οὐκ
470 1794 586 1826 ὄπωπα
595 1818 604 1835 ,
619 1797 710 1835 φησὶν
723 1796 903 1837 Ἱεροκλέης.
919 1811 934 1826 »

617 1864 653 1903 3.

161 1931 342 1980 Stephan.
373 1934 461 1981 Byz.
491 1947 530 1973 v.
561 1933 742 1985 Ταρκυνία
777 1947 786 1973 :
824 1936 1040 1987 Ταρκυναῖοι
1071 1934 1163 1979 ἔθνος

107 1988 364 2041 Ὑπερὸορέων,
383 1993 469 2043 παρ’
487 1985 535 2035 οἶς
549 1994 580 2030 οἳ
594 1996 721 2044 γρῦπες
740 1993 798 2031 τὸν
815 1994 945 2046 χρυσὸν
962 1995 1160 2047 φυλάσσου-

108 2063 176 2096 σιν,
196 2050 241 2092 ὡς
258 2047 433 2101 Ἱεροκλῆς
447 2051 480 2088 ἐν
497 2051 566 2094 τοῖς
583 2051 807 2105 Φιλίστορσι.

590 2128 672 2179 (4)-

709 216 1046 268 HIPPAGORAE,
1077 222 1280 264 HIPPASI
1316 226 1710 282 LACEDAEMONH,

1292 313 1489 369 Ἱεροκλῆς]
1504 336 1518 352 α
1530 321 1570 356 in
1584 308 1926 374 (Dato-topogputo.
1945 341 1960 357 »
1978 327 2190 367 Boeclfhius.
2207 328 2286 378 Ego

1237 386 1372 411 vereor
1390 390 1437 413 ne
1453 391 1593 415 nomen
1613 383 1780 418 auctoris
1795 395 1908 419 corru
1939 391 2019 420 tum
2034 387 2093 422 sit.
2113 387 2169 423 De
2181 399 2223 423 re
2239 387 2288 423 cf.

1237 434 1388 472 Miiller.
1409 437 1506 476 Min.
1521 451 1563 488 p.
1585 438 1674 478 328.

1652 548 1867 564 49000--

1521 598 1999 688 HIPPAGORAS.

1435 739 1800 782 ΚΑΡΧΗΔΟΝΙΩΝ
1829 744 2088 785 ΠΟΛΙΤΕΙΑ.

1561 822 1590 858 Ε
1618 824 1768 860 LIBRO
1796 825 1965 863 PRIMO.

1287 906 1487 942 Athenaeus
1503 908 1608 954 XIV,
1626 922 1667 958 p.
1685 909 1761 947 630
1775 938 1786 956 ,
1805 914 1838 948 A
1854 923 1864 950 ε
1879 910 1951 950 Καὶ
1968 911 2125 958 τελεσιὰς
2144 914 2175 952 δ’
2192 916 2286 955 ἐστὶν

1233 962 1377 1015 ὄρχησις
1397 965 1595 1015 καλουμένη
1609 982 1618 990 ·
1639 969 1870 1020 στρατιωτικὴ
1897 969 1928 1008 δ’
1956 971 2049 1010 ἐστὶν
2070 972 2158 1021 αὕτη
2173 1003 2184 1025 ,
2214 977 2284 1016 ἀπό

1232 1037 1321 1065 τινος
1340 1023 1460 1075 ἀνδρὸς
1474 1025 1642 1064 Τελεσίου
1659 1026 1818 1066 λαὸοῦσα
1834 1027 2006 1080 τοῦνομα,
2024 1031 2100 1081 μεθ’
2114 1030 2231 1072 ὅπλων
2244 1036 2286 1074 τὸ

1232 1083 1369 1133 πρῶτον
1390 1083 1499 1130 αὐτὴν
1516 1084 1646 1123 ἐκείνου
1676 1086 1941 1138 ὀρχησαμένου,
1967 1088 2014 1132 ὥς
2031 1104 2136 1143 φησιν
2152 1090 2286 1131 Ἱππα-

1231 1141 1336 1191 γόρας
1355 1142 1389 1179 ἐν
1410 1144 1459 1195 τῷ
1475 1143 1605 1196 πρώτῳ
1626 1143 1716 1197 Περὶ
1737 1147 1798 1192 τῆς
1819 1147 2072 1199 Καρχηδονίων
2091 1151 2282 1196 πολιτείας.

1231 1201 1494 1250 Hippagoram
1517 1203 1745 1241 Leontinum
1765 1207 1955 1254 quendam
1971 1217 2158 1247 memorat
2183 1211 2285 1247 Pau-

1229 1261 1365 1299 sanias.
1385 1261 1562 1299 Fortasse
1580 1265 1717 1300 Noster
1729 1277 1884 1314 quoque
1903 1267 2049 1304 Siculus
2061 1269 2179 1308 homo
2195 1269 2282 1318 fuit,

1230 1318 1347 1354 modo
1368 1327 1471 1356 recte
1492 1333 1530 1357 se
1546 1322 1709 1358 habeant
1724 1324 1790 1359 illa
1809 1335 1818 1361 z
1845 1322 1925 1374 περὶ
1946 1325 2007 1370 τῆς
2027 1325 2281 1378 Καρχηδονίων

1230 1376 1313 1414 πολ.
1330 1379 1481 1415 Scilicet
1495 1392 1614 1427 quum
1631 1382 1790 1418 Telesias
1804 1383 1952 1419 saltatio
1965 1385 2013 1421 sit
2031 1386 2282 1423 Macedonica

1229 1442 1272 1470 ut
1284 1436 1323 1470 in
1337 1444 1459 1473 antec.
1477 1437 1528 1486 (p.
1549 1439 1640 1488 629,
1654 1439 1700 1488 D)
1715 1441 1914 1478 Athenaeus
1931 1455 1977 1478 ex
1988 1444 2137 1492 Marsya
2151 1445 2280 1492 refert,

1228 1495 1356 1531 nescio
1373 1508 1421 1532 an
1433 1504 1565 1533 nostro
1579 1498 1666 1534 loco
1679 1498 1697 1533 f
1698 1500 1796 1535 uerit
1811 1512 1820 1535 z
1837 1514 1875 1538 π.
1891 1514 1922 1537 τ.
1937 1500 2150 1540 Μακεδόνων
2167 1502 2250 1542 πολ.

1258 1699 1604 1761 HIPPASUS
1642 1701 2250 1765 LACEDAEMONIUS.

1278 1810 1466 1858 Diogenes
1488 1812 1533 1847 L.
1565 1812 1657 1847 VIII
1669 1839 1678 1856 ,
1713 1811 1762 1855 84
1792 1825 1800 1849 ε
1835 1811 2005 1863 Γεγόνασι
2034 1814 2070 1852 δὲ
2104 1814 2276 1856 Ἵππασοι

1226 1865 1302 1903 δύο·
1320 1860 1416 1909 οῧτός
1433 1883 1470 1905 τε
1489 1868 1792 1918 (Metapontinus
1812 1872 2094 1924 Pythagoreus)
2116 1874 2176 1912 καὶ
2201 1874 2276 1913 ἕτε-

1226 1939 1280 1976 ρος
1296 1924 1476 1978 γεγραφὼς
1493 1928 1526 1964 ἐν
1546 1925 1572 1964 ε’
1592 1927 1737 1979 βιὸλίοις
1757 1928 1936 1968 Λακώνων
1955 1931 2131 1970 πολιτείαν
2147 1948 2155 1957 ·
2175 1927 2217 1981 ἦν
2238 1933 2275 1972 δὲ

1223 1982 1283 2020 καὶ
1300 1982 1401 2028 αὐτὸς
1420 1983 1562 2024 Λάκων.

1475 2072 1727 2111 ΛΑΚΩΝΩΝ
1758 2075 2020 2113 ΠΟΛΙΤΕΙΑ.

1274 2146 1475 2185 Athenaeus
1498 2147 1534 2192 Ι,
1551 2161 1591 2196 p.
1624 2153 1668 2191 14
1684 2177 1694 2196 ,
1713 2148 1747 2184 D
1766 2161 1775 2187 :
1797 2146 1974 2192 Ἵππασος
1994 2149 2029 2188 δὲ
2047 2152 2274 2201 Λακεδαιμο-

159 2197 287 2234 Schol.
310 2198 463 2237 Pindar.
480 2200 590 2248 Pyth.
610 2202 672 2246 IV,
697 2213 738 2237 11
760 2213 769 2237 z
789 2198 965 2253 Ἱεροκλῆς
982 2199 1067 2252 φησὶ
1083 2199 1161 2244 τοὺς
1222 2201 1304 2246 νίοις
1323 2202 1455 2250 ταύτην
1475 2219 1512 2241 τε
1534 2206 1608 2255 (sc.
1637 2204 1700 2251 τὴν
1725 2205 1903 2257 ὀρχήσεως
1928 2206 1984 2245 διὰ
2013 2208 2160 2261 σφαίρας
2179 2209 2274 2262 εὕρε-

105 2254 144 2290 ἐκ
158 2254 417 2304 Λακεδαίμονος
438 2256 687 2302 ἀποικίσαντας
701 2258 894 2298 Ἀπόλλωνι
914 2259 1022 2306 αὐτὴν
1043 2262 1159 2310 (The-

104 2327 185 2349 ram
199 2316 378 2365 insulam)
399 2317 598 2367 ἀνιερῶσαι.

1221 2277 1274 2298 σιν
1285 2260 1294 2312 )
1307 2261 1366 2299 καὶ
1379 2261 1424 2300 τὰ
1437 2263 1614 2314 γυμνάσια
1628 2263 1776 2317 πρώτοις
1790 2265 1801 2317 (
1815 2265 1995 2313 ἀνατίθησι
2008 2266 2035 2319 ).
2053 2270 2108 2307 Cf.
2123 2271 2272 2310 Miiller.

1219 2323 1308 2359 Dor.
1332 2323 1390 2368 ΙΙ,
1409 2336 1448 2371 p.
1469 2323 1560 2373 339.

122 2386 2268 2410 ———————————-———-——-

445 2462 511 2500 ΡΗ
517 2462 791 2503 ILISTORES.

617 2546 650 2578 1.

144 2605 375 2646 BrachmaneS,
393 2607 502 2639 Indica
514 2617 590 2648 gens
605 2609 854 2649 sapientissima,
872 2618 952 2650 quos
967 2609 1064 2642 etiam
1083 2612 1158 2642 Bra·

102 2658 215 2689 chmas
230 2659 355 2689 vocant.
382 2659 543 2691 Hierocles
560 2660 592 2692 in
611 2661 833 2693 Philistoribus
848 2661 926 2693 dicit
941 2674 949 2693 :
964 2675 979 2689 «
996 2665 1068 2694 Post
1088 2663 1158 2694 hoec

102 2719 210 2750 operae
239 2710 377 2750 pretium
407 2711 511 2743 visum
537 2715 585 2744 est
614 2713 852 2745 Brachmanum
879 2713 983 2745 visere
1017 2714 1138 2745 tribum
1149 2739 1158 2754 ,

103 2763 247 2793 virorum
261 2762 522 2802 philosophorum
536 2764 658 2805 diisque
675 2774 823 2797 carorum
834 2790 843 2805 ,
855 2765 913 2797 soli
928 2774 1003 2797 vero
1020 2766 1160 2797 maxime

102 2813 336 2845 dedicatorum.
355 2814 392 2845 Hi
406 2815 446 2846 ab
462 2824 516 2847 esu
531 2817 675 2848 carnium
693 2826 823 2858 prorsus
835 2817 1015 2855 abstinent,
1029 2818 1088 2849 sub
1103 2818 1156 2849 dio

101 2867 206 2898 totam
221 2867 349 2898 aetatem
366 2867 503 2909 degunt,
519 2870 552 2900 et
577 2870 743 2902 veritatem
763 2870 886 2902 colunt.
907 2871 1051 2902 Utuntur
1072 2871 1159 2902 veste

104 2918 187 2950 linea
210 2927 251 2950 ex
276 2918 373 2958 petris
396 2919 478 2951 sacta
506 2933 513 2951 ι
537 2921 679 2961 lapidum
709 2922 792 2953 enim
820 2921 984 2954 filamenta
1008 2921 1156 2962 quaedam

103 2969 214 3001 mollia
230 2970 262 3001 et
281 2971 417 3001 cutanea
442 2972 637 3011 contexunt,
655 2982 695 3004 ex
718 2973 835 3013 qulbus
858 2973 1049 3004 vestimenta
1072 2973 1155 3005 fiunt

102 3031 207 3062 neque
226 3021 297 3061 igne
316 3021 532 3054 comburenda
548 3033 652 3064 neque
676 3033 759 3064 aqua
774 3024 959 3065 purganda3
976 3024 1030 3056 sed
1055 3033 1155 3064 quum

102 3073 212 3105 sordes
224 3074 256 3104 et
269 3073 428 3104 maculam
441 3076 670 3114 contraxerint,
684 3076 716 3107 in
728 3076 889 3108 flammam
903 3076 1061 3116 conjecta,
1075 3085 1157 3117 pura

102 3127 136 3158 et
148 3125 312 3166 splendida
325 3125 476 3158 evadunt.
489 3139 504 3154 η
696 3121 702 3127 ’

614 3181 649 3214 2.

145 3236 307 3268 Hierocles
327 3235 360 3267 in
375 3235 596 3268 Philistoribus
614 3249 622 3268 ε
640 3250 654 3265 «
669 3238 811 3278 Deinde,
826 3238 915 3279 dicit,
930 3239 1069 3271 vidimus
1086 3240 1154 3271 ter·

104 3297 171 3320 ram
185 3288 308 3320 aridam
327 3297 517 3328 magnopere
527 3313 535 3328 ,
549 3290 679 3330 soleque
696 3292 843 3322 exustam
854 3316 862 3331 ,
877 3294 909 3323 et
925 3292 963 3323 ad
983 3301 1053 3324 eam
1067 3293 1155 3324 viros

103 3339 207 3372 nudos
217 3339 288 3372 fixis
294 3339 421 3372 sedibus
431 3341 587 3380 carentes,
597 3350 738 3381 quorum
749 3343 894 3374 nonnulli
903 3343 1034 3375 auribus
1042 3344 1154 3376 faciem

102 3391 358 3431 obumbrabant,
375 3393 408 3423 et
423 3391 455 3423 in
465 3392 566 3424 altum
585 3393 739 3432 porrectis
760 3394 894 3433 pedibus
910 3395 1069 3435 reliquum
1085 3405 1155 3427 cor-

103 3454 162 3485 pus
178 3445 375 3477 universum.
387 3446 510 3477 Horum
518 3446 632 3479 Strabo
645 3454 776 3486 quoque
789 3447 952 3488 meminit,
966 3447 1048 3480 sicut
1058 3449 1154 3480 etiam

1219 2428 1362 2460 virorum
1376 2430 1478 2470 capite
1493 2430 1671 2462 carentium
1687 2431 1718 2462 et
1732 2429 1842 2463 decem
1856 2430 2014 2472 capitibus
2026 2431 2270 2473 instructorum,

1218 2480 1250 2511 et
1267 2483 1421 2520 quattuor
1444 2481 1595 2514 manibus
1613 2481 1815 2523 pedibusque
1838 2483 2069 2524 praeditorum,
2092 2493 2175 2524 quos
2190 2493 2269 2526 ego,

1219 2532 1380 2564 Hierocles
1393 2533 1456 2574 ait,
1471 2542 1535 2565 non
1553 2534 1629 2566 vidi.
1647 2546 1663 2562 »
2281 2549 2284 2552 ⁴

1730 2594 1764 2626 3.

1261 2652 1425 2692 Tarcynaei
1437 2677 1446 2692 ,
1464 2661 1540 2693 gens
1565 2652 1865 2693 Hyperboreorum,
1884 2652 1966 2693 apud
1980 2661 2061 2693 quos
2081 2652 2193 2694 gryphi
2214 2662 2268 2686 au·

1218 2711 1290 2734 rum
1308 2704 1512 2743 custodiunt,
1525 2705 1561 2736 ut
1574 2704 1736 2737 Hierocles
1753 2704 1798 2736 ait
1813 2704 1847 2736 in
1861 2704 2096 2736 Plxilistoribus.

1721 2771 1758 2804 4.

1258 2833 1422 2864 Hierocles
1434 2833 1480 2865 ait
1495 2833 1632 2865 Tlieram
1646 2833 1781 2865 insulam
1797 2833 1838 2865 ab
1860 2833 1897 2865 iis
1912 2833 1967 2874 qui
1981 2842 2020 2865 ex
2036 2831 2267 2866 Lacedaemone

1216 2884 1327 2916 incolis
1346 2893 1417 2916 eam
1431 2885 1695 2925 frequentarunt,
1713 2884 1852 2925 Apollini
1867 2886 2084 2916 consecratam
2101 2893 2182 2917 esse.

1308 2967 1824 3008 CARTHAGINIENSIUM
1846 2967 2174 3006 RESPUBLICA.

1257 3058 1314 3089 Est
1338 3057 1435 3089 etiam
1460 3057 1598 3089 telesias
1615 3065 1689 3098 quae
1710 3057 1845 3088 vocatur
1864 3055 2008 3096 saltati03
2022 3064 2096 3096 quae
2120 3055 2264 3088 militaris

1215 3110 1280 3148 est,
1302 3117 1483 3149 nomenque
1498 3109 1621 3140 invenit
1640 3117 1659 3140 a
1673 3108 1741 3140 viro
1756 3107 1898 3148 quodam
1914 3107 2052 3146 Telesia,
2070 3107 2125 3148 qui
2141 3107 2263 3148 primus

1214 3161 1303 3193 illam
1321 3162 1353 3193 in
1375 3162 1471 3193 armis
1487 3162 1636 3201 saltavit,
1657 3162 1694 3193 ut
1716 3161 1912 3202 Hippagoras
1929 3160 1974 3192 ait
1988 3161 2092 3201 primo
2111 3160 2192 3193 libro
2213 3163 2262 3194 De

1214 3213 1522 3254 carthaginiensium
1537 3213 1710 3254 republica.

1309 3300 1818 3341 LACAEDEMONIORUM
1834 3300 2162 3341 RESPUBLICA.

1244 3383 1412 3436 ‘Hippasus
1427 3393 1687 3427 Lacedaemonius
1701 3393 1836 3434 pilarem
1854 3394 2055 3425 saltationem
2074 3394 2106 3425 et
2121 3401 2254 3433 gymna-

1213 3447 1332 3480 siorum
1349 3447 1531 3480 institutum
1550 3446 1864 3480 Lacedaemoniorum
1880 3446 2010 3478 inventa
2024 3455 2091 3479 esse
2106 3445 2193 3478 dicit.
