2372 3704
146 234 219 266 314

141 308 262 361 πρώτῃ
283 309 503 362 συγγένηται.
520 311 564 352 Ὁ
582 311 618 351 δὲ
636 312 732 364 μάλα
750 313 903 366 γεγηθὼς
922 314 1085 366 ἠπείγετο
1100 315 1185 370 πρὸς

140 368 204 415 τὴν
221 369 392 419 γυναῖκα,
420 370 622 421 πειθόμενος
641 372 733 411 κατὰ
762 377 839 412 νοῦν
872 373 914 412 ἂν
943 377 1038 427 αὐτῷ
1065 374 1183 428 χωρή-

141 442 212 466 σειν
229 427 268 466 τὸ
283 434 458 479 μαντεῖον.
480 429 582 469 Ἐπεὶ
602 430 638 469 δὲ
655 431 770 470 πλέων
788 433 929 486 ἀφίκετο
946 437 979 478 ἐς
999 434 1182 472 Βύὸαστον

140 487 224 538 πρὸς
241 487 426 542 Στάφυλον
440 488 498 527 τὸν
512 489 678 528 Διονύσου
690 521 701 541 ,
719 491 816 541 μάλα
830 492 1042 546 φιλοφρόνως
1059 494 1184 536 ἐκεῖνος

141 546 244 584 αὐτὸν
264 547 518 600 ὑποδεχόμενος
543 550 588 592 εἷς
605 548 713 588 πολὺν
730 543 820 589 οἶνον
836 552 1077 605 προετρέψατο
1090 582 1100 602 ,
1124 551 1184 590 καὶ

140 604 260 652 ἐπειδὴ
277 607 389 658 πολλῇ
405 606 493 659 μέθῃ
509 613 671 659 παρεῖτο,
688 609 952 660 συγκατέκλινεν
968 612 1064 663 αὐτῷ
1082 610 1185 661 Ἡμι-

140 662 220 701 θέαν
237 663 299 711 τὴν
317 666 501 718 θυγατέρα.
523 668 647 706 Ταῦτα
661 667 697 705 δὲ
712 668 819 706 ἐποίει
836 669 1124 721 προπεπυσμένος
1146 670 1184 708 τὸ

139 725 200 760 τοῦ
219 724 435 776 χρηστηρίου
451 724 510 762 καὶ
527 725 735 777 βουλόμενος
751 728 788 765 ἐκ
805 726 933 775 ταύτης
947 729 1041 781 αὐτῷ
1057 729 1185 772 παῖδας

139 781 312 831 γενέσθαι.
330 782 382 821 Δι’
398 781 506 835 ἔριδος
523 784 639 834 μέντοι
655 784 809 836 ἐγένοντο
826 785 932 825 Ῥοιώ
949 802 986 824 τε
1000 786 1059 824 καὶ
1076 786 1183 838 Ἣμι·

139 839 201 877 θέα
222 843 258 878 αἱ
277 845 336 879 τοῦ
354 841 558 894 Σταφύλου,
578 842 627 886 τίς
645 844 758 881 αὐτῶν
778 845 918 896 μιχθείη
939 847 988 896 τῷ
1004 844 1105 896 ξένῳ·
1123 861 1183 883 το-

139 902 259 943 σοῦτος
284 900 482 953 ἀμφοτέρας
501 901 651 954 κατέσχε
671 902 789 946 πόθος.
812 902 948 956 Λύρκος
967 904 1003 942 δὲ
1029 904 1186 955 ἐπιγνοὺς

139 961 182 1010 τῇ
212 960 378 1012 ὑστεραία
406 954 461 997 oia
483 961 680 1012 ἐδεδράκει,
713 961 774 999 καὶ
803 961 867 1009 τὴν
895 963 1066 1011 ἹΙμιθέαν
1096 966 1183 1017 ὁρῶν

139 1018 526 1069 συγκατακεκλιμένην,
541 1020 720 1073 ἐδυσφόρει
739 1035 776 1059 τε
797 1021 856 1058 καὶ
875 1021 989 1059 πολλὰ
1005 1025 1184 1074 κατεμέμ-

139 1090 222 1127 φετο
247 1075 306 1114 τὸν
340 1077 523 1129 Στάφυλον
555 1078 602 1122 ὡς
630 1079 818 1117 ἀπατεῶνα
848 1079 1028 1130 γενόμενον
1059 1083 1183 1120 αὐτοῦ·

138 1133 280 1187 ὕστερον
309 1134 344 1173 δὲ
373 1134 480 1186 μηδὲν
511 1135 602 1188 ἔχων
622 1137 642 1174 ὅ
662 1153 695 1175 τι
714 1141 819 1190 ποιῇ,
847 1138 1090 1191 περιελόμενος
1121 1140 1184 1188 τὴν

139 1192 250 1239 ζώνην
276 1193 394 1231 δίδωσι
417 1197 460 1247 τῇ
486 1193 593 1247 κόρῃ,
624 1195 774 1235 κελεύων
802 1196 978 1243 ἡὸήσαντι
1007 1200 1056 1250 τῷ
1085 1199 1180 1237 παιδῖ

139 1252 342 1304 φυλάττειν,
371 1252 464 1296 ὅπως
494 1253 559 1306 ἔχῃ
588 1254 792 1307 γνώρισμα,
824 1255 922 1294 ὁπότ’
952 1256 992 1294 ἂν
1027 1257 1185 1310 ἀφίκοιτο

138 1310 223 1363 πρὸς
253 1311 312 1349 τὸν
341 1311 478 1364 πατέρα
499 1315 603 1351 αὑτοῦ
629 1315 675 1357 εἷς
697 1316 856 1365 Καῦνον,
879 1314 939 1352 καὶ
965 1314 1183 1359 ἐξέπλευσεν.

138 1369 307 1413 Αἷὸιαλὸς
329 1370 364 1408 δὲ
381 1373 426 1415 ὡς
453 1371 578 1424 ᾔσθετο
603 1372 646 1410 τά
665 1388 701 1410 τε
723 1373 814 1411 κατὰ
834 1373 872 1411 τὸ
893 1374 1106 1426 χρηστήριον
1124 1375 1184 1414 καὶ

137 1428 199 1475 τὴν
220 1428 410 1480 ἹΙμιθέαν,
438 1431 566 1478 ἤλαυνε
584 1435 644 1478 τ’ἧς
670 1435 734 1484 γῆς
755 1432 870 1473 αὐτόν.
892 1433 1005 1472 Ἔνθα
1023 1434 1064 1481 δὴ
1084 1434 1183 1486 μάχη

139 1487 286 1540 συνεχὴς
312 1483 353 1536 ἦν
379 1494 450 1533 τοῖς
470 1506 507 1528 τε
530 1491 587 1528 τὸν
607 1490 745 1542 Λύρκον
772 1490 1010 1543 προσιεμένοις
1034 1492 1093 1530 καὶ
1116 1499 1184 1537 τοῖς

138 1547 183 1584 τὰ
214 1548 386 1586 Αἷὸιαλοῧ
407 1553 591 1601 φρονοῦσι·
617 1549 772 1599 μάλιστα
802 1549 837 1587 δὲ
867 1550 1028 1602 συνεργὸς
1055 1550 1185 1602 ἐγίνετο

137 1606 301 1653 Εἱλεόίη·
320 1609 356 1645 οὗ
377 1606 442 1660 γὰρ
465 1609 610 1645 ἀπεῖπεν
633 1608 690 1646 τὸν
712 1606 861 1660 Λύρκον.
886 1607 988 1647 Μετὰ
1017 1609 1051 1647 δὲ
1073 1614 1183 1648 ταῦτα

140 1665 322 1717 ἀνδρωθεὶς
345 1668 362 1703 ὁ
381 1665 414 1710 ἐξ
444 1666 614 1717 Ἡμιθέας
643 1666 702 1705 καὶ
730 1667 870 1719 Λύρκου
897 1668 1069 1719 (Βασίλος
1089 1671 1183 1722 αὐτῷ

138 1724 268 1775 ὄνομα)
299 1719 400 1771 ἦλθεν
428 1726 475 1767 εἷς
502 1725 563 1772 τὴν
596 1725 770 1773 Καυνίαν,
798 1726 857 1764 καὶ
882 1727 984 1765 αὐτὸν
1013 1728 1185 1781 γνωρίσας

138 1786 157 1821 ὃ
175 1783 311 1834 Λύρκος
325 1783 394 1830 ἤδη
412 1783 555 1836 γηραιὸς
575 1782 624 1822 ὢν
642 1784 799 1835 ἡγεμόνα
817 1784 1001 1832 καθίστησι
1015 1788 1084 1824 τῶν
1102 1802 1184 1840 σφε·

138 1841 246 1894 τέρων
265 1844 372 1880 λαῶν.

191 1903 298 1938 Idem
324 1903 419 1938 ibid.
443 1915 477 1938 c.
510 1916 570 1938 11.
603 1903 698 1940 Vide
728 1905 943 1941 Aristocriti
974 1903 1109 1954 fragm.
1141 1920 1178 1942 2.

191 1959 385 2011 [Λέσὸου
405 1959 567 2011 κτίσις]
583 1963 806 1998 Parthenius
820 1964 926 1999 Erot.
945 1976 980 1999 c.
999 1976 1044 1999 21
1068 1977 1077 1999 :
1094 1964 1184 2015 Περὶ

139 2018 358 2064 Πεισιδίκης.
389 2017 542 2069 Λέγεται
562 2018 597 2056 δὲ
627 2018 686 2056 καὶ
713 2019 770 2057 ὅτε
787 2018 964 2071 Ἀχιλλεὺς
981 2019 1097 2058 πλέων
1123 2021 1184 2065 τὰς

137 2078 319 2130 προσεχεῖς
338 2079 380 2129 τῇ
397 2077 532 2130 ἠπείρῳ
549 2077 673 2124 νήσους
690 2078 845 2130 ἐπόρθει,
868 2081 1060 2131 προσσχεῖν
1081 2080 1184 2119 αὐτὸν

143 2136 284 2189 Λέσὸῳ·
325 2136 404 2174 ἔνθα
439 2135 480 2183 δὴ
518 2136 594 2174 καθ’
625 2136 775 2183 ἑκάστην
807 2139 876 2175 τῶν
912 2136 1047 2174 πόλεων
1079 2138 1183 2177 αὐτὸν

140 2194 280 2233 ἐπιόντα
293 2192 478 2246 κεραίζειν.
500 2193 566 2238 *Ως
584 2193 619 2232 δὲ
637 2196 668 2232 οἳ
684 2194 881 2244 Μήθυμναν
900 2196 1070 2239 οἰκοῦντες
1089 2195 1183 2245 μάλα

139 2255 315 2306 κρατερῶς
334 2254 511 2304 ἀντεῖχον,
531 2252 590 2290 καὶ
611 2255 645 2291 ἐν
670 2253 784 2303 πολλῇ
805 2252 989 2305 ἀμηχανία
1007 2247 1047 2300 ἦν
1070 2252 1127 2291 διὰ
1145 2254 1184 2294 τὸ

140 2312 189 2363 μὴ
211 2311 376 2350 δύνασθαι
402 2313 490 2349 ἑλεῖν
521 2311 584 2359 τὴν
614 2311 737 2360 πόλιν,
761 2312 968 2359 Πεισιδίκην
997 2312 1075 2351 τινὰ
1096 2316 1182 2363 Μη-

139 2371 331 2421 θυμναίαν,
362 2374 421 2408 τοῦ
443 2370 613 2422 βασιλέως
634 2371 826 2423 θυγατέρα,
861 2371 1081 2423 θεασαμένην
1115 2371 1183 2410 ἀπὸ

138 2435 198 2469 τοῦ
218 2429 354 2481 τείχους
375 2428 433 2466 τὸν
457 2428 619 2480 Ἀχιλλέα
643 2431 830 2482 ἐρασθῆναι
851 2432 976 2480 αὐτοῦ,
996 2429 1058 2468 καὶ
1074 2429 1184 2474 οὕτως

138 2489 201 2536 τὴν
229 2487 352 2541 τροφὸν
387 2487 680 2539 διαπεμψαμένην
706 2491 949 2540 ὑπισχνεῖσθαι
977 2489 1182 2541 ἐγχειρίσειν

139 2549 235 2600 αὐτῷ
255 2546 318 2594 τὴν
343 2545 462 2593 πόλιν,
495 2545 526 2582 εἴ
555 2561 594 2597 γε
627 2546 748 2595 μέλλοι
779 2545 886 2592 αὐτὴν
910 2552 1057 2597 γυναῖκα
1083 2542 1180 2591 ἕξειν.

139 2607 185 2646 ‘O
203 2605 239 2644 δὲ
255 2605 295 2644 τὸ
309 2604 371 2655 μὲν
388 2603 591 2655 παραυτίκα
608 2603 931 2654 καθωμολογήσατο
944 2620 952 2628 ·
971 2605 1046 2642 ἐπεὶ
1064 2605 1181 2655 μέντοι

140 2664 310 2717 ἐγκρατὴς
329 2662 461 2706 πόλεως
478 2661 628 2712 ἐγένετο,
649 2662 844 2712 νεμεσήσας
862 2663 919 2700 ἐπὶ
935 2665 985 2715 τῷ
1002 2664 1181 2715 δρασθέντι

140 2723 380 2777 προῦτρέψατο
405 2720 482 2765 τοὺς
505 2720 724 2773 στρατιώτας
742 2720 960 2760 καταλεῦσαι
980 2723 1040 2767 τὴν
1058 2722 1178 2774 κόρην.

141 2784 328 2832 Μέμνηται
342 2785 400 2820 τοῦ
415 2781 545 2824 πάθους
558 2781 655 2818 τοῦδε
680 2779 740 2818 καὶ
767 2782 784 2818 ὃ
804 2780 879 2826 τὴν
905 2780 1074 2819 Λέσὸου
1092 2782 1183 2818 κτί-

141 2858 204 2880 σιν
225 2841 373 2887 ποιήσας
396 2841 667 2890 (Apollonius,
695 2841 798 2876 haud
818 2840 955 2890 dubie)
983 2840 1016 2877 ἐν
1051 2840 1183 2877 τοῖσδε·

223 2953 347 2985 Ἐνθάδε
363 2951 513 2990 Πηλείδης
527 2951 606 2983 κατὰ
620 2953 673 2994 μὲν
687 2951 779 2983 κτάνε
794 2951 962 2992 Λάμπετον
971 2952 1038 2993 ἥρω
1047 2975 1056 2990 ,

223 3001 259 3032 ἐκ
272 3001 298 3031 δ’
310 2999 469 3031 Ἱκετάονα
485 3000 595 3039 πέφνεν
606 3023 615 3038 ,
630 3000 783 3040 ἰθαγενέος
797 2999 998 3039 Λεπετύμνου

223 3048 293 3078 υἱέα
309 3047 478 3086 Μηθύμνης
491 3057 524 3077 τε
537 3047 589 3077 καὶ
605 3047 815 3083 ἀλκηέστατον
832 3046 933 3077 ἄλλων
945 3069 954 3085 ,

223 3093 490 3130 αὐτοκασίγνητον
505 3093 702 3132 Ἑλικάονος,
720 3093 818 3124 ἔνδοθι
835 3091 968 3133 πάτρης,

184 3192 347 3224 Mortuum
371 3199 438 3223 esse
466 3192 647 3231 Lycurgum
672 3191 725 3222 alii
754 3191 878 3223 Cirrhae
906 3190 1057 3229 tradunt,
1083 3189 1181 3230 Apol-

142 3243 290 3276 lothemis
305 3243 408 3280 Elide,
429 3251 499 3282 ,quo
524 3243 594 3274 tum
618 3251 652 3274 se
676 3242 880 3289 contulisset,
894 3242 1034 3274 Timaeus
1053 3242 1086 3273 et
1110 3241 1182 3273 Ari-

141 3298 293 3328 stoxenus
319 3296 350 3327 in
376 3296 471 3328 creta
499 3295 596 3326 vitam
624 3304 697 3326 cum
724 3295 828 3327 morte
853 3295 1067 3327 commutasse
1096 3302 1180 3326 asse-

143 3350 227 3380 runt.

687 227 1168 280 APOLLOTHEMIDffi,
1200 231 1539 273 ARCHEMACHI
1567 234 1743 274 EUBOEI

1328 319 1454 356 τηλίκον
1468 320 1639 361 ὑψιπύλου·
1658 321 1767 362 θαλερὴ
1783 321 1815 353 δέ
1830 333 1880 363 μιν
1900 322 1979 355 ἄασε
1992 323 2119 366 Κύπρις.

1329 367 1368 398 Ἡ
1384 368 1442 408 γὰρ
1461 366 1508 399 ἐπ’
1524 368 1657 408 Αἰακίδῃ
1672 369 1767 410 κούρη
1785 370 1892 410 φρένας
1907 370 2054 409 ἐπτοίησε

1329 413 1493 455 Πεισιδίκῃ
1503 437 1512 453 ,
1527 414 1578 445 ὅτε
1590 414 1642 446 τόν
1655 426 1691 455 γε
1705 415 1783 455 μετὰ
1796 416 2003 457 προμάχοισιν
2016 417 2144 458 Ἀχαιῶν

1329 460 1434 501 χάρμη
1451 460 1658 502 ἀγαλλόμενον
1675 462 1822 499 θηέσκετο
1832 486 1841 501 ,
1858 464 1957 495 πολλὰ
1969 462 1995 495 δ’
2012 463 2042 500 ἐς
2059 465 2152 506 ὑγρὴν

1329 506 1404 547 ἠέρα
1419 510 1522 549 χεῖρας
1539 507 1648 539 ἔτεινεν
1665 508 1826 550 ἐελδομένη
1842 510 2011 550 φιλότητος.

1249 586 1336 631 Εἶτα
1353 593 1475 646 μικρὸν
1492 594 1625 639 ὓποὸάς
1637 611 1645 619 ·

1334 699 1432 730 Δέκτο
1446 700 1500 740 μὲν
1514 700 1627 732 αὐτίκα
1639 701 1713 733 λαὸν
1726 701 1882 742 Ἀχαιϊκὸν
1898 703 1994 735 ἔνδοθι
2008 704 2125 746 πάτρης

1329 746 1496 786 παρθενικὴ
1508 770 1516 784 ,
1533 747 1658 784 κληῖδας
1672 749 1894 789 ὑποχλίσσασα
1909 750 2035 783 πυλάων
2046 777 2055 791 ,

1331 791 1402 829 ἔτλη
1417 793 1443 823 δ’
1459 793 1539 824 οἷσιν
1553 793 1672 826 ἰδέσθαι
1687 795 1718 826 ἐν
1732 795 1916 837 ὀφθαλμοῖσι
1928 802 2044 836 τοκῆας

1330 838 1440 878 χαλκῷ
1454 838 1656 880 ἐληλαμένους
1668 842 1721 872 καὶ
1737 843 1844 874 δούλια
1856 844 1956 885 δεσμὰ
1969 847 2126 885 γυναικῶν

1331 884 1503 925 ἑλκομένων
1517 885 1567 917 ἐπὶ
1580 890 1655 924 νῆας
1667 888 1862 930 ὑποσχεσίης
1876 890 2011 932 Ἀχιλῆος
2019 915 2030 931 ,

1334 931 1411 972 ὄφρα
1429 932 1498 968 νυὸς
1513 933 1649 973 γλαυκῆς
1667 934 1791 972 Θέτιδος
1810 937 1916 972 πέλοι.
1931 937 2010 978 ὄφρα
2023 941 2051 970 οἱ
2065 938 2124 970 εἷεν

1331 973 1468 1013 πενθεροὶ
1483 973 1647 1014 Αἰακίδαι,
1660 975 1741 1013 Φθίῃ
1757 977 1784 1006 δ’
1804 977 1835 1008 ἐν
1853 978 1983 1018 δώματα
2001 980 2082 1011 ναίοι

1332 1019 1438 1060 ἀνδρὸς
1452 1019 1595 1060 ἀριστῆος
1610 1022 1720 1059 πινυτὴ
1733 1021 1852 1063 δάμαρ·
1867 1023 1931 1055 οὐδ’
1947 1023 1996 1063 ὅγ’
2013 1025 2118 1066 ἔμελλε

1330 1066 1369 1096 τὰ
1382 1066 1474 1107 ῥέξειν
1483 1090 1492 1106 ,
1506 1066 1588 1107 ὀλοῷ
1602 1067 1628 1098 δ’
1640 1067 1843 1106 ἐπαγάσσατο
1859 1070 2003 1111 πατρίδος
2016 1072 2091 1114 οἶτῳ
2101 1081 2108 1088 “

1330 1110 1390 1142 ἔνθ’
1406 1112 1426 1149 ἥ
1445 1112 1474 1152 γ’
1495 1113 1656 1144 αἰνότατον
1675 1115 1775 1155 γάμον
1794 1115 1890 1149 εἴσιδε
1909 1117 2066 1154 Πηλείδαο

1333 1157 1473 1198 Ἀργείων
1486 1160 1547 1192 ὑπὸ
1559 1161 1647 1201 χερσὶ
1660 1161 1857 1203 δυσάμμορος
1867 1187 1875 1202 ,
1892 1163 1922 1194 οῗ
1936 1174 1987 1204 μιν
2000 1164 2127 1205 ἔπεφνον

1335 1205 1491 1247 πανσυδίῃ
1508 1207 1672 1247 θαμινῇσιν
1691 1208 1878 1250 ἀράσσοντες
1896 1210 2082 1242 λιθάδεσσιν.

1301 1301 1504 1338 Probabile
1518 1310 1574 1338 est
1585 1303 1729 1352 Canopi
1746 1316 1901 1352 quoque
1917 1305 2082 1353 origines
2094 1317 2291 1354 argumen-

1249 1365 1329 1394 tum
1356 1359 1468 1411 fuisse
1493 1362 1669 1397 carminis
1695 1362 1918 1398 choliamhis
1937 1363 2166 1412 conscripti,
2187 1363 2293 1412 quod

1249 1416 1397 1453 duobus
1427 1417 1522 1455 locis
1548 1420 1679 1456 laudat
1705 1421 1836 1469 Steph.
1870 1420 1961 1469 Byz.
1997 1433 2036 1456 v.
2072 1419 2237 1472 Κόρινθος
2256 1429 2293 1458 et

1247 1473 1363 1526 χώρα.

1300 1535 1498 1583 Apollonii
1523 1538 1651 1572 nescio
1682 1537 1788 1584 cujus
1821 1535 2159 1587 Ὑπομνήματα,
2185 1539 2290 1575 haud

1247 1592 1368 1640 liquet
1410 1593 1606 1640 cujusnam
1640 1597 1805 1643 generis,
1846 1596 2049 1632 laudantur
2085 1597 2126 1633 in
2167 1598 2286 1632 schol.

1245 1651 1375 1700 Apoll.
1401 1653 1529 1688 Rhod.
1549 1654 1589 1698 Ι,
1611 1654 1686 1698 430
1711 1667 1719 1690 :
1742 1652 1970 1696 Ἀπολλώνιός
1986 1668 2089 1704 φησιν
2110 1655 2144 1691 ἐν
2161 1653 2291 1707 πρώτῳ

1247 1710 1316 1746 τῶν
1339 1708 1688 1761 “Υπομνημάτων
1708 1710 1766 1749 τὸν
1785 1711 1925 1764 σίδηρον
1951 1711 2020 1750 ὑπὸ
2049 1714 2115 1750 τῶν
2135 1714 2291 1764 ἀρχαίων

1246 1766 1380 1818 χαλκὸν
1398 1768 1580 1820 λέγεσθαι·
1603 1770 1735 1820 ἀγνοῶν
1751 1769 1804 1809 ὅτι
1824 1769 1973 1820 μηδέπω
1992 1769 2182 1823 εὑρεθέντος
2199 1769 2291 1816 σιδή-

1249 1841 1308 1877 ρου
1320 1858 1330 1874 ,
1345 1828 1472 1880 χαλκῷ
1488 1829 1643 1885 ἐχρῶντο
1654 1858 1664 1876 ,
1682 1830 1729 1872 ὡς
1744 1828 1804 1867 καὶ
1821 1827 1982 1873 Ἡσίοδός
2001 1843 2099 1882 φησι.

1690 1945 1864 1959 ⁴0——

1472 2045 2060 2105 APOLLOTHEMIS.

1299 2164 1492 2203 Plutarch.
1507 2166 1601 2212 Lyc.
1624 2177 1657 2201 c.
1675 2164 1695 2200 3
1705 2177 1719 2200 1
1747 2177 1756 2200 z
1773 2163 1991 2210 Τελευτῆσαι
2008 2162 2044 2201 δὲ
2057 2162 2115 2202 τὸν
2129 2164 2289 2216 Λυκοῦρ-

1246 2236 1306 2272 γον
1331 2224 1362 2260 οἱ
1392 2221 1454 2273 μὲν
1480 2223 1514 2260 ἔν
1531 2221 1647 2275 Κίρρα
1673 2221 1845 2273 λέγουσιν·
1875 2221 2121 2273 Ἀπολλόθεμις
2148 2221 2205 2271 δὲ,
2237 2223 2285 2266 εἷς

1245 2275 1354 2321 Ἶῐλιν
1393 2280 1620 2331 κομισθέντα·
1655 2281 1806 2330 Τιμαῒος
1830 2281 1867 2318 δὲ
1902 2279 2221 2333 καίἏριο-τόξενος
2251 2283 2287 2320 ἐν

1247 2339 1371 2393 Κρήτῃ
1390 2339 1676 2379 καταδιώσαντα.
1695 2341 1867 2390 Scriptor
1892 2341 2043 2378 aliunde
2058 2354 2135 2378 non
2158 2349 2284 2378 notus.

1677 2473 1849 2487 ⁴0...-

1290 2568 1843 2627 ARCHEMACHUS
1892 2569 2238 2628 EUBOEUS.

1648 2691 1881 2730 ΕΥΒΟΙΚΑ.

1551 2799 1580 2832 E
1609 2797 1755 2833 LIBRO
1783 2798 1977 2833 TERTIO.

1747 2906 1778 2929 1.
1803 2914 1807 2919 ·

1298 2965 1497 3000 Athenaeus
1515 2965 1586 3008 VI,
1615 2976 1656 3011 p.
1681 2963 1754 3005 264
1768 2989 1779 3008 ‚
1805 2964 1839 2999 A
1866 2974 1875 2999 :
1906 2959 2120 3012 Ἀρχέμαχος
2137 2960 2168 2999 δ’
2187 2961 2222 2999 ἐν
2242 2964 2284 3014 τῇ

1246 3020 1342 3073 τρίτῃ
1368 3020 1545 3059 Εὐὸοϊκῶν
1567 3038 1582 3053 α
1599 3021 1762 3058 Βοιωτῶν
1783 3018 1909 3071 (φησὶ)
1934 3021 2003 3056 τῶν
2028 3019 2091 3065 τὴν
2125 3018 2283 3071 Ἀρναίαν

1245 3077 1517 3117 κατοικισάντων
1534 3080 1564 3116 οἱ
1581 3076 1631 3128 μὴ
1647 3077 1844 3129 ἀπάραντες
1863 3077 1910 3120 εἷς
1925 3076 1988 3123 τὴν
2004 3076 2187 3125 Βοιωτίαν,
2203 3077 2281 3115 ἀλλ’

1520 3210 1587 3249 DE
1604 3208 1763 3248 REBUS
1782 3209 2007 3248 EUBOEAE.

1285 3357 1520 3390 Archemachus
1544 3358 1661 3388 Rerum
1686 3356 1899 3389 Euboicarum
1924 3358 2004 3390 libro
2027 3357 2122 3389 tertio
2143 3356 2279 3388 scribit:

1247 3424 1260 3438 α
1284 3413 1331 3442 Ex
1343 3410 1458 3443 Boeotis
1482 3410 1537 3450 qui
1552 3412 1698 3442 Arnaeam
1713 3409 1940 3450 condiderant,
1966 3411 1996 3442 hi
2011 3410 2111 3451 quiin
2128 3408 2279 3441 Boeotiam
