2372 3704
861 227 1082 269 PHILIPPI
1113 228 1177 268 FB
1186 226 1437 268 AGMENTA.

2155 241 2230 274 475

85 316 392 370 Θεάγγελα,πόλις
405 315 740 370 Καρίας·ὁπολίτης
750 314 979 366 Θεαγγελεύς.
991 317 1130 352 Plinius
1191 315 1224 352 ἐν
1265 315 1356 368 ἄκρα
1376 315 1442 353 τινι
1461 331 1522 362 της
1552 316 1707 360 Μυνδίοις
1727 316 1847 361 κτίσας
1878 321 1998 358 ἑαυτοῦ
2035 320 2231 371 ἐπώνυμον,

84 381 126 423 V,
155 385 245 416 sect.
284 391 333 427 29
358 391 365 413 :
391 379 468 414 Seoe
494 378 635 426 oppida
654 377 860 412 contributa
897 379 932 410 ei
965 374 1125 425 (Cariae)

83 445 171 471 sunt
183 438 363 483 aMagno
379 436 606 478 Alexandro,
626 434 852 482 Theangela,
873 434 997 477 Sibde,
1018 434 1129 468 Med-

83 507 208 539 masa,
234 496 451 538 Emanium,
471 495 670 537 Pedasum,
698 493 931 529 Telmissum.
953 492 1129 530 Curicum

85 554 221 602 oppidi
251 566 394 589 nomen
415 553 526 588 fuisse
553 551 703 587 videtur
723 549 925 599 Σουάγελα,
950 557 1129 586 monente

83 611 289 649 Dindorflo
308 612 348 647 in
368 611 496 659 steph.
515 611 624 646 Thes.
645 623 682 645 V.
703 607 891 658 Θεάγγελα
918 622 965 645 ex
987 609 1128 644 Thirh-

81 671 193 706 wallo
231 670 288 719 (in
307 671 436 705 Museo
462 669 597 717 philol.
614 668 795 706 cantabr.
822 669 900 705 vol.
934 668 1028 715 t‚p.
1051 667 1126 713 373

81 741 165 776 sqq.
157 756 183 774 .,
206 741 321 780 quem
341 729 481 763 librum
512 728 695 775 inspicere
723 739 804 762 non
828 725 971 776 licuit).
1001 726 1126 774 Steph.

81 788 205 835 Byzst
228 786 431 836 Σουάγελα,
449 784 549 827 πόλις
570 783 707 836 Καρίας
720 815 730 832 ,
753 783 833 822 ἔνθα
852 785 870 821 6
885 782 990 836 τάφος
1010 787 1051 830 ἠν
1066 799 1127 821 του

82 842 254 895 Καρὸς,“
237 859 282 886 ως
299 844 398 890 δηλοῖ
425 843 485 881 καὶ
504 841 670 892 τοῦνομα.
694 843 852 881 Καλοῧσι
876 841 942 893 γὰρ
961 843 991 879 οἵ
1011 843 1127 893 Κᾶρες

80 905 186 940 σοῧαν
214 901 272 939 τὸν
292 902 413 955 τάφον,
443 902 548 952 γέλαν
575 902 611 939 δὲ
634 901 692 939 τὸν
716 900 875 953 βασιλέα.
908 900 953 940 ‘O
984 900 1128 948 πολίτης

80 960 310 1012 Σουαγελεύς.
332 962 390 1000 Cf.
411 963 546 999 Strabo
562 962 678 1007 XIII,
697 974 736 1010 p.
755 962 846 997 611.

500 1045 705 1084 KAPlKA.

587 1133 618 1158 1.

132 1191 334 1228 Athenaeus
345 1192 409 1237 VI,
420 1204 461 1240 p.
476 1203 522 1236 27
533 1192 602 1237 1,B
618 1203 626 1226 ε
643 1188 821 1232 Φίλιππος
832 1191 849 1226 6
862 1188 1081 1239 Θεαγγελεὺς
1092 1189 1127 1226 ἐν

75 1252 125 1302 τῷ
156 1250 245 1303 Περὶ
283 1251 413 1302 Καρῶν
447 1248 508 1287 καὶ
540 1247 703 1299 Λελέγων
738 1246 987 1299 συγγράμματι
1015 1263 1126 1295 κατα-

76 1308 178 1354 λέξας
210 1307 289 1352 τοὺς
321 1307 609 1358 Λακεδαιμονίων
638 1305 784 1350 εἵλωτας
806 1306 866 1344 καὶ
890 1305 967 1349 τοὺς
984 1307 1125 1345 Θεττα-

75 1367 192 1411 λικοὺς
223 1366 413 1414 πενέστας,
453 1366 512 1404 καὶ
546 1364 669 1417 Κᾶράς
697 1380 782 1418 φησι
812 1369 882 1408 τοῖς
911 1363 1053 1410 Λέλεξιν
1081 1367 1126 1408 ὡς

75 1423 224 1468 οἷκέταις
243 1423 444 1477 χρήσασθαι
461 1423 575 1461 πάλαι
594 1438 631 1460 τε
654 1423 713 1461 καὶ
730 1426 802 1461 νῦν.

579 1514 615 1539 2.

127 1574 262 1611 strabo
283 1574 386 1618 XIV,
414 1585 456 1621 p.
480 1572 556 1609 662
580 1585 587 1607 :
611 1571 665 1610 Οὐ
686 1569 752 1622 γάρ
773 1571 866 1607 ἐστιν
898 1570 970 1620 (sc.
991 1585 1123 1621 τραχυ-

74 1631 163 1679 τάτη
184 1633 207 1678 ἡ
226 1631 366 1681 γλῶττα
385 1632 454 1668 τῶν
474 1631 602 1682 Καρῶν
619 1630 651 1681 )·
675 1628 766 1667 ἀλλὰ
786 1628 845 1666 καὶ
873 1628 1023 1666 πλεῖστα
1038 1627 1125 1667 Ἑλ-

73 1689 202 1738 ληνικὰ
221 1689 377 1738 ὀνόματα
393 1688 467 1741 ἔχει
483 1687 777 1739 καταμεμιγμένα
790 1719 799 1735 ,
819 1686 865 1731 ὥς
882 1703 967 1740 φησι
987 1686 1122 1726 Φίλιπ-

73 1765 137 1794 πος
154 1751 172 1787 ὃ
187 1748 231 1786 τὰ
251 1748 392 1800 Καρικὰ
408 1747 560 1801 γράψας.

588 1813 623 1851 3.

125 1886 252 1925 Schol.
265 1887 399 1934 Eurip.
417 1886 531 1922 Rhes.
560 1883 637 1921 505
662 1883 725 1921 ed.
746 1884 904 1921 Cobet.:
928 1883 1061 1934 Κακῳ
1082 1881 1122 1919 δὲ

72 1958 122 1994 με
135 1958 153 1995 ρ
165 1958 216 1994 με
201 1943 306 1997 ἔγρυ]
326 1943 476 1990 Μήποτε
490 1942 573 1994 πρὸς
589 1942 628 1979 τὸ
648 1941 765 1993 χεῖρον
780 1940 1041 1993 μετέστραπται
1056 1941 1124 1978 ἀπὸ

71 2004 130 2038 τοῦ
152 2001 355 2061 Τερμέρου,
378 2001 422 2038 ἵν’
432 2004 454 2051 ᾐ
471 1999 569 2052 παρὰ
589 1998 650 2046 τὴν
667 1997 871 2050 παροιμίαν·
887 1998 1038 2051 ’έΓερμ
1047 2014 1121 2050 ρια

70 2074 121 2097 κα
132 2075 183 2098 κα
189 2076 296 2112 υπερ
307 2063 354 2098 ων
367 2058 577 2102 Φίλιππος’
563 2074 598 2096 εν
615 2060 666 2095 τῶ
687 2059 740 2096 Πε
727 2057 776 2109 ερὶ
797 2059 926 2109 Καρῶν
938 2058 1120 2109 συγγράμ-

72 2117 159 2167 ματί
174 2133 278 2171 φησιν
300 2117 428 2162 ούτως·
449 2116 660 2169 «Τέρμερον
677 2115 737 2153 καὶ
757 2115 871 2154 Λύκον
893 2115 1045 2166 Λέλεγας
1059 2131 1121 2166 γε-

71 2174 190 2214 νέσθαι
218 2177 397 2228 θηριώδεις
427 2175 491 2222 τὴν
513 2176 626 2228 φύσιν·
646 2178 766 2213 τοῦτον
801 2174 836 2212 δὲ
857 2174 914 2212 τὸν
944 2175 1122 2227 Ἰέρμερον

71 2233 169 2273 πόλιν
191 2235 334 2284 οἰκίσαι,
363 2235 405 2282 ἣν
436 2234 477 2281 δὴ
499 2234 558 2272 ἀπ’
579 2235 683 2271 αὐτοῦ
708 2232 887 2286 Τέρμερον
907 2234 1120 2282 ὠνομάσθαι.

71 2293 224 2338 Τούτους
242 2294 282 2332 δέ·
307 2309 393 2347 φασι
410 2293 566 2345 πρώτους
585 2294 790 2344 λῃστεῧσαι,
810 2292 870 2329 καὶ
887 2294 924 2330 οὗ
949 2292 1051 2343 μόνον
1077 2292 1119 2329 τὰ

71 2351 151 2404 περὶ
174 2353 324 2406 Καρίαν,
334 2352 424 2390 ἀλλὰ
442 2352 501 2390 καὶ
513 2351 653 2403 σχεδίας
668 2352 706 2389 ἐκ
721 2352 830 2403 ῥιπῶν
846 2350 1061 2397 ποιήσαντας
1075 2353 1120 2393 εἷς

73 2413 135 2450 Κῶ
156 2413 308 2451 ἐκπλεῖν.
330 2430 345 2445 »

122 2470 180 2508 Cf.
204 2472 360 2508 Photius
394 2484 424 2510 s,
455 2483 488 2506 v.
513 2484 521 2506 :
543 2468 720 2520 Τέρμερος
740 2467 807 2519 γάρ
841 2483 891 2510 τις
923 2466 982 2505 καὶ
1003 2467 1119 2510 Λύκος

69 2528 247 2580 θηριώδεις
270 2528 330 2566 καὶ
350 2527 479 2580 λῃσταὶ
500 2527 665 2578 ἐγένοντο·
686 2525 746 2564 καὶ
775 2529 793 2564 6
811 2526 988 2579 Τέρμερος
1019 2527 1119 2564 πόλιν

69 2637 172 2669 altero
184 2637 416 2669 Historicornm
431 2638 561 2669 canone
574 2635 651 2667 ibid.
666 2644 695 2676 p.
711 2638 766 2668 197
785 2636 855 2675 post
874 2634 1119 2674 Xenophontem

70 2684 275 2715 recensentur
296 2694 305 2715 ε
334 2685 490 2719 Φίλιππος
520 2683 611 2724 (deb.
638 2682 816 2722 Φίλιστος),
842 2681 984 2723 Ἔφορος.
1005 2681 1118 2718 Ἀναξι-

70 2731 173 2771 μένης.
190 2731 408 2768 Καλλισθένης.
429 2730 606 2768 Ἑλλήνικος
628 2729 721 2770 (sic).
743 2728 908 2763 Πολύὸιος.

426 2869 492 2907 DE
525 2868 757 2907 CARIBUS.

581 2960 609 2991 1.

112 3030 276 3071 Philippus
292 3030 534 3070 Theangelensis
544 3030 574 3062 in
589 3030 669 3062 libro
680 3032 727 3062 De
741 3029 876 3062 Caribus
886 3031 918 3061 et
931 3029 1098 3069 Lelegibns
1107 3053 1115 3067 ,

69 3085 238 3124 postquam
273 3083 586 3115 Lacedaemoniorum
620 3084 750 3115 flelotas
787 3082 1052 3115 commemoravit
1085 3083 1117 3113 ct

70 3136 270 3168 Thessalicos
297 3138 466 3175 Penestas,
489 3138 586 3169 Cares
605 3137 701 3168 etiam
723 3137 887 3177 Lelegihus
906 3137 951 3168 ait
968 3138 1003 3167 ut
1019 3136 1117 3167 servis

70 3188 103 3219 et
115 3188 191 3219 olim
206 3197 279 3220 usos
298 3197 366 3220 esse
378 3189 411 3220 et
420 3189 516 3220 etiam
530 3198 617 3221 nunc
631 3190 688 3221 uti.

573 3261 609 3293 2.

110 3318 180 3350 Non
210 3319 258 3351 est
281 3319 453 3359 asperrima
475 3321 595 3352 Carum
616 3321 744 3360 lingua,
769 3321 822 3352 sed
849 3322 960 3352 Graeca
988 3322 1118 3351 nomina

70 3378 168 3410 quam
187 3369 322 3410 plurima
337 3371 478 3403 admixta
494 3372 604 3410 habet,
631 3373 667 3403 ut
683 3372 726 3404 ait
744 3372 905 3413 Philippus
927 3373 982 3413 qui
1006 3372 1117 3404 Carica

71 3421 206 3462 scripsit.

1192 374 1345 411 ἔντευθεν
1363 373 1571 425 ἐλῄστευσεν
1591 374 1805 427 ὁρμώμενος.
1828 378 1980 417 Suidas:
2002 379 2231 433 Τερμέρια

1191 431 1324 471 κακά.
1361 431 1449 485 Περὶ
1484 431 1623 484 Καρίαν
1650 432 1778 484 χωρίον
1817 434 2008 486 Τερμέριον
2051 438 2232 486 καλειται,

1189 492 1218 542 ὡ
1245 491 1397 542 ἐχρῶντο
1433 491 1464 527 οἱ
1497 489 1656 542 τύραννοι
1688 491 1931 542 δεσμωτηρίῳ.
1954 492 2005 530 Τὸ
2038 492 2072 530 δὲ
2103 494 2231 546 χωρίον

1190 527 1332 598 έρυμνον
1346 548 1518 599 τυγχάνον
1538 553 1652 586 κεῖται
1681 548 1810 598 μεταξυ
1829 549 1956 595 Μήλου
1979 550 2140 600 (Μύνδου
2161 566 2232 592 em.

1189 609 1359 646 Holsten.
1387 608 1436 644 ad
1456 609 1585 656 steph.
1617 607 1681 657 Β.)
1717 606 1776 644 καὶ
1797 606 2082 660 Ἁλικαρνασσοῦ.
2101 612 2182 648 Ἰῶν
2197 610 2233 648 δὲ

1189 664 1259 702 ἀπὸ
1279 664 1401 703 τούτου
1419 664 1634 715 ληιζομένων
1656 664 1866 703 δυσαλώτων
1890 666 2148 718 τυγχανόντων,
2169 670 2231 706 λε-

1188 725 1316 775 χθηναι
1335 727 1450 762 τοῦτο.
1464 726 1652 761 Plutarch.
1674 726 1781 761 Thes.
1805 738 1837 763 c.
1865 739 1906 761 11
1935 739 1941 745 ·
1936 724 2033 762 ,Τὸν
2054 725 2234 778 Τέρμερον

1189 781 1361 834 συρρήξας
1379 781 1442 828 τὴν
1463 781 1617 834 κεφαλὴν
1637 781 1817 820 ἀπέκτεινε
1820 798 1852 822 ν.
1873 782 1948 835 Ἀφ’
1968 786 2006 820 ου
2028 782 2069 829 δὴ
2091 783 2130 821 τὸ
2146 787 2234 836 Ἰερ-

1189 840 1305 892 μέριον
1339 840 1446 878 κακὸν
1481 842 1719 914 ὀνρμασθῆναι
1749 840 1907 892 λέγουσι·
1942 841 2054 879 παίων
2082 842 2160 894 γὰρ,
2190 846 2234 887 (ῖς)

1188 899 1299 947 ἔοικε,
1327 900 1463 951 κεφαλῇ
1479 898 1556 942 τους
1588 899 1858 951 ἐντυγχάνοντας
1875 901 1893 937 6
1914 899 2088 952 Τέρμερος
2109 900 2234 939 ἀπώλ-

1187 959 1279 997 λυεν.
1298 960 1442 997 Zenob.
1458 961 1524 1004 IV,
1546 959 1582 994 6.

1693 1059 1729 1097 4.

1240 1134 1430 1173 Plutarch.
1466 1136 1576 1174 Alex,
1609 1135 1656 1177 46
1682 1149 1690 1171 :
1723 1134 1844 1187 Χάρης
1875 1137 1893 1172 6
1924 1134 2145 1186 εἰσαγγελεὺς
2174 1138 2234 1176 καὶ

1188 1192 1410 1242 Πτολεμαῖος
1442 1192 1502 1230 καὶ
1540 1192 1769 1241 Ἀντικλείδης
1799 1193 1859 1231 καὶ
1888 1193 2010 1232 Φίλων
2030 1197 2048 1232 6
2076 1195 2235 1242 Θηὸαῒος

1187 1250 1247 1288 καὶ
1265 1250 1448 1295 Φίλιππος
1464 1253 1482 1289 6
1501 1251 1735 1302 Θεαγγελεὺς,
1754 1252 1838 1304 πρὸς
1852 1251 1888 1290 δὲ
1905 1252 2034 1297 τούτοις
2047 1252 2235 1299 Ἑκαταῖος

1187 1311 1205 1346 6
1224 1307 1421 1362 Ἐρετριεὺς
1450 1309 1510 1347 καὶ
1545 1310 1726 1353 Φίλιππος
1744 1313 1762 1348 6
1793 1310 1990 1354 Χαλκιδεὺς
2016 1311 2076 1350 καὶ
2111 1314 2233 1365 Δοῦρις

1187 1368 1204 1404 ὁ
1219 1366 1353 1417 Σάμιος
1364 1366 1512 1417 πλάσμα
1526 1367 1611 1420 φασὶ
1624 1367 1802 1419 γεγονέναι
1816 1372 1915 1407 τοῦτο
1936 1373 1947 1415 (
1962 1384 2014 1406 sc.
2036 1371 2143 1419 quod
2159 1373 2232 1410 Cli-

1186 1426 1348 1472 tarchus,
1367 1428 1430 1463 alii
1447 1427 1492 1463 de
1502 1429 1693 1463 Amazone
1715 1428 1763 1464 ad
1781 1428 2040 1464 Alexandrum
2059 1430 2233 1477 profecta

1185 1482 1369 1535 narrant).
1393 1485 1460 1523 Cf..
1487 1486 1689 1521 onesicriti
1710 1487 1754 1523 fr.
1778 1486 1812 1522 5.
1841 1507 1893 1514 —
1921 1486 2140 1536 Θεαγγελεὺς
2158 1502 2231 1536 pro

1187 1543 1336 1591 vulgata
1360 1541 1580 1592 εἷσαγγελεὺς
1610 1551 1861 1592 reposuerunt
1882 1546 2058 1581 Johnsius
2081 1558 2120 1593 p.
2159 1548 2231 1590 146

1186 1608 1223 1636 et
1238 1602 1434 1637 Reinesius
1449 1603 1487 1637 in
1504 1605 1615 1640 Auct.
1639 1616 1717 1640 var.
1744 1604 1829 1640 lect.
1854 1605 1895 1648 Ι,
1919 1602 1967 1639 25
1982 1631 1992 1649 ,
2015 1605 2233 1642 Holstenius

1186 1659 1234 1695 ad
1249 1661 1302 1698 St.
1318 1661 1360 1698 B.
1380 1661 1404 1698 l.
1418 1661 1443 1696 l.
1461 1661 1649 1709 probante
1667 1663 1880 1698 Sintenisio.
1899 1663 2075 1698 Ceterum
2086 1676 2166 1699 non
2180 1673 2233 1701 est

1186 1730 1254 1753 cur
1277 1719 1465 1767 singulare
1487 1732 1580 1767 opus
1595 1720 1641 1756 de
1658 1721 1876 1756 Alexandro
1897 1734 1918 1757 a
1944 1722 2119 1770 Philippo
2138 1736 2233 1758 con-

1184 1777 1366 1825 scriptum
1385 1790 1460 1814 esse
1479 1785 1676 1826 putemus,
1698 1791 1815 1826 quum
1833 1781 2069 1815 Amazonum
2090 1783 2232 1817 mentio

1184 1836 1224 1870 in
1240 1837 1378 1872 Cat-icis
1398 1836 1522 1872 deesse
1541 1837 1605 1872 vix
1623 1839 1804 1885 potuerit.

1238 1894 1409 1942 Philippi
1426 1895 1684 1931 Chalcidensis
1713 1897 1802 1931 alias
1824 1908 1904 1930 non
1925 1897 2074 1944 reperio
2097 1896 2233 1931 factam

1185 1966 1262 1989 esse
1286 1955 1531 1991 mentionem.
1564 1955 1782 2002 Philippum
1813 1955 2003 2002 quendam
2030 1953 2232 2006 συγγραφέα

1184 2012 1497 2048 interlocutorem
1514 2012 1630 2047 habes
1646 2025 1707 2060 ap.
1729 2013 1827 2051 Plut.
1850 2014 1889 2048 in
1909 2013 2069 2048 Defectu
2088 2015 2230 2049 oracul.

1183 2083 1222 2118 p.
1248 2071 1339 2116 418,
1357 2073 1402 2108 A.
1421 2073 1456 2106 Is
1466 2071 1651 2107 audivisse
1664 2085 1701 2108 se
1721 2073 1772 2107 ait
1784 2072 2026 2107 AEmilianum
2040 2073 2232 2108 rhetorem

1186 2129 1272 2178 (qui
1291 2130 1359 2164 sub
1377 2130 1529 2165 Tiberio
1553 2128 1721 2178 floruit),
1741 2129 1861 2165 filium
1884 2131 2088 2178 Epithersis
2099 2143 2230 2181 gram-

1183 2189 1323 2235 manci,
1337 2201 1451 2236 quem
1468 2192 1582 2224 civem
1596 2201 1699 2224 suum
1721 2189 1813 2224 dicit
1826 2202 1865 2237 p.
1887 2194 1906 2232 4
1917 2202 1976 2237 19,
1987 2191 2030 2224 A.
2044 2190 2229 2237 Epither—

1183 2258 1238 2282 ses
1255 2247 1438 2294 Bithynus
1455 2246 1525 2282 fuit
1539 2259 1585 2282 ex
1600 2248 1723 2283 Nicaea
1744 2245 1800 2298 (v,
1825 2248 1878 2285 St.
1898 2249 1988 2295 Byz.
2008 2260 2042 2284 ν.
2065 2246 2227 2299 Nimia).

1182 2306 1265 2340 Jam
1292 2305 1323 2341 si
1342 2305 1440 2341 forte
1458 2306 1654 2354 Philippus
1687 2307 1749 2341 ille
1766 2306 1868 2342 idem
1885 2314 1938 2342 est
1954 2320 2041 2342 cum
2060 2308 2198 2343 Nostro
2217 2335 2228 2353 ,

1183 2364 1378 2411 suspiceris
1409 2364 1510 2400 hunc
1539 2364 1649 2400 fuisse
1668 2365 1874 2412 Bithynum
1895 2377 1941 2401 ex
1961 2365 2202 2402 Chalcedone
2218 2395 2229 2410 ‚

1184 2429 1298 2470 atque
1317 2421 1555 2468 Χαλκηδόνιος
1577 2430 1613 2458 et
1633 2420 1828 2464 Χαλκιδεὺς
1848 2436 1975 2472 voces,
1993 2425 2050 2459 uti
2069 2424 2159 2464 alibi
2174 2425 2226 2460 sic

1182 2493 1243 2530 ap.
1266 2482 1509 2517 Plutarchum
1527 2494 1600 2518 esse
1620 2481 1804 2520 confusas.

1236 2539 1435 2589 Philippus
1474 2539 1747 2588 Amphipolites
1787 2540 2074 2576 Rhodiacorum
2110 2541 2228 2576 libros

1181 2599 1292 2643 XIX,
1319 2599 1510 2635 obscaenos
1526 2600 1611 2637 illos
1625 2626 1635 2644 ‚
1659 2601 1748 2635 item
1768 2600 1980 2636 Coacorum
1999 2600 2117 2637 libros
2136 2602 2173 2635 II
2194 2607 2231 2636 et

1182 2658 1447 2694 Thasiacorum
1458 2658 1576 2693 libros
1589 2659 1625 2693 II
1636 2648 1822 2705 scripsisse
1834 2658 1973 2693 dicitur
1989 2671 2052 2706 ap.
2074 2659 2230 2694 Suidam

1182 2729 1217 2751 v>
1235 2714 1414 2757 Φίλιππος
1436 2723 1473 2752 et
1486 2717 1724 2766 ἀποσιμῶσαι.
1737 2718 1827 2763 Quae
1843 2724 2062 2765 argumenta
2079 2716 2232 2752 fuerunt

1221 2884 1266 2913 De
1292 2882 1460 2922 proverbio
1492 2883 1666 2913 Termeria
1685 2881 1780 2912 mala
1802 2881 1967 2922 Philippus
1991 2882 2023 2913 in
2040 2882 2158 2922 scripto
2181 2884 2227 2914 De

1178 2935 1311 2967 Caribus
1325 2935 1367 2966 ita
1383 2936 1523 2976 loquitur
1541 2948 1547 2966 :
1566 2947 1580 2962 α
1597 2937 1783 2966 Termerum
1804 2937 1836 2967 et
1857 2937 1977 2976 Lycum
1997 2935 2086 2967 aiunt
2103 2936 2231 2974 Leleges

1178 2987 1272 3018 fuisse
1302 2987 1421 3018 seroces
1443 2987 1562 3018 indole.
1589 2989 1775 3018 Termerum
1796 2987 1887 3018 illum
1910 2987 2023 3019 urbem
2052 2986 2230 3019 condidisse

1176 3047 1309 3078 eamque
1328 3039 1368 3070 de
1380 3048 1438 3070 suo
1457 3047 1661 3078 nuncupasse
1683 3039 1824 3071 nomine.
1843 3041 1909 3071 Hos
1931 3039 2050 3080 primos
2067 3038 2229 3070 latrocinia

1176 3090 1357 3121 exercuisse
1371 3099 1476 3129 neque
1491 3090 1523 3121 id
1540 3091 1641 3121 solum
1658 3099 1756 3131 prope
1769 3091 1894 3122 Cariam
1905 3116 1912 3130 ,
1928 3091 1982 3122 sed
1997 3091 2117 3122 ratibus
2131 3099 2169 3121 ex
2183 3090 2228 3121 vi-

1178 3141 1316 3173 minibus
1335 3143 1510 3182 compactis
1522 3143 1619 3174 etiam
1632 3143 1665 3174 in
1681 3145 1751 3175 Con
1768 3143 1904 3175 insulam
1918 3143 2088 3183 trajecisse.
2107 3156 2122 3170 »

1220 3257 1300 3293 Quae
1318 3256 1359 3287 de
1375 3251 1533 3288 Amazone
1556 3257 1597 3289 ad
1611 3257 1830 3290 Alexandrum
1847 3257 1988 3298 prosecta
2013 3256 2171 3293 seruntur,
2189 3264 2226 3287 ea

1178 3307 1252 3338 ficta
1264 3315 1331 3339 esse
1349 3308 1547 3341 contendunt
1560 3309 1680 3342 Chares
1693 3309 1872 3350 esaggeleus
1882 3333 1890 3348 ,
1907 3309 2116 3346 Ptolemaeus,
2131 3308 2225 3339 Anti-

1177 3360 1292 3400 clides,
1308 3361 1398 3392 Philo
1415 3361 1597 3402 Thebanus,
1615 3362 1779 3403 Philippus
1792 3360 2047 3401 Theangelensis,
2064 3360 2096 3391 et
2108 3360 2224 3399 praeter

1178 3413 1235 3444 hos
1254 3415 1423 3447 Hecataeus
1440 3414 1645 3454 Eretriensis,
1672 3415 1832 3454 Philippus
1849 3411 2063 3446 Chalcidensis
2079 3412 2109 3443 et
2130 3411 2223 3442 Duris

1178 3465 1315 3497 samius.
