2372 3704
1012 247 1342 286 FRAGMENTA.
2172 256 2247 290 533

105 338 173 375 τῶν
194 336 360 384 ποταμῶν
388 333 448 372 καὶ
474 332 632 383 ποταμὸν
650 331 790 384 (Έρμον
812 332 915 385 φησὶν
934 326 1021 370 εἶναι
1043 333 1075 370 ἐν
1099 335 1142 383 τῇ

105 394 243 446 Ἀττικῇ
260 394 319 431 καὶ
337 394 446 443 δῆμον
467 390 650 442 ὁμώνυμον
667 392 776 443 αὐτῷ.

609 467 645 505 5.

160 534 288 582 Steph.
310 534 353 568 B.
378 545 386 567 :
411 528 647 583 Ἀφροδισιὰς,
675 529 774 573 πόλις
796 529 977 576 Κιλικίας,
1002 529 1081 581 περὶ
1112 522 1152 575 ἧς

106 589 323 642 Ἀλέξανδρος
341 592 360 627 ὁ
380 586 586 640 Πολυΐστωρ
606 590 639 626 ἐν
659 591 710 640 τῷ
731 588 820 641 Περὶ
843 588 1007 630 Κιλικίας
1031 588 1150 641 φησὶν,

106 647 160 687 ὅτι
176 647 343 700 Ζώπυρός
363 663 466 700 φησιν
487 647 595 694 αὐτὴν
618 648 688 684 ἀπὸ
707 650 770 694 τῆς
798 646 998 700 Ἀφροδίτης
1023 647 1151 692 κεκλῆ-

106 707 402 759 σθαι,γράφων
427 706 504 744 καὶ
528 705 736 758 ἱστορίας.
758 709 813 743 Ex
836 719 1003 756 quonam
1034 719 1151 755 opere

106 767 186 803 haec
206 766 384 803 fluxerint
400 767 596 803 incertum.

611 837 648 874 6.

159 907 368 944 Marcellin.
390 907 465 943 Vit.
484 907 607 942 Thuc.
627 906 648 954 §
679 905 727 948 46
749 918 757 941 :
779 903 930 954 Δίδυμος
950 902 981 941 δ’
1001 903 1035 940 ἐν
1052 902 1153 949 Ἀθή-

108 978 183 1006 ναις
204 962 273 1001 ἀπὸ
303 965 363 1009 τῆς
395 966 504 1015 φυγῆς
525 964 667 1001 ἐλθόντα
690 964 760 1013 (sc,
788 962 1026 1011 Θουκυδίδην)
1050 961 1153 1013 βιαίῳ

108 1021 247 1074 Θανάτῳ
283 1022 484 1075 (ἀποθανεῖν
516 1024 643 1074 φησι)·
680 1024 782 1059 τοῦτο
814 1020 851 1058 δέ
877 1036 961 1069 φησι
982 1019 1151 1072 Ζώπυρόν

107 1081 268 1131 ἱστορεῖν,
286 1082 362 1120 κτλ.
381 1082 464 1119 vid.
483 1081 620 1130 fragm.
639 1082 809 1130 Cratippi
835 1088 927 1116 tom.
950 1082 986 1116 ΙΙ
1002 1110 1011 1126 ,
1030 1094 1069 1129 p.
1088 1094 1149 1127 77.

108 1140 327 1189 colligimus
346 1152 391 1176 ex
411 1141 485 1176 hoc
506 1141 594 1176 loco
615 1142 808 1188 Zopyrum
823 1167 833 1185 ‚
863 1140 910 1176 de
939 1152 1017 1187 quo
1048 1140 1152 1175 Mar—

109 1199 267 1234 cellinus
298 1198 483 1247 loquitur,
504 1199 734 1235 Philochoro
756 1198 969 1246 juniorem,
991 1206 1048 1243 et,
1085 1200 1155 1234 nisi

108 1265 288 1306 corrupta
301 1259 416 1294 verba
428 1265 533 1303 sunt,
556 1259 738 1306 Cratippo
754 1259 1010 1305 antiquiorem
1027 1257 1152 1295 fuisse.

161 1315 337 1354 Ceterum
365 1317 493 1351 omnia
519 1328 604 1363 quae
633 1317 830 1364 hucusque
855 1316 1046 1351 attulimus
1057 1315 1154 1362 ejus-

108 1374 195 1409 dem
224 1387 299 1411 esse
327 1376 492 1411 auctoris
518 1387 642 1422 neque
666 1387 805 1423 negare
829 1386 954 1423 neque
971 1373 1156 1410 affirmare

106 1445 317 1481 possumus.
333 1435 687 1470 Commemorantur
704 1440 887 1482 praeterea
903 1434 944 1468 Z.
964 1434 1157 1469 Clazome-

106 1494 186 1527 nius
198 1492 329 1527 rhetor
344 1504 405 1540 ap.
427 1492 606 1538 Quinctil.
618 1493 696 1537 ΙΙΙ,
713 1491 735 1527 6
747 1517 759 1536 ,
796 1491 816 1527 3
835 1505 845 1536 3
867 1492 981 1539 Diog.
998 1493 1043 1528 L.
1081 1491 1153 1532 IX,

115 1555 209 1596 114;
231 1552 422 1599 Anonym.
448 1550 600 1600 Προλεγ.
635 1564 671 1587 π.
694 1549 849 1586 στάσεων
882 1562 945 1598 ap.
981 1551 1155 1598 Spengel.

109 1608 346 1660 Συναγ.τεχν.
364 1623 404 1658 p.
434 1622 504 1645 211
528 1609 614 1655 (ubi
634 1621 775 1644 nomen
799 1609 840 1643 in
865 1606 1002 1659 Πύρρος
1031 1621 1156 1644 corru·

105 1668 250 1717 ptum).
270 1668 323 1706 Cf.
340 1669 617 1705 Westermann.
652 1667 782 1703 Gesch.
797 1668 833 1703 cl.
846 1679 908 1714 gr.
925 1668 1077 1704 Berecls.
1093 1679 1112 1712 7
1123 1680 1136 1702 1
1147 1694 1157 1712 ‚

113 1739 146 1766 1.
168 1727 230 1774 83,
245 1740 304 1765 10.
324 1729 424 1765 -Ζ.
451 1727 704 1776 Colophonius
721 1739 782 1775 ap.
801 1727 912 1774 Diog.
939 1728 1067 1762 Laert.
1092 1727 1157 1770 VI,

113 1798 200 1824 100.
218 1806 272 1814 —
284 1787 447 1834 Zopyrus
474 1786 667 1821 Theseidis
683 1793 822 1828 auctor,
848 1783 956 1831 cujus
971 1786 1160 1832 poematis

107 1843 248 1880 librum
268 1845 421 1880 tertium
436 1844 567 1880 laudat
583 1844 751 1880 Stobaeus
767 1843 798 1881 F
802 1843 900 1879 loril.
919 1843 1056 1887 LXIV,
1084 1841 1131 1877 38
1149 1855 1158 1879 .·

110 1900 318 1952 Ζωπύρου
354 1902 396 1939 ἐν
430 1900 467 1952 γ’
502 1899 742 1947 Θησηίδος.
762 1898 902 1946 Θησεὺς
937 1898 1074 1949 Αἰγέως
1100 1899 1160 1936 καὶ

110 1958 240 2011 Αἴθρας
261 1964 360 2007 παῖς,
384 1962 459 2003 ταῖς
489 1959 517 1997 δ’
534 1959 710 2007 ἀληθείαις
729 1959 957 2005 Ποσειδῶνος,
979 1956 1069 2009 ἔχων
1086 1957 1157 1995 υἱὸν

115 2017 149 2063 ἐξ
170 2017 382 2065 Ἱππολύτης
411 2018 595 2068 Ἀμαζόνος
615 2017 822 2057 Ἱππόλυτον
856 2016 1030 2068 ἐπέγημεν
1066 2017 1159 2068 αὐτῷ

112 2076 284 2129 μητρυιὰν
313 2076 475 2128 Φαίδραν
507 2075 570 2123 τὴν
597 2076 739 2119 Μίνωος
761 2074 932 2127 θυγατέρα
959 2074 1019 2112 καὶ
1041 2076 1158 2113 Πασι-

110 2137 214 2189 φάης.
237 2132 336 2182 Αὕτη
368 2138 427 2173 τοῦ
450 2134 619 2187 προγόνου
648 2136 694 2178 εἷς
727 2133 919 2184 ἐπιθυμίαν
955 2135 1159 2183 ἐμπεσοῦσα

156 2296 378 2338 Aphrodisias,
403 2297 480 2330 urbs
495 2245 638 2339 ciliciae?
655 2306 753 2339 quam
781 2297 960 2330 Alexander
983 2296 1160 2338 polyhistor

1213 331 1275 377 τὴν
1292 332 1415 384 τροφὸν
1453 333 1545 384 αὐτῷ
1578 332 1657 384 περὶ
1683 333 1833 371 συνόδων
1854 335 2071 373 ἀπέστειλεν·
2092 338 2110 373 ὁ
2144 335 2179 374 δὲ
2205 337 2252 380 ὡς

1212 389 1376 428 κατέλιπε
1411 389 1473 434 τὰς
1507 390 1648 436 Ἀθήνας
1678 393 1855 442 κυνηγίαις
1887 394 2156 445 προσηυκαίρει·
2189 398 2251 441 τῆς

1212 448 1247 485 δὲ
1267 448 1502 500 προαιρέσεως
1531 451 1553 494 ἡ
1581 447 1729 499 ἀσελγὴς
1750 451 1974 502 ἀποτυχοῦσα
2007 454 2141 505 ψευδεῖς
2161 454 2252 491 κατὰ

1212 510 1273 544 τοῦ
1291 506 1464 559 σώφρονος
1483 506 1667 550 ἐπιστολὰς
1687 505 1855 558 ἐχάραξε,
1877 508 1935 544 καὶ
1967 508 2023 545 διὰ
2050 509 2113 555 τὴν
2144 515 2252 562 ὑπερ-

1213 563 1319 611 ὃολὴν
1332 567 1397 602 τῶν
1415 564 1552 617 ἐρώτων
1571 564 1689 616 βρόχῳ
1705 564 1761 602 τὸν
1782 564 1854 616 βίον
1873 565 2095 619 περιέγραψε.
2114 569 2254 615 Θησεὺς

1213 623 1247 660 δὲ
1277 625 1315 661 ἐκ
1333 623 1465 669 Θηὸῶν
1487 622 1706 675 ὑποστρέψας
1728 623 1788 660 καὶ
1807 623 1867 667 τὰς
1883 623 2046 667 διαὸολὰς
2067 626 2252 676 ἀναγνοὺς,

1213 682 1252 718 ἐκ
1266 683 1334 719 τῶν
1348 683 1452 733 τριῶν
1473 682 1586 733 εὐχῶν
1603 680 1642 724 ἃς
1662 675 1735 733 εἶχε
1751 681 1847 729 παρὰ
1871 684 2088 726 Ποσειδῶνος
2109 684 2191 732 μίαν
2209 687 2255 728 εἷς

1212 739 1269 778 τὸν
1286 740 1358 778 υἱὸν
1375 740 1603 787 ἐδαπάνησεν.
1627 739 1875 792 Ἐαριζομένου
1899 740 1934 778 δὲ
1954 745 2012 779 τοῦ
2042 741 2252 782 Ἱππολύτου

1215 797 1311 850 παρὰ
1337 798 1394 836 τὸν
1426 797 1582 849 αἰγιαλὸν
1617 801 1677 845 τῆς
1708 799 1903 846 θαλάσσης,
1927 803 2051 849 ταῦρος
2083 801 2257 850 ἐπιφανεὶς

1213 856 1375 904 ἐπτοίησε
1399 855 1476 900 τοὺς
1509 856 1654 904 ἵππους,
1675 856 1795 900 οἷ’τινες
1816 857 2070 909 ἀνατρέψαντες
2101 859 2139 896 τὸ
2159 858 2256 911 ἅρμα

1213 915 1272 952 ’καὶ
1287 914 1444 968 σύροντες
1464 915 1521 953 τὸν
1542 915 1712 962 δεσπότην
1733 914 1950 953 ἀπέκτειναν.

1268 975 1329 1011 Ad
1359 976 1461 1011 idem
1490 988 1586 1024 opus
1619 977 1785 1024 respexit
1820 974 1953 1011 Suidas
1981 989 2015 1010 v.
2051 976 2256 1028 ψιθυριστῇ,

1214 1034 1279 1069 ubi
1295 1046 1340 1070 ex
1358 1036 1511 1082 Zopyro
1533 1035 1646 1070 tradit
1662 1035 1844 1070 Theseum
1865 1035 2056 1070 Mercurio
2075 1035 2258 1086 ψιθυριστῇ

1214 1100 1251 1128 et
1268 1094 1397 1128 Amori
1417 1100 1454 1128 et
1474 1094 1609 1129 Veneri
1628 1094 1809 1140 templum
1827 1093 2036 1138 dedicasse,
2056 1101 2258 1142 postquam

1214 1150 1262 1186 de
1297 1151 1461 1187 Phaedrae
1500 1152 1539 1186 in
1582 1153 1833 1200 Hippolytum
1874 1152 2069 1187 calumniis
2100 1152 2260 1188 edoctus

1213 1209 1353 1259 fuisset.
1375 1212 1495 1246 Porro
1511 1210 1678 1246 Stobaeus
1701 1211 1726 1248 l.
1751 1211 1776 1248 l.
1798 1211 1946 1256 LXIII,
1975 1210 1997 1246 8
2018 1211 2132 1247 habet
2153 1211 2231 1246 haec
2249 1223 2258 1248 :

1215 1267 1386 1320 Ζωπύρου
1399 1282 1406 1289 ·

1300 1363 1416 1399 Μηδεὶς
1428 1363 1552 1404 ἄπειρος
1568 1366 1630 1395 τῶν
1643 1363 1726 1403 ἐμῶν
1739 1362 1786 1399 εἴη
1802 1362 1897 1403 φίλων

1300 1410 1421 1451 ἔρωτος·
1442 1410 1581 1451 εὐτυχὼν
1597 1410 1629 1441 δὲ
1639 1410 1692 1441 τὸν
1705 1410 1772 1441 θεὸν
1786 1410 1886 1441 λάὸοι.

1271 1493 1327 1527 De
1340 1493 1482 1539 Zopyro
1494 1493 1725 1534 Heracleota‚
1751 1492 1812 1527 cui
1826 1492 1992 1539 Orphica
2002 1492 2182 1527 nonnulla
2195 1493 2261 1527 tri-

1219 1550 1445 1595 buebantur,
1462 1564 1496 1585 v.
1512 1551 1627 1588 Clem.
1644 1551 1704 1586 Al.
1727 1551 1866 1587 Strom.
1878 1551 1910 1594 Ι,
1926 1563 1964 1598 p.
1986 1554 2056 1593 144
2070 1561 2081 1598 3
2103 1550 2209 1586 Suid.
2226 1564 2261 1586 v.

1221 1606 1379 1659 Ὀρφεύς,
1401 1607 1546 1646 Eudoc.
1567 1621 1608 1656 p.
1632 1608 1707 1644 318
1724 1607 2214 1657 (cf.Lobeck.Agl.p.459)
2228 1617 2266 1646 et

1220 1668 1367 1702 Tzetzes
1387 1667 1425 1701 in
1452 1667 1568 1702 schol.
1592 1666 1700 1715 quod
1727 1666 1847 1702 edidit
1871 1667 2025 1703 Ritschl.
2047 1668 2121 1702 Die
2150 1669 2262 1705 Alex.

1219 1726 1319 1761 Bibl.
1335 1738 1374 1773 p.
1387 1730 1407 1768 4
1430 1738 1438 1761 :
1460 1727 1674 1761 Pisistratus
1690 1737 1859 1773 sparsam
1874 1729 1981 1773 prius
1995 1726 2147 1761 Homeri
2167 1739 2263 1773 poe-

1219 1787 1289 1819 sim
1304 1793 1391 1819 ante
1403 1786 1646 1820 Ptolemaeum
1660 1783 1956 1832 Philadelphum
1970 1787 2078 1819 annis
2093 1785 2262 1820 ducentis

1227 1850 1266 1877 et
1276 1855 1318 1877 eo
1338 1846 1450 1878 etiam
1468 1845 1631 1891 amplius
1659 1844 1800 1879 sollerti
1824 1854 1912 1877 cura
1937 1846 1975 1877 in
1999 1855 2046 1878 ea
2065 1855 2152 1890 quoe
2171 1856 2266 1878 nunc

1220 1910 1370 1937 eoestant
1380 1903 1521 1949 redegit
1533 1904 1736 1945 volumina,
1757 1914 1841 1936 usus
1855 1902 1910 1935 ad
1920 1901 1990 1937 hoc
2001 1914 2093 1949 opus
2103 1903 2265 1938 divinum

1226 1961 1411 1995 industria
1424 1968 1598 2008 quattuor
1608 1960 1926 1995 celeberrimorum
1943 1966 1979 1993 et
1999 1959 2266 1995 eruditissimo-

1220 2031 1300 2053 rum
1314 2018 1514 2062 hominum,
1535 2019 1711 2054 videlicet
1721 2018 1884 2063 Concyli,
1912 2017 2139 2052 Onomacriti
2147 2016 2266 2052 Athe-

1220 2080 1371 2122 niensis,
1390 2079 1528 2125 Zopyri
1544 2078 1775 2112 Heraeleotoe
1794 2084 1832 2111 et
1857 2075 1993 2124 Otphei
2020 2075 2262 2113 Crotoniatoe.

1222 2156 1275 2163 —
1291 2137 1397 2172 Alios
1418 2136 1590 2184 Zopyros
1608 2136 1743 2171 lubens
1759 2135 2020 2183 praetermitto.

1220 2240 1253 2272 in
1274 2241 1355 2272 libro
1370 2243 1416 2273 De
1430 2240 1540 2273 Cilicia
1558 2240 1636 2272 dicit
1651 2239 1827 2272 secundum
1841 2240 2000 2278 Zopyrum
2010 2262 2018 2278 ‚
2036 2239 2090 2278 qui
2105 2237 2202 2270 etiam
2216 2238 2269 2270 Hi·

1220 2294 1334 2326 storias
1346 2293 1488 2334 scripsit,
1499 2302 1518 2324 a
1534 2295 1655 2325 Venere
1670 2291 1907 2324 denominatam
1918 2299 1996 2323 esse.
2180 2304 2182 2307 v
