2326 3724
101 221 170 253 122

98 301 128 337 εἰ
148 298 196 349 μὴ
216 299 274 337 καὶ
291 302 309 338 ὁ
326 299 486 351 βασιλεὺς
501 298 559 337 καὶ
574 303 596 346 ἡ
610 298 799 350 σύγκλητος
813 300 907 351 αὐτῷ
921 298 1130 348 ἐπομόσαιτο

97 364 207 404 πᾶσα,
222 359 267 401 ὡς
279 357 441 396 οὐδέποτε
455 357 512 395 ἐπὶ
525 356 594 407 (ἔτι
606 372 638 397 c.
655 358 792 407 Bekk.)
809 358 858 408 τῷ
868 356 1033 408 Τριαρίου
1048 371 1132 406 συμ-

98 415 279 462 ὅήσονται.
313 418 360 455 Oi.
394 414 455 466 μὲν
487 411 545 453 οὖν
575 413 643 452 ἀπὸ
674 416 798 466 βουλῆς
829 414 889 452 καὶ
912 416 943 452 οἱ
971 414 1131 466 ἄρχοντες

97 474 240 523 ὤμοσαν
273 474 321 524 μὴ
352 473 567 524 συμὸαίνειν,
588 475 617 511 εἷ
645 473 694 523 μὴ
718 471 878 520 βασιλεὺς
898 473 1008 511 θέλοι·
1032 472 1132 516 αὐτὸς

97 532 133 569 δὲ
155 534 172 570 6
191 531 350 584 βασιλεὺς
370 531 477 583 μηδὲν
494 531 753 577 ἀποστήσεσθαι
770 534 838 569 τῶν
858 531 924 577 ἤδη
946 531 1128 581 συγκειμέ-

97 606 178 640 νων,
198 592 227 628 εἰ
247 590 296 640 μὴ
316 593 450 642 πρῶτον
470 591 595 628 ἐκεῖνον
612 589 872 640 παραὸαίνοντα
888 589 968 627 ἴδοι.
990 590 1131 628 Τούτων

99 648 137 686 δὲ
156 649 360 699 ὀμοθέντων,
382 648 482 687 αὐτὸν
511 647 572 698 μὲν
593 648 802 700 Θευδέριχον
831 648 922 692 ἔδοξε
943 647 1132 693 κινήσαντα

97 709 161 753 τὴν
191 708 295 744 αὐτοῦ
327 707 484 756 δύναμιν,
504 708 538 743 ἐν
569 708 772 758 Μαρκιανοῧ
802 705 900 743 πόλει
927 704 989 751 τὴν
1016 710 1133 742 πᾶσαν

97 764 301 816 ἱδρυμένην,
320 767 366 808 εἰς
397 765 434 803 τὸ
466 763 549 802 εἴσω
568 763 733 801 ἐλαύνειν·
764 762 901 801 ἐπειδὰν
929 762 965 800 δὲ
993 761 1134 812 γένηται

99 823 183 875 πρὸς
210 825 284 867 ταῖς
305 822 428 866 πύλαις
454 826 514 861 τοῦ
543 820 680 872 Αιμου,
709 821 786 859 τότε
818 821 874 859 τὸν
903 824 965 867 τῆς
991 820 1135 872 Θράκης

100 881 292 933 στρατηγὸν
327 880 507 933 δισχιλίοις
542 883 685 918 ἱππεῦσι
719 879 778 916 καὶ
813 878 968 921 ὁπλίταις
1003 877 1136 929 μυρίοις

101 942 310 977 ἀπαντωντα
344 938 533 988 συμμίξαι·
571 938 759 990 υπερὸάντι
803 930 842 975 δὲ
875 931 991 987 Αἷμον
1026 936 1134 982 ἄλλην

102 997 362 1044 ἀπαντήσεσθαι
382 997 527 1046 δύναμιν
556 996 639 1062 πρὸς
663 998 712 1033 τῶ
731 995 856 1047 ‘'CgIGpo
881 1011 940 1032 και
959 994 1135 1061 Ἀδριανου

100 1050 218 1098 πόλει,
237 1049 357 1094 πεζους
378 1049 438 1100 μὲν
459 1049 678 1100 δισμυρίους,
695 1034 956 1099 εξακισγιλίους
986 1046 1020 1083 δὲ
1048 1046 1136 1096 μετὰ

99 1109 227 1146 τούτων
244 1107 382 1150 ἱππέας.
402 1107 485 1146 Ἀπὸ
506 1106 540 1144 δὲ
558 1106 768 1158 Ἡρακλείας
789 1105 849 1143 καὶ
868 1108 936 1142 τῶν
940 1104 1043 1165 πρὸς
1067 1107 1135 1143 Βυ-

101 1166 226 1218 ζαντίῳ
244 1166 378 1203 πόλεων
397 1165 456 1203 καὶ
477 1165 644 1217 φρουρίων
667 1164 775 1210 ἄλλην
793 1163 910 1212 ἔλεγον
928 1167 1014 1201 εἶναι
1035 1162 1136 1200 δύνα-

101 1240 171 1273 μιν,
191 1225 220 1261 εἷ
248 1223 384 1270 δεήσοι,
404 1222 492 1260 ὥστε
521 1222 628 1272 μηδὲν
660 1222 829 1260 ελλείπειν
854 1224 922 1259 τῶν
952 1223 985 1265 ἐς
1013 1221 1136 1258 ἐλπίδα

99 1281 256 1333 χρηστὴν
284 1281 606 1331 συντελούντων·τῷ
633 1279 736 1332 ἔργῳ.
761 1281 884 1318 Ταῦτα
903 1278 1138 1330 ὑποσχόμενος

100 1343 118 1377 ὁ
137 1339 256 1386 Ζήνων
274 1345 344 1382 τοῖς
359 1338 526 1392 πρέσὸεσι
541 1337 632 1376 κατὰ
650 1339 755 1389 τάχος
771 1337 956 1388 ἐκπέμπει.
981 1336 1084 1390 Ἄρας
1103 1336 1138 1374 δὲ

101 1400 118 1436 6
138 1397 347 1449 Θευδέριχος
372 1399 422 1450 τῷ
443 1399 546 1434 αὐτοῦ
569 1397 806 1449 στρατεύματι
825 1396 880 1448 ᾕει
908 1395 965 1433 ἐπὶ
984 1395 1046 1438 τὰς
1072 1395 1138 1433 πύ-

100 1459 186 1503 λας,
215 1457 372 1509 καθάπερ
406 1456 594 1495 συνέκειτο.
635 1454 841 1508 Ἐρχομένῳ
873 1452 908 1491 δὲ
942 1456 1036 1504 αὐτῷ
1063 1454 1139 1492 οὔτε

102 1518 120 1551 6
143 1514 334 1567 στρατηγὸς
362 1517 421 1559 τ’ἧς
449 1513 594 1566 Θρᾴκης
625 1513 780 1560 ἀπήντα,
810 1512 886 1551 οὔτε
918 1514 948 1550 οἱ
979 1512 1061 1564 πρὸς
1090 1514 1140 1565 τῷ

102 1571 226 1625 Ἕὸρῳ
242 1575 479 1618 ὑποκαθῆσθαι
498 1571 698 1623 λεγόμενοι,
714 1570 803 1608 ἀλλὰ
820 1572 862 1608 δι’
877 1569 1023 1622 ἐρημίας
1043 1571 1142 1623 (ἠρε-

105 1630 185 1680 μίας
214 1631 315 1678 conj.
343 1631 453 1681 Val.)
476 1629 615 1667 διελθὼν
636 1628 678 1667 τὰ
707 1632 740 1667 ἐν
761 1628 857 1681 μέσῳ
886 1630 933 1672 εἷς
959 1628 1036 1671 τοὺς
1062 1627 1141 1679 περὶ

105 1687 226 1727 Σονδὶν
248 1690 395 1738 (Eoum
421 1690 503 1728 Val.
519 1690 529 1739 )
555 1687 793 1760 παραγίνεται
811 1685 957 1739 χώρους.
979 1685 1086 1738 Ὄρος
1106 1686 1141 1723 δέ

105 1749 178 1784 ἐστι
197 1751 298 1785 τοῦτο
328 1745 457 1799 ὑψηλόν
476 1761 512 1783 τε
542 1746 601 1783 καὶ
621 1745 710 1795 μέγα
739 1745 798 1783 καὶ
822 1745 949 1796 ἄπορον
969 1746 1138 1793 ἐπελθεῖν,

105 1805 137 1843 εἴ
155 1821 206 1849 τις
234 1805 304 1842 ἄνω
332 1804 474 1842 κωλύει·
497 1806 531 1842 ἐν
561 1807 589 1855 ᾧ
621 1802 900 1855 στρατοπεδεύων
928 1806 946 1841 6
975 1801 1141 1854 Τριαρίου

105 1864 284 1916 ἐτύγχανε.
300 1864 493 1902 Κάντεῧθεν
506 1861 780 1914 πρισὸάλλοντες
793 1860 826 1905 ἐξ
841 1861 968 1914 ἐφόδων
981 1860 1142 1906 ἀλλήλοις
1165 1865 1169 1901 Ι

103 1986 273 2017 decoratus
289 1988 388 2024 esset,
414 1984 574 2025 explendi.
618 1985 675 2017 His
702 1985 856 2025 cognitis,
872 1982 1029 2015 valamiri
1055 1983 1140 2014 filius

104 2037 203 2069 mittit
225 2045 354 2077 quoque
371 2037 556 2076 Byzantium
568 2037 704 2076 legatos,
719 2036 775 2076 qui
790 2035 950 2074 dicerent,
966 2035 1059 2066 illum
1076 2043 1140 2066 non

104 2090 191 2130 prius
209 2088 241 2120 id
264 2088 368 2128 operis
391 2096 630 2128 aggressurum,
649 2096 746 2127 quam
763 2087 934 2127 imperator
957 2087 989 2118 et
1012 2087 1141 2118 senatus

102 2141 286 2180 iuramento
309 2139 404 2170 fidem
423 2138 603 2178 dedissent,
621 2147 788 2178 nunquam
813 2147 846 2170 se
861 2139 893 2168 in
906 2138 1039 2177 gratiam
1060 2137 1141 2168 redi-

104 2194 194 2223 turos
206 2200 281 2223 cum
295 2189 517 2223 Theudericho
528 2214 537 2230 ,
551 2190 663 2227 Triarii
689 2189 766 2221 filio.
811 2190 923 2229 ltaque
935 2190 1096 2220 senatores
1111 2189 1144 2220 et

108 2244 207 2275 duces
228 2243 425 2274 sacramenta
440 2241 612 2279 dixerunt,
630 2249 796 2281 nunquam
812 2249 846 2272 se
864 2240 896 2272 in
912 2241 1045 2280 gratiam
1068 2248 1143 2271 cum

106 2296 161 2326 illo
173 2318 183 2335 ‚
195 2295 254 2326 nisi
273 2295 444 2334 imperator
458 2294 608 2332 voluerit,
633 2294 801 2325 redituros.
848 2294 887 2324 Et
903 2292 1085 2332 imperator,
1111 2301 1144 2323 se

108 2354 273 2386 nunquam
299 2354 317 2376 a
348 2345 465 2377 soedere
491 2354 708 2384 recessurum,
726 2345 786 2375 nisi
807 2345 893 2384 prius
917 2353 953 2375 ea
972 2344 1037 2384 ipse
1062 2345 1144 2375 esset

106 2401 333 2437 transgressus.
354 2396 608 2435 Hisjuramentis
620 2396 788 2436 praestitis,
806 2395 1063 2427 Tlieudericliun)
1075 2403 1144 2426 mo·

109 2458 184 2480 vere
203 2457 277 2479 cum
287 2447 435 2478 omnibus
452 2447 561 2487 copiis,
574 2455 654 2487 quas
663 2447 701 2478 ad
719 2447 973 2486 Martianopolim
988 2446 1020 2477 in
1036 2446 1146 2477 castris
1172 2454 1176 2467 ι

110 2500 260 2539 habebat,
278 2501 309 2530 et
326 2499 458 2530 ulterius
479 2498 624 2538 progredi
638 2499 731 2538 jussit
747 2511 754 2530 :
782 2490 897 2529 ubiqad
911 2500 1019 2538 portas
1043 2497 1144 2529 llaemi

109 2551 228 2582 montis
245 2550 458 2590 pervenisset,
473 2550 618 2581 Thraciae
632 2550 818 2590 praesectum
835 2558 908 2580 cum
923 2549 1047 2580 duobus
1058 2549 1146 2588 equi-

108 2605 179 2635 tum
193 2601 332 2633 millibus
345 2603 375 2633 et
388 2602 497 2633 decem
511 2602 651 2633 millibus
665 2602 769 2642 gravis
782 2602 952 2632 armaturae
966 2609 999 2632 se
1015 2600 1059 2631 illi
1072 2609 1145 2630 con-

110 2655 299 2695 juncturum
313 2663 391 2692 esse;
405 2656 552 2685 Haemum
566 2655 758 2694 transgresso
771 2654 848 2684 alias
862 2653 904 2684 illi
913 2653 1020 2692 copias
1033 2653 1071 2683 ab
1084 2654 1146 2683 Ile-

114 2707 173 2738 bro
184 2705 315 2737 flumine
333 2707 364 2736 et
380 2705 581 2745 Adrianopoli
595 2705 724 2736 obviam
741 2704 850 2743 ituros,
865 2705 1006 2744 peditum
1023 2704 1145 2743 viginti,

113 2758 259 2797 equitum
284 2765 335 2787 sex
352 2756 461 2787 millia.
507 2758 657 2788 Ceterum
675 2756 836 2788 Heracleae
857 2757 890 2787 et
909 2756 940 2787 in
956 2755 1025 2787 aliis
1038 2756 1147 2786 civita-

111 2809 199 2841 tibus
217 2809 248 2839 et
266 2807 343 2839 locis
361 2807 490 2838 munitis
512 2807 595 2838 circa
616 2808 802 2847 Byzantium
827 2807 977 2838 dicebant
992 2816 1058 2838 esse
1071 2807 1150 2838 alias

113 2860 236 2900 copias,
247 2859 271 2890 si
282 2867 362 2898 opus
378 2859 475 2897 soret,
495 2859 539 2890 ita
556 2862 590 2889 ut
606 2859 694 2890 nulla
708 2867 759 2898 re,
774 2868 847 2899 quae
857 2859 897 2890 ad
912 2858 1037 2890 felicem
1050 2867 1148 2890 even-

113 2914 184 2943 tum
202 2909 394 2950 sperandum
420 2910 556 2948 faceret,
583 2909 817 2942 destitueretur.
863 2913 940 2942 Haec
966 2913 1050 2942 Zeno
1077 2919 1150 2950 pro-

115 2962 245 2994 mittens
267 2961 395 3000 legatis,
414 2961 522 2992 statim
539 2970 593 2992 eos
620 2961 751 2994 dimisit.
777 2963 888 3002 ltaque
912 2962 1151 2993 Tlieudericlius

116 3023 248 3046 movens
260 3022 333 3045 cum
350 3022 407 3045 suo
430 3014 570 3044 exercitu
581 3038 589 3053 ,
604 3016 640 3045 ut
656 3017 865 3054 convenerat,
877 3015 917 3046 ad
934 3015 1039 3046 fauces
1050 3015 1151 3047 Haemi

117 3065 235 3097 montis
247 3065 346 3096 venit.
391 3066 496 3100 Quum
510 3065 585 3096 illuc
597 3065 789 3103 accessisset,
812 3075 916 3106 neque
931 3066 999 3097 dux
1009 3066 1151 3098 Thraciae

117 3116 231 3148 obvius
255 3115 332 3153 fuit,
349 3124 451 3155 neque
474 3115 503 3146 hi
529 3116 583 3155 qui
609 3115 649 3146 ab
672 3116 777 3147 Hebro
798 3117 923 3148 venturi
951 3118 1150 3149 dicebantur.

118 3170 242 3201 Interea
255 3176 440 3208 percurrens
449 3167 589 3206 deserta,
607 3177 679 3207 quae
706 3168 737 3199 iu
754 3168 858 3200 medio
885 3172 993 3209 crant,
1019 3170 1057 3201 ad
1083 3170 1152 3201 loca

120 3219 239 3259 Sondin
259 3218 428 3259 (SucinP)
449 3219 602 3258 pervenit.
621 3221 676 3250 Est
695 3221 802 3251 autem
825 3220 938 3252 Sondis
956 3230 1047 3253 mons
1071 3221 1155 3253 altus

121 3273 153 3304 et
168 3271 365 3312 praeruptus,
383 3270 438 3310 qui
455 3269 581 3301 ascendi
598 3270 728 3302 minime
746 3273 872 3311 potest,
898 3272 923 3303 si
947 3272 1018 3311 quis
1037 3273 1077 3304 sit
1099 3273 1153 3312 qui

121 3333 161 3356 ex
174 3324 239 3355 alto
254 3322 413 3363 impediat.
430 3324 466 3354 ln
483 3321 785 3362 eo'l'lieudericlius,
806 3324 919 3355 Triarii
933 3324 1016 3355 tilius
1027 3349 1036 3364 ,
1051 3327 1155 3356 castra

124 3375 290 3416 posuerat,
307 3373 414 3414 ibique
428 3373 552 3406 levibus
566 3374 684 3414 proeliis
697 3374 779 3406 inter
794 3383 838 3414 se,
853 3383 952 3415 quum
969 3376 1152 3416 pabulatum

815 211 1011 251 MALCHI
1041 208 1511 250 PHILADELPHENSIS

1191 294 1333 346 ποίμνιά
1351 311 1388 333 τε
1412 295 1470 333 καὶ
1493 293 1621 336 ἵππους
1652 292 1711 330 καὶ
1744 293 1838 331 λείαν
1867 293 1976 338 ἄλλην
2007 293 2221 345 ἀφήρπαζον.

1193 353 1238 392 ‘O
1258 353 1294 391 δὲ
1309 357 1367 392 τοῦ
1385 351 1552 406 Τριαρίου
1568 353 1719 402 συνεχῶς
1736 350 1979 403 προσιππεύων
1999 351 2055 388 ἐπὶ
2070 351 2109 388 τὸ
2125 366 2224 402 στρα-

1190 411 1332 449 τόπεδον
1364 410 1403 448 τὸ
1434 409 1582 457 ἐκείνου,
1612 408 1726 461 ὕὸριζε
1761 409 1819 446 καὶ
1864 408 2013 453 ὠνείδιζε
2051 410 2222 456 πλεῖστα,

1192 468 1350 521 ἐπίορκόν
1366 484 1403 506 τε
1421 470 1537 506 καλῶν
1560 466 1619 505 καὶ
1639 468 1747 504 παῖδα
1766 466 1826 504 καὶ
1842 466 1972 519 ἄφρονα
2000 466 2058 504 καὶ
2084 470 2142 504 τοῦ
2169 465 2227 517 γε’-
2272 513 2274 516 y

1191 542 1266 570 νους
1284 531 1343 564 τοῦ
1360 529 1474 564 κοινοῦ
1494 525 1614 577 ἐχθρόν
1638 540 1675 562 τε
1693 524 1751 562 καὶ
1768 525 1954 575 προδότην,
1976 525 2068 567 ὅστις
2087 525 2126 562 οὐ
2146 539 2226 562 συν-

1193 584 1264 631 ίησι
1281 587 1341 630 τῆς
1365 582 1505 634 γνώμης
1529 586 1590 629 τῆς
1605 581 1809 631 Ῥωμαίων,
1828 581 1915 631 μηδὲ
1931 585 1994 634 ὁρᾷ
2013 581 2076 628 τὴν
2093 581 2226 634 σκέψιν,

1192 640 1245 679 ὅτι
1276 641 1374 679 αὐτοὶ
1412 641 1592 693 βούλονται
1626 639 1814 688 καθήμενοι
1846 643 1960 692 ἡσυχῇ
1995 640 2116 683 αὐτοὺς
2149 639 2228 692 περὶ

1194 697 1334 741 ἑαυτοὺς
1354 697 1566 750 κατατρίψαι
1585 695 1662 739 τοὺς
1682 698 1710 734 Γ
1713 696 1841 740 ότθους,
1865 715 1878 730 (ι
1900 698 2062 736 Κάκεῖνοι
2081 697 2144 748 μὲν
2166 697 2228 744 τὴν

1193 756 1291 803 νίκην
1319 754 1449 794 ἀκονιτὶ
1480 755 1630 806 ἔχουσιν,
1656 754 1813 806 ὁπότεροι
1841 754 2018 804 πέσοιμεν.
2044 755 2167 806 Ἡμῶν
2192 755 2228 793 δὲ

1193 814 1353 866 ὁπότεροι
1372 811 1449 856 τοὺς
1470 813 1602 864 ἑτέρους
1631 811 1824 865 φθείρουσι,
1846 810 1908 858 τὴν
1928 816 1986 850 τοῦ
2013 812 2116 863 λόγου
2148 816 2228 852 Κα-

1195 872 1316 922 δμείαν
1339 870 1568 923 ἀποφέρονται
1594 870 1703 917 νίκην,
1735 869 1895 913 ἐλάττους
1925 870 2120 920 λειπόμενοι
2145 872 2229 923 πρὸς

1195 931 1256 976 τὴν
1276 929 1464 978 Ῥωμαίων
1485 928 1681 975 ἐπιδουλήν.
1731 931 1772 965 ῧν
1791 931 1870 978 γοῦν
1889 928 1926 966 σὲ
1944 929 2151 972 καλέσαντες
2170 929 2229 968 καὶ

1197 987 1485 1039 ἐπαγγειλάμενοι
1515 986 1724 1038 παρέσεσθαι
1752 986 1812 1024 καὶ
1842 986 1939 1024 αὐτοὶ
1968 987 2027 1024 και
2046 991 2142 1040 κοινῇ
2170 1003 2228 1025 συ-

1196 1045 1407 1097 στρατεύειν,
1424 1043 1501 1083 οὔτε
1519 1046 1665 1082 ἐνταῦθα
1681 1044 1854 1095 πάρεισιν,
1866 1043 1943 1082 οὔτε
1963 1045 2019 1082 ἐπι
2035 1044 2096 1088 τὰς
2114 1044 2232 1088 πόλεις

1197 1103 1412 1150 ἀπήντησαν,
1440 1106 1486 1145 ὡς
1515 1106 1624 1149 εἷπον,
1648 1102 1750 1151 μόνον
1776 1101 1812 1139 δὲ
1841 1101 2008 1140 ἀπέλιπον
2041 1102 2232 1141 ἀπολέσθαι

1197 1162 1349 1200 κάκιστα
1379 1161 1438 1199 καὶ
1469 1164 1530 1207 τῆς
1558 1176 1596 1211 γε
1625 1160 1835 1212 θρασύτητος
1864 1161 1979 1198 δοῦναι
2010 1161 2107 1208 δίκην
2137 1160 2233 1205 ἀξίαν

1197 1237 1225 1272 ῳ
1244 1220 1443 1271 προέδωκας
1463 1219 1566 1269 γένει.
1587 1237 1602 1252 υ
1623 1221 1747 1258 'locvm
1768 1218 2020 1262 ἐπακούσαντες
2036 1218 2159 1257 πολλοι
2174 1235 2232 1257 του

1199 1280 1302 1316 αὐτου
1331 1277 1481 1324 πλήθους
1507 1278 1649 1329 συνῇδον
1678 1279 1748 1319 τοῖς
1774 1276 1904 1326 λόγοις,
1925 1276 2052 1329 καὶτῷ
2081 1276 2234 1330 σφετέρῳ

1199 1339 1311 1374 αὐτῶν
1331 1337 1515 1388 στρατηγῷ
1529 1335 1727 1388 προσιόντες
1742 1334 1872 1385 ἔλεγον,
1888 1337 1933 1378 ὡς
1946 1316 2062 1373 εἰκότα
2079 1336 2233 1380 ὀνειδίζοι

1199 1397 1343 1441 ἐκεῖνος,
1368 1393 1427 1431 καὶ
1458 1394 1510 1431 ὅτι
1538 1395 1576 1431 οὐ
1610 1393 1781 1445 προσήκει
1805 1392 2000 1445 φθείρεσθαι
2019 1392 2234 1446 περαιτέρω,

1201 1453 1276 1491 οὐδὲ
1291 1456 1350 1498 τῆς
1364 1451 1560 1502 συγγενείας
1575 1454 1635 1498 τ’ἧς
1646 1454 1762 1498 κοινῆς
1779 1452 1973 1501 ἀμελοῦντα
1990 1456 2057 1494 τοῖς
2071 1453 2236 1503 προδοῦσι

1201 1526 1394 1564 προσεχειν.
1414 1512 1468 1562 Τῇ
1497 1509 1565 1548 δὲ(
1553 1509 1716 1561 υστεραία
1741 1509 1847 1547 πάλιν
1867 1508 2000 1552 ἀναὸὰς
2029 1509 2237 1563 Θευδέριχος

1202 1569 1260 1607 ἐπί
1279 1584 1354 1606 τινα
1381 1568 1530 1620 γήλοφον
1561 1567 1647 1620 ὑπὲρ
1673 1571 1731 1605 τοῦ
1762 1566 1994 1626 στρατοπέδου
2014 1582 2074 1604 του
2100 1567 2236 1605 ἐκείνων

1200 1627 1301 1664 ἐὸόα·
1318 1644 1333 1660 «
1347 1626 1393 1664 Ιί
1411 1642 1486 1669 τους
1505 1625 1606 1675 ἐμους
1631 1628 1823 1677 συγγενεῖς,
1844 1642 1872 1663 ω
1889 1625 2032 1663 κάκιστε
2042 1626 2236 1673 ,ἀπ-ἀλλος,

1202 1685 1235 1723 τί
1261 1684 1430 1727 τοσαύτας
1459 1690 1624 1735 γυναῖκας
1653 1683 1817 1728 ἐποίησας
1847 1682 2025 1735 χηρεύειν;
2052 1687 2119 1722 ποῦ
2150 1684 2185 1722 δὲ
2207 1686 2238 1722 οἱ

1202 1742 1331 1781 τούτων
1350 1742 1490 1795 ἅνδρες;
1508 1742 1529 1788 ἢ
1546 1745 1621 1784 πῶς
1641 1741 1838 1785 ἐξαπόλωλε
1861 1741 2000 1779 πάντων
2018 1745 2040 1788 ἡ
2069 1742 2211 1791 εὐπορία
2226 1771 2236 1787 ,

1204 1802 1247 1848 ἣν
1279 1800 1415 1852 ἔχοντες
1445 1800 1574 1838 οἴκοθεν
1596 1799 1891 1852 συνεστράτευσαν
1922 1815 1992 1847 σοι;
2025 1800 2084 1837 καὶ
2115 1800 2239 1837 σύνδυο

1202 1860 1263 1899 καὶ
1283 1859 1434 1912 σύντρεις
1457 1858 1598 1902 ἕκαστος
1619 1857 1745 1902 ἵππους
1767 1858 1873 1909 ἔχων,
1904 1861 1963 1895 νῦν
1995 1857 2137 1896 ἄνιπποι
2165 1873 2236 1910 χω-

1378 1945 2222 1960 μ-ῇ-ᾲ..

1201 1982 1315 2022 ibant,
1334 1981 1590 2022 congredientes,
1615 1983 1778 2020 armenta,
1801 1990 1901 2020 equos
1919 1982 1952 2013 et
1975 1981 2071 2013 aliam
2098 1981 2238 2022 praedam

1203 2036 1315 2066 mutuo
1338 2034 1398 2066 sibi
1411 2033 1598 2074 eripiebant.
1617 2033 1678 2066 Sed
1697 2034 1808 2065 Triarii
1824 2034 1908 2064 filius
1926 2033 2039 2065 crebro
2052 2033 2242 2074 obequitans

1203 2087 1287 2118 circa
1308 2088 1412 2118 castra
1423 2086 1554 2118 alterius
1569 2087 1744 2125 exercitus,
1760 2095 1833 2117 eum
1852 2086 2081 2117 contumeliose
2104 2086 2240 2118 insecta·

1202 2139 1308 2179 batur,
1328 2140 1360 2171 et
1376 2139 1477 2171 multa
1495 2139 1639 2170 convicia
1661 2138 1695 2170 in
1708 2147 1782 2170 eum
1800 2138 1956 2178 jaciebat,
1975 2138 2141 2179 perjurum
2165 2146 2239 2169 eum

1201 2199 1318 2221 vocans
1328 2215 1338 2230 ‚
1350 2198 1483 2230 puerum
1494 2213 1503 2229 ‚
1517 2190 1699 2222 dementem
1709 2190 1742 2220 et
1754 2189 1803 2220 sui
1813 2189 1935 2229 generis
1947 2189 2070 2220 hostem
2092 2191 2123 2221 et
2138 2189 2242 2230 prodi—

1202 2242 1322 2280 torem,
1343 2242 1398 2281 qui
1420 2243 1637 2272 Romanorum
1654 2241 1794 2271 mentem
1817 2249 1881 2271 non
1901 2241 2028 2280 nosset,
2053 2249 2158 2280 neque
2173 2249 2239 2280 quo

1202 2293 1369 2324 tenderent
1385 2301 1495 2324 eorum
1506 2292 1648 2330 consilia,
1661 2292 1794 2323 videret.
1809 2303 1825 2318 «ι
1840 2291 1964 2322 Etenim
1977 2291 2108 2331 volunt,
2121 2290 2238 2330 inquit,

1205 2343 1261 2384 ipsi
1277 2344 1369 2376 otiosi
1387 2343 1512 2375 efficere
1528 2344 1565 2375 ut
1591 2343 1687 2375 Gothi
1705 2351 1759 2383 per
1783 2342 1906 2373 Gothos
1921 2341 2086 2373 deleantur
2097 2343 2129 2373 et
2141 2341 2240 2373 confi-

1204 2395 1342 2433 ciantur,
1359 2403 1424 2435 quo
1442 2394 1508 2426 sine
1525 2394 1591 2426 ullo
1606 2393 1715 2425 labore
1727 2417 1735 2433 ‚
1753 2393 1866 2424 utrivis
1881 2394 2025 2424 nostrum
2051 2391 2242 2432 ceciderint,

1204 2445 1340 2477 victores
1353 2446 1516 2478 exsistant.
1533 2446 1734 2485 Quicumque
1749 2445 1893 2476 nostrum
1907 2443 2103 2476 adversarios
2111 2452 2242 2484 oppres-

1206 2497 1324 2535 serint,
1346 2496 1537 2536 Cadmeam,
1562 2505 1658 2536 quam
1684 2495 1812 2535 dicunt,
1831 2494 1997 2526 victoriam
2016 2495 2242 2535 reportabunt,

1206 2547 1263 2588 ipsi
1279 2548 1399 2579 scilicet
1414 2547 1533 2578 viribus
1551 2547 1668 2579 attritis
1694 2547 1914 2589 Romanorum
1929 2546 2049 2577 insidiis
2067 2546 2166 2586 magis
2183 2545 2242 2578 ob-

1207 2599 1304 2630 noxii.
1350 2601 1442 2631 Nunc
1456 2599 1623 2638 postquam
1639 2602 1669 2630 te
1682 2597 1900 2636 advocarunt,
1917 2598 1949 2628 et
1967 2606 2000 2629 se
2021 2596 2106 2637 ipsos
2117 2605 2244 2638 quoque

1207 2655 1358 2683 venturos
1370 2653 1421 2691 et,
1448 2652 1483 2682 ut
1497 2659 1568 2682 cum
1584 2652 1640 2682 tuo
1663 2650 1805 2682 exercitu
1819 2649 2007 2689 conjunctos
2021 2673 2030 2689 ,
2055 2648 2176 2680 bellum
2190 2657 2243 2689 ge—

1207 2706 1310 2734 sturos
1324 2712 1390 2735 esse
1406 2703 1631 2743 promiserunt,
1649 2710 1751 2742 neque
1766 2702 1934 2741 quisquam
1948 2701 1999 2732 hic
2010 2700 2130 2740 adfuit,
2141 2708 2244 2740 neque

1207 2754 1246 2786 ad
1264 2754 1377 2793 urbes,
1396 2753 1489 2786 sicuti
1508 2753 1672 2791 dixerant,
1698 2755 1925 2790 occurrerunt,
1951 2753 2047 2792 teque
2067 2752 2192 2790 solum,
2207 2751 2245 2782 ut

1207 2807 1290 2838 male
1306 2807 1424 2847 perires
1436 2807 1467 2838 et
1480 2814 1590 2846 poenas
1607 2805 1794 2837 temeritatis
1806 2807 1871 2836 tuae
1893 2804 1960 2842 liis,
1973 2813 2054 2844 quos
2066 2803 2243 2844 prodidisti,

1209 2858 1317 2897 dares,
1337 2858 1547 2898 reliquerunt.
1566 2869 1582 2884 »ι
1603 2858 1680 2888 Haec
1697 2856 1748 2887 ubi
1764 2856 1951 2895 audierunt,
1962 2855 2069 2895 plures
2083 2863 2124 2886 ex
2140 2854 2246 2886 multi-

1209 2911 1337 2949 tudine,
1353 2918 1426 2950 quae
1448 2919 1522 2941 cum
1539 2908 1759 2941 Tlieudericlio
1774 2909 1859 2946 erat,
1879 2916 1917 2938 ea
1943 2915 2015 2946 quae
2036 2906 2121 2937 dicta
2137 2907 2245 2945 erant,

1210 2962 1402 3002 probarunt,
1414 2962 1446 2992 et
1462 2961 1613 2992 adversus
1626 2968 1720 2991 suum
1734 2959 1847 2990 ducem
1861 2959 2059 2998 insurgentes
2071 2957 2244 2996 dixerunt,

1212 3013 1325 3044 merito
1335 3013 1420 3044 hunc
1433 3012 1479 3044 illi
1490 3011 1631 3043 convicia
1644 3011 1761 3050 dicere,
1775 3019 1834 3042 nec
1845 3011 1991 3049 oportere
2000 3008 2120 3039 diutius
2133 3007 2166 3039 in
2176 3016 2245 3039 mu-

1210 3066 1300 3096 tuam
1317 3064 1485 3104 perniciem
1498 3065 1638 3096 armatos
1653 3071 1799 3103 pergere,
1816 3065 1847 3094 et
1860 3062 1949 3093 nulla
1965 3061 2071 3092 habita
2081 3060 2245 3100 cognatio-

1211 3116 1260 3147 nis
1274 3116 1395 3147 ratione
1405 3140 1414 3155 ‚
1431 3124 1464 3147 se
1476 3115 1516 3146 ad
1529 3123 1639 3146 eorum
1653 3122 1779 3145 causam
1789 3137 1798 3153 ,
1812 3113 1867 3153 qui
1883 3113 1967 3152 ipsos
1979 3111 2165 3151 proderent,
2185 3110 2245 3142 ad-

1210 3168 1352 3207 jungere.
1369 3166 1524 3199 Postridie
1543 3166 1659 3198 iterum
1683 3164 1855 3196 ascendens
1877 3162 2117 3195 Tlieudericlius
2130 3162 2245 3194 collem

1214 3220 1351 3253 bostium
1374 3221 1486 3251 castris
1509 3218 1746 3256 imminentem,
1766 3215 1923 3248 clamabat
1941 3229 1948 3247 ε
1965 3227 1980 3242 «
1998 3217 2075 3254 Cur,
2092 3214 2244 3255 pessime,

1213 3282 1301 3304 meos
1316 3273 1464 3312 cognatos
1479 3271 1637 3312 perditum
1651 3270 1724 3302 isti?
1737 3278 1795 3301 cur
1813 3270 1862 3300 tot
1878 3269 2026 3300 mulieres
2043 3267 2156 3299 viduas
2167 3267 2244 3299 et't'e-

1214 3325 1304 3356 cisti?
1330 3324 1457 3355 ubinam
1483 3324 1626 3355 locorum
1648 3324 1723 3353 sunt
1744 3329 1854 3352 corum
1877 3320 1957 3351 viri?
1985 3318 2146 3359 quomodo
2167 3325 2244 3349 con-

1214 3377 1349 3417 sumpta:
1370 3376 1444 3408 sunt
1470 3374 1634 3406 facultates
1657 3381 1735 3413 quas
1753 3371 1950 3411 habuerunt,
1968 3379 2068 3411 quum
2096 3368 2192 3401 domo
2204 3368 2243 3399 ad
