2372 3704
421 401 423 403 -
459 353 809 413 THESEUS.

175 466 348 504 Suidas:
374 461 530 509 Θησευς,
552 459 736 513 ἱστορικός.
759 458 861 502 Βίους
889 456 1069 502 ἐνδόξων’
1054 473 1088 495 εν
1111 460 1164 508 βι-

123 523 230 568 ὃλίοις
256 523 295 571 ε’,
334 519 548 573 Κορινθιακὰ
581 520 844 577 (Κορινθιακῶν
882 515 1018 567 codd.)
1047 518 1081 554 ἐν
1112 519 1163 567 βι-

121 582 227 626 ὅλίοις
245 582 290 633 γ’,
305 583 339 620 ἐν
359 575 409 624 οἷς
431 582 502 631 (sic
522 580 684 624 Eudoc.;
715 578 749 614 ἐν
769 579 796 628 ᾧ
812 577 918 613 Suid
930 576 941 625 )
961 575 1058 621 δηλοῖ
1085 572 1165 624 (καὶ

121 643 211 680 add
233 642 331 679 Eud.
342 639 434 690 )τὴν
461 637 676 676 κατάστασιν
705 639 764 674 τοῦ
794 634 996 683 Ἰσθμιακου
1022 634 1164 684 ἀγῶνος.

119 701 214 739 Ead.
229 700 374 736 Eudoc.
392 713 434 748 p.
454 698 544 736 233.
558 698 684 734 Alium
699 695 889 743 quendam
896 694 1079 729 Theseum
1092 692 1163 727 ha-

119 760 186 796 bes
202 761 241 796 in
260 761 377 796 Inscr.
398 762 474 795 Att.
494 755 733 805 ap.Boeckh.
753 755 795 791 C.
812 755 933 789 Inscr.
954 753 991 797 Ι,
1008 764 1049 800 p.
1071 750 1160 788 386.

477 857 810 899 ΚΟΡΙΝΘΙΑΚΑ.

420 959 450 993 E
477 955 628 992 LIBRO
657 952 838 989 TERTIO

170 1046 319 1084 Tzetzes
335 1045 385 1080 ad
410 1046 510 1091 Lyc.
525 1042 630 1086 644.
651 1036 757 1090 Ἄρνη
775 1038 873 1079 πόλις
899 1035 972 1073 ἐστὶ
992 1034 1162 1078 Βοιωτίας

119 1103 188 1142 ἀπὸ
205 1101 330 1155 Ἄρνης
355 1104 417 1147 τῆς
440 1100 657 1141 Ποσειδῶνος
676 1100 825 1149 τροφοῦ,
841 1094 917 1142 ἥτις
942 1094 1077 1146 Κρόνου
1096 1095 1161 1141 ζη-

116 1166 253 1205 τοῦντος
276 1160 491 1205 Ποσειδῶνα,
508 1156 735 1210 ἀπηρνήσατο
764 1153 813 1205 μὴ
834 1153 925 1206 ἔχειν
947 1151 1066 1203 αὐτὸν,
1087 1151 1162 1191 ὅθεν

116 1225 138 1268 ἡ
166 1220 263 1263 πόλις
291 1219 420 1265 ἐκλήθη
448 1217 580 1290 Ἄρνη,
589 1214 754 1267 πρότερον
776 1212 876 1252 Σινόε
880 1227 946 1250 σσα
965 1210 1160 1262 λεγομένη,

117 1279 163 1323 ὥς
193 1293 278 1331 φησι
297 1276 436 1323 Θησευς
461 1277 496 1314 ἐν
527 1274 624 1327 τρίτῃ
661 1274 914 1325 Κορινθιακων.
948 1273 1079 1308 Paullo
1095 1273 1162 1307 ali-

118 1341 308 1386 terEtym.
333 1339 385 1374 M.
399 1350 440 1385 p.
466 1334 560 1382 145,
577 1339 650 1380 47:
670 1329 799 1382 Ἄρνη,
821 1329 958 1382 νύμφη,
988 1332 1010 1375 ἠ
1036 1328 1161 1381 τροφὸς

118 1397 346 1437 Ποσειδωνος.
363 1389 674 1445 Ειρηταιδὲ(και)
691 1386 825 1460 Apvrl‘
808 1404 830 1435 η
845 1388 962 1440 νύμφη
981 1388 1154 1426 Σινόεσσα

118 1457 188 1504 (sc.
208 1453 395 1506 πρότερον)
413 1449 625 1500 καλουμένη,
646 1448 699 1486 ὅτι
712 1448 770 1486 τὸν
786 1448 989 1485 Ποσειδῶνα
1001 1446 1159 1485 λαὸοῧσα

117 1512 214 1566 παρὰ
233 1529 294 1558 της
322 1510 384 1550 Ῥέ
370 1526 427 1553 εας
443 1509 631 1561 ἐκτρέφειν,
651 1506 736 1558 πρὸς
758 1505 815 1544 τὸν
838 1504 969 1556 Κρόνον
987 1506 1157 1552 ζητοῦντα

118 1571 363 1622 ἀπηρνήσατο·
393 1567 452 1606 καὶ
485 1569 636 1605 ἐντεῦθεν
669 1563 775 1616 Ἄρνη
817 1563 1020 1612 ὠνομάσθη.
1053 1563 1159 1603 Οὕτω

116 1628 295 1676 Θησευς“ς
281 1644 316 1666 εν
358 1627 594 1678 Κορινθιακῶν
623 1624 742 1676 τρίτω.
783 1623 1156 1663 Cf.Ms111er.M1·n.

148 1718 156 1728 .
179 1689 199 1724 3
232 1701 268 1726 α.

115 1701 227 1784 1)»Βὲ
254 1746 498 1782 Isthmiorum
526 1742 760 1778 institutione
787 1753 832 1776 ex
860 1741 991 1777 Thesei
1022 1742 1159 1778 Corin-

116 1807 247 1842 thiacis
261 1805 356 1840 nihil
374 1803 564 1852 proditur,
581 1813 715 1836 verum
731 1812 777 1835 ex
794 1801 932 1835 Musaeo
952 1800 1161 1837 afferuntur

114 1865 223 1900 haec.
241 1864 367 1900 Schol.
390 1861 516 1930 Apoll.
525 1860 601 1898 Rh.
615 1860 695 1903 ΙΙΙ,
718 1862 848 1900 1240:
863 1857 1070 1900 Μουσαῖος’
1055 1874 1090 1895 εν
1110 1875 1159 1911 τῳ

116 1920 204 1973 Περι
223 1919 417 1969 Ἰσθμίων
399 1918 458 1956 ούο
475 1931 618 1976 φησιγε
591 1915 723 1953 ενέσθαι
741 1916 877 1965 ἀγωνας
894 1916 929 1952 ἐν
946 1932 995 1967 τῳ
1014 1916 1158 1970 Ἰσθμῶ·

115 1979 174 2016 καὶ
193 1979 250 2016 τὸν
270 1978 331 2028 μὲν
354 1977 568 2018 Ποσειδῶνος
587 1977 691 2020 εἰναι,
711 1973 769 2011 τὸν
794 1972 829 2010 δὲ
853 1974 944 2012 Μελ.
935 1989 985 2011 κε
971 1974 1080 2026 ’ρτου.
1103 1977 1157 2014 Cf.

113 2039 234 2076 schol.
256 2038 364 2074 Pind.
394 2035 608 2072 Introduct.
631 2035 670 2069 in
690 2034 819 2071 Isthm.
847 2041 884 2069 et
903 2035 1051 2073 Passov.
1071 2037 1158 2070 Mu-

113 2111 209 2133 saeus
229 2110 265 2145 p.
287 2097 354 2143 783
375 2094 535 2131 Meinek.
556 2093 605 2129 ad
623 2093 794 2140 Euphor.
813 2106 850 2141 p.
874 2093 946 2128 106
975 2106 1059 2141 sqq.
1081 2094 1158 2143 (Ex

113 2157 228 2192 schol.
240 2156 378 2203 Apoll„
389 2156 518 2190 Tzetze
539 2152 588 2188 ad
604 2154 699 2198 Lye.
725 2164 814 2198 109,
836 2152 915 2187 aliis
929 2164 996 2187 sua
1025 2165 1159 2188 corra-

113 2216 159 2250 sit
172 2215 315 2251 Natalis
325 2214 431 2249 Com.
448 2213 492 2256 V,
514 2215 550 2254 4,
569 2210 634 2257 qui
651 2210 715 2253 iis,
736 2222 819 2256 quae
839 2222 898 2257 ap.
916 2211 1084 2245 Tzetzem
1101 2212 1158 2246 le·

113 2281 267 2321 guntur,
285 2279 414 2307 testem
430 2268 577 2306 affinxit
602 2268 779 2303 Theseum
798 2272 836 2302 in
864 2268 1131 2306 Corizztlziaci..c
1146 2269 1156 2317 )

167 2332 292 2368 Schol.
310 2331 400 2368 Eur.
414 2328 516 2364 Med
540 2339 611 2363 10:
627 2323 712 2363 Οτι
725 2340 784 2362 και
799 2325 998 2368 αθανατος
981 2342 1021 2372 ην
1043 2329 1061 2372 ἡ
1080 2327 1159 2373 Μή-

113 2388 188 2425 δεια
212 2387 386 2429 Μουσαῖος
410 2388 443 2423 ἐν
463 2401 512 2422 τι)
535 2383 624 2435 Περι
639 2383 802 2433 Ἰσθμίων
833 2384 979 2435 ἱστορεῖ,
1000 2383 1076 2433 ἅμα
1097 2385 1156 2423 καὶ

113 2445 192 2497 περὶ
217 2447 284 2482 τῶν
305 2447 365 2490 τῆς
385 2423 545 2494 Ἀκραίας
563 2443 677 2495 ἽΙρας
697 2444 821 2493 ἑορτῶν
840 2442 992 2485 ἔκτιθείς.
1015 2447 1071 2481 De
1091 2447 1154 2481 Ju-

113 2517 214 2540 none
242 2510 372 2540 Acraea
401 2504 681 2540 Corinthiorum
705 2502 754 2539 cf.
779 2503 897 2540 schol.
931 2504 1021 2541 Eur,
1054 2505 1154 2541 Med,

119 2562 238 2608 13753
255 2564 413 2598 Pausan.
428 2563 479 2606 ΙΙ,
499 2566 560 2606 24,
583 2561 866 2609 1;Apoll0d01·.
888 2563 919 2608 Ι,
939 2574 978 2610 9,
999 2561 1069 2606 283
1089 2565 1157 2598 Ze-

112 2622 205 2658 nob.
222 2623 332 2659 Prov.
353 2623 395 2666 Ι,
419 2634 479 2666 27.
499 2622 648 2658 Miiller.
670 2622 758 2656 Dor.
782 2622 820 2668 Ι,
849 2634 888 2668 p.
915 2620 1005 2669 396.
1032 2643 1083 2648 ——
1102 2624 1156 2657 Ex

111 2681 185 2716 hoc
206 2681 319 2727 igitur
335 2680 421 2714 loco
440 2687 543 2726 patet
560 2681 738 2714 Musaeum
754 2679 853 2714 libro
865 2705 875 2723 ,
898 2691 974 2726 quo
996 2679 1043 2715 de
1060 2681 1154 2715 Isth-

112 2738 197 2772 miis
220 2738 378 2785 agebat,
397 2738 506 2772 simul
535 2738 647 2772 etiam
673 2737 720 2772 de
741 2737 820 2771 aliis
840 2749 922 2783 quae
946 2737 994 2772 ad
1014 2739 1155 2774 cultum

113 2796 395 2832 Corinthiorum
411 2796 649 2843 pertinebant
674 2796 897 2842 exposuisse.
915 2797 1039 2841 Quare
1058 2798 1156 2831 scri-

111 2861 221 2902 ptum
241 2854 340 2889 istud
359 2855 469 2888 etiam
493 2854 727 2902 Κορινθιακῶν
748 2854 858 2888 titulo
889 2854 995 2888 citari
1012 2855 1151 2902 p'otuit.

112 2912 551 2959 SimilitcrEuphorionis
565 2909 774 2961 Κορινθιακὰ
786 2919 822 2947 ct
836 2910 924 2961 Περὶ
937 2910 1100 2959 Ἰσθμίων
1115 2913 1156 2946 li-

111 2970 224 3006 brum
231 2969 532 3017 unumideinquc
544 2970 652 3005 fuisse
662 2983 756 3018 opus
764 2971 957 3004 statuimus
969 2970 1070 3018 (tom.
1083 2971 1152 3014 ΙΙΙ,

111 3041 152 3076 p.
177 3041 223 3073 72
236 3026 262 3076 ).
273 3029 357 3062 Jam
369 3040 460 3062 vero
472 3035 572 3062 recte
585 3029 717 3074 procul
735 3029 851 3063 dubio
864 3036 1015 3064 censent
1030 3028 1154 3064 More·

110 3098 175 3121 rus
190 3084 364 3134 (Diction.
387 3087 456 3130 VI,
472 3098 512 3133 p.
536 3084 682 3132 506)et
697 3087 890 3121 Passovius
911 3086 999 3134 (l.l.
1021 3099 1061 3134 p.
1080 3086 1152 3135 91)

111 3145 291 3179 Musaeum
302 3144 413 3178 istum
427 3155 504 3178 esse
518 3143 717 3190 Ephesium
731 3171 741 3188 ‚
763 3144 809 3179 de
830 3157 906 3191 quo
924 3145 975 3179 ita
995 3145 1128 3180 Suidas
1144 3158 1151 3180 :

113 3201 334 3243 Μουσαῖος...
355 3199 531 3252 Ἐφέσιος,
547 3199 705 3242 ἐποποιὸς
721 3202 789 3237 τῶν
806 3202 852 3243 εἷς
866 3200 941 3244 τοὺς
958 3203 1155 3253 Περγαμη-

616 3314 648 3344 1.

452 3387 814 3429 CORtNTfflACA„

153 3471 236 3499 Arne
247 3492 255 3507 ,
275 3467 348 3498 urbs
368 3467 497 3498 ssoeotiae
508 3490 516 3506 ‚
533 3467 578 3498 sic
594 3466 678 3497 dicta
694 3465 734 3497 ab
753 3463 837 3498 A'rnc
855 3467 992 3506 Neptuni
1009 3467 1152 3507 nutrice,

1095 253 1293 300 THESEI,

1229 339 1307 384 νοὺς
1319 340 1379 378 καὶ
1399 340 1512 385 αὐτός·
1535 341 1579 393 (*)
1601 341 1758 385 Κύκλους
1777 339 1918 395 ἔγραψε,
1936 340 2128 395 Περσηίδος
2149 344 2268 397 βιὸλία

1229 398 1332 445 δέκα,
1354 399 1413 437 καὶ
1434 401 1480 444 εἷς
1505 398 1648 450 Εὐμένη
1670 400 1729 438 καὶ
1755 397 1938 440 Ἄτταλον.
1958 403 2132 439 Ceterum
2153 416 2271 452 quum

1229 458 1363 494 fabulae
1385 459 1433 495 de
1446 460 1640 496 Melicerta
1658 460 1780 507 deque
1805 461 1965 496 Junonis
1999 462 2139 498 Acraeae
2166 464 2272 498 cultu

1227 517 1300 552 sint
1313 519 1478 564 mysticae
1492 543 1502 562 ,
1516 517 1681 565 ideoque
1693 519 1834 566 optime
1850 518 1985 554 cadant
1999 518 2040 555 in
2059 532 2102 556 ea
2118 533 2200 568 quae
2223 520 2272 558 de

1226 575 1364 610 Musaeo
1386 582 1485 623 vate,
1507 573 1654 610 τελετῶν
1669 573 1729 611 καὶ
1751 577 1940 625 καθαρμῶν
1956 583 2127 623 auctore,
2150 578 2273 614 ferun-

1227 639 1300 678 tur,
1316 633 1473 669 dubium
1486 633 1549 668 vix
1563 640 1618 668 est
1633 634 1726 680 quin
1744 627 1906 682 Ephesio
1920 635 1975 669 illi
1988 647 2130 671 nomen
2143 637 2270 673 Musaei

1225 704 1303 726 non
1334 704 1355 727 a
1382 692 1604 740 parentibus
1623 693 1671 727 sit
1699 692 1765 728 sed
1785 705 1806 728 a
1830 693 2060 729 carminibus
2089 694 2269 733 inditum.

1225 751 1362 786 Verum
1381 750 1546 785 auctoris
1564 762 1701 786 nomen
1715 762 1792 786 esse
1807 750 1969 786 Ctesiam
1990 753 2171 800 sagaciter
2184 766 2272 790 mo—

1225 808 1307 842 nuit
1323 809 1373 843 W
1375 808 1544 844 elckerus
1560 808 1637 856 (De
1653 807 1758 856 cycl.
1778 804 1890 845 Hom.
1903 822 1944 857 p.
1967 807 2052 858 50).
2074 811 2172 846 Nam
2185 811 2272 850 Cte-

1225 866 1317 901 siam
1344 873 1525 913 tanquam
1556 866 1754 915 Ephesium
1787 875 1824 903 et
1857 868 2042 904 perseidis
2075 877 2273 908 auctorem

1225 924 1380 960 adducit
1399 925 1591 961 Plutarch.
1614 927 1670 962 De
1689 924 1781 965 fluv.
1810 939 1844 962 c.
1872 926 1918 962 18
1945 938 1954 965 :
1984 927 2170 977 Μυκῆναι,
2196 930 2271 976 ait,

1225 982 1412 1020 ἐκαλοῦντο
1437 982 1476 1020 τὸ
1501 981 1667 1035 πρότερον
1692 979 1829 1035 Ἄργιον
1856 982 1926 1021 ἀπὸ
1944 981 2070 1036 Ἄργου
2086 988 2147 1023 τοῦ
2165 987 2273 1025 πανό-

1223 1054 1330 1077 πτου·
1348 1041 1601 1090 μετωνομάσθη
1619 1041 1654 1078 δὲ
1683 1043 1849 1088 Μυκῆναι
1874 1041 1916 1080 δι’
1947 1041 2060 1081 αἰτίαν
2089 1043 2268 1090 τοιαύτην.

1226 1097 1387 1150 Περσέως
1404 1098 1624 1137 Μέδουσαν’
1605 1099 1887 1147 αποκτείναντος,
1907 1098 2027 1139 Σθενὼ
2046 1099 2106 1138 καὶ
2129 1103 2271 1154 Εὐρυά-

1223 1155 1287 1202 λη,
1315 1157 1362 1199 ὡς
1383 1171 1444 1202 της
1466 1156 1718 1209 προειρημένης
1747 1157 1894 1210 ἀδελφαὶ
1911 1173 1973 1204 της
1995 1158 2270 1212 πεφονευμένης,

1223 1212 1280 1251 τὸν
1301 1213 1484 1253 ἐπίὸουλον
1509 1214 1672 1253 ἐδίωκον·
1693 1215 1876 1267 γενόμεναι
1906 1215 1942 1254 δὲ
1961 1217 2052 1255 κατὰ
2071 1221 2190 1256 τοῦτον
2209 1219 2269 1258 τὸν

1222 1271 1338 1324 λόφον,
1364 1272 1423 1311 καὶ
1445 1274 1683 1312 ἀπελπίσασαι
1706 1277 1768 1321 τῆς
1788 1273 1990 1327 συλλήψεως
2017 1275 2073 1313 διὰ
2097 1275 2159 1323 τὴν
2180 1291 2271 1328 συμ-

1222 1331 1368 1368 πάθειαν
1385 1333 1566 1383 μυκηθμὸν
1585 1332 1772 1372 ἀνέδωκαν.
1793 1334 1839 1372 Οἳ
1857 1334 1887 1371 δ’
1903 1332 2064 1386 ἐγχώριοι
2078 1333 2140 1380 τὴν
2154 1335 2268 1388 ἀκρώ-

1225 1404 1318 1442 ρειαν
1339 1389 1409 1428 ἀπὸ
1434 1394 1494 1428 τοῦ
1516 1391 1784 1443 συγκυρήματος
1811 1391 1980 1435 Μυκήνας
1999 1391 2268 1444 μετωνόμασαν,

1223 1447 1336 1492 καθὼς
1355 1450 1486 1498 ἱστορεῖ
1504 1449 1699 1496 Κτησίας
1721 1449 1918 1502 Ἐφέσιος
1938 1451 1972 1487 ἐν
2002 1450 2035 1488 α’
2058 1449 2266 1502 Περσηίδος.

1222 1508 1396 1544 Ceterum
1418 1509 1466 1545 de
1489 1510 1607 1546 Ctesia
1629 1511 1790 1558 Ephesio
1821 1510 1973 1546 aliunde
1998 1522 2074 1546 non
2104 1518 2266 1550 constat.

1222 1567 1346 1613 Quare
1365 1569 1405 1602 in
1417 1568 1559 1616 praefat.
1582 1568 1628 1604 ad
1646 1569 1739 1605 Ctes.
1762 1569 1896 1616 fragm.
1913 1581 1955 1617 p.
1974 1582 2023 1614 11,
2037 1581 2175 1605 nomen
2189 1583 2270 1606 cor-

1221 1633 1377 1674 ruptum
1403 1626 1527 1662 videri
1555 1634 1591 1662 et
1618 1639 1690 1675 pro
1721 1624 1877 1671 Κτησίας
1906 1627 2170 1675 reponendum
2194 1641 2270 1666 esse

1221 1681 1359 1729 Θησεὺς
1375 1686 1582 1732 suspicatus
1598 1697 1691 1720 sum.
1712 1685 1855 1734 (Simili
1874 1685 1991 1720 modo
2021 1698 2095 1733 pro
2129 1686 2271 1722 Ctesias

1222 1751 1401 1792 corrupte
1429 1744 1566 1791 legitur
1600 1744 1752 1779 leese'as
1775 1755 1837 1792 ap.
1859 1745 1964 1782 Serv.
1984 1743 2031 1779 ad
2051 1745 2154 1793 Virg.
2173 1745 2219 1783 G.
2238 1747 2270 1792 1,

1226 1801 1314 1839 182.
1332 1802 1343 1849 )
1368 1803 1597 1838 Sententiam
1617 1815 1662 1838 eo
1683 1803 1752 1837 niti
1769 1802 1894 1847 vides,
1915 1803 2020 1850 quod
2050 1809 2086 1838 et
2105 1804 2267 1840 Theseus

1221 1867 1350 1896 noster
1367 1868 1404 1896 et
1422 1861 1482 1895 ille
1499 1861 1815 1896 Musaeus-Ctesias
1830 1860 2012 1908 Ephesius
2029 1860 2076 1896 de
2099 1861 2271 1898 Isthmio-

1220 1931 1304 1954 rum
1324 1919 1559 1954 institutione
1575 1918 1698 1966 deque
1719 1919 1800 1953 aliis
1818 1918 1951 1963 rebus,
1971 1931 2052 1965 quae
2067 1918 2117 1954 ad
2133 1919 2268 1955 Corin-

1221 1978 1388 2013 thiorum
1408 1978 1551 2013 cultum
1567 1984 1754 2025 spectant,
1779 1984 2050 2024 exposuerunt.
2069 1997 2120 2005 —-
2136 1975 2266 2014 Simile

1222 2049 1318 2084 opus
1334 2033 1420 2085 Περὶ
1434 2035 1578 2071 τελετῶν
1589 2036 1738 2083 scripsit
1753 2035 1940 2071 Neanthes
1956 2036 2157 2082 Cyzicenus
2168 2062 2179 2080 ,
2202 2038 2269 2084 qui

1222 2102 1260 2131 et
1289 2097 1367 2142 ipse
1387 2095 1637 2142 Pergamenus
1669 2094 1936 2141 grammaticus
1955 2100 2055 2139 erat,
2079 2100 2194 2142 atque
2214 2095 2268 2130 si-

1223 2154 1302 2189 cuti
1318 2154 1453 2189 Noster
1472 2153 1589 2188 libros
1606 2149 1694 2200 Περὶ
1712 2148 1853 2193 ἐνδόξων
1873 2159 1910 2187 et
1928 2154 1985 2188 De
2010 2153 2124 2188 rebus
2148 2154 2268 2189 Attali

1224 2212 1453 2260 composuit.
1470 2213 1570 2247 Num
1603 2210 1651 2245 ab
1669 2209 1806 2245 eodem
1821 2211 1959 2245 Musaeo
1984 2208 2146 2259 Ephesio
2175 2224 2267 2260 pro-

1220 2270 1340 2306 fectus
1366 2271 1413 2305 sit
1441 2270 1537 2305 liber
1551 2266 1649 2325 slepi
1667 2265 1891 2317 Θεσπρώτων
1920 2275 1966 2319 (v.
1988 2269 2106 2306 Clem.
2122 2270 2264 2309 Strom.

1219 2341 1259 2376 p.
1278 2329 1369 2373 266,
1386 2329 1474 2366 coll.
1491 2327 1679 2364 lVelcker.
1697 2328 1801 2373 Cycl.
1817 2339 1856 2373 p.
1872 2326 1915 2362 31
1927 2339 1942 2362 1
1956 2325 1982 2377 )‚
1997 2327 2053 2362 uti
2066 2328 2263 2364 Passovius

1218 2400 1258 2435 p.
1283 2385 1331 2422 55
1353 2388 1578 2434 suspicatur,
1599 2398 1679 2420 non
1702 2385 1885 2431 dijudico.

1271 2446 1326 2480 Ex
1342 2445 1449 2480 libris
1471 2444 1505 2481 Π
1517 2458 1531 2480 ε
1545 2442 1584 2492 ρὶ
1605 2443 1648 2480 ἐν
1659 2440 1792 2485 δόξων
1820 2443 1913 2477 nihil
1932 2449 2118 2490 superstes
2129 2469 2140 2488 ‚
2161 2443 2267 2491 quod

1221 2503 1358 2538 diserte
1382 2504 1425 2538 iis
1444 2503 1675 2550 adscriptum
1702 2502 1758 2536 sit.
1784 2502 2060 2549 Argumentum
2086 2513 2133 2536 ex
2154 2507 2266 2549 parte

1219 2562 1331 2597 fucrit
1363 2561 1410 2597 de
1435 2562 1526 2596 viris
1560 2561 1706 2605 doctis,
1739 2560 1881 2608 poetis,
1915 2559 2150 2608 philosophis
2170 2567 2266 2606 etc„

1218 2627 1260 2655 ut
1297 2632 1342 2655 ex
1371 2620 1550 2655 Neanthis
1587 2631 1702 2668 opere
1732 2626 1846 2666 atque
1874 2618 1953 2654 aliis
1989 2618 2097 2654 libris
2133 2618 2268 2655 eodem

1259 2741 1300 2781 (*)
1330 2740 1412 2772 Ante
1436 2747 1549 2771 vocem
1575 2738 1714 2774 Κύκλους
1742 2737 1948 2778 interpunxi3
1977 2737 2108 2770 sortasse
2132 2739 2264 2770 temere.

1216 2787 1322 2827 Vulgo
1338 2786 1575 2826 interpungitur
1594 2787 1665 2825 post
1681 2785 1824 2821 κύκλους.
1841 2786 2037 2824 corruptum
2058 2784 2167 2816 locum
2188 2793 2265 2816 cen—

1226 2836 1276 2865 set
1305 2833 1502 2872 Bernhardy.
1523 2834 1680 2863 Kusterus
1697 2832 1916 2872 Περγαμηνοὺς
1943 2831 2074 2867 κύκλους
2092 2830 2267 2871 significare

1218 2882 1310 2920 putat
1321 2882 1425 2911 coecus
1438 2882 1595 2911 virorum
1608 2878 1797 2914 doctorum,
1811 2880 1870 2919 qul
1885 2880 2045 2918 Perqami
2057 2879 2171 2909 erant.
2182 2880 2262 2910 Ver-

1217 2929 1257 2958 tit
1272 2940 1279 2958 ;
1298 2939 1313 2954 «ι
1326 2929 1427 2967 poeta
1441 2928 1574 2966 apicus,
1591 2934 1682 2957 unus
1696 2933 1815 2956 eorum
1828 2926 1888 2964 qui
1907 2926 1944 2955 in
1960 2926 2116 2956 Muscam
2130 2925 2261 2964 Perqa-

1217 2982 1354 3005 menum
1372 2973 1489 3004 allecti
1505 2974 1620 3003 erant.
1648 2985 1663 2999 υ
1685 2973 1766 3008 Quae
1791 2970 1899 3010 rejecit
1919 2970 2082 3003 Welcker.
2106 2971 2192 3010 cycl.
2209 2979 2262 3010 ep.

1217 3029 1249 3060 p.
1266 3024 1316 3052 50.
1327 3019 1469 3059 Toupius
1481 3018 1670 3050 sententiam
1686 3017 1812 3049 Kusteri
1826 3025 1962 3057 sequens
1973 3016 2069 3048 scribi
2082 3017 2184 3048 voluit
2197 3029 2204 3048 :
2219 3017 2263 3053 εἷς
2319 3063 2328 3068 .

1214 3070 1276 3098 τῶν
1292 3070 1346 3097 τοῦ
1364 3067 1567 3106 Περγαμηνοῦ
1587 3066 1640 3095 καὶ
1666 3064 1756 3099 αὐτὸς
1780 3064 1907 3095 κύκλου.
1933 3065 2080 3094 Fortasse
2104 3062 2164 3094 fuit
2188 3063 2262 3094 ἐπο-

1215 3114 1302 3150 ποιὸς
1314 3117 1375 3144 τῶν
1401 3113 1443 3149 εἰς
1467 3113 1537 3148 τοὺς
1560 3111 1780 3152 Περγαμηνοὺς
1793 3111 1916 3151 Εὐμένη
1929 3110 1983 3140 καὶ
2008 3109 2166 3147 Ἄτταλον,
2190 3117 2263 3149 quoe

1215 3162 1375 3200 postrema
1388 3159 1484 3191 verba
1505 3159 1536 3190 in
1549 3167 1638 3199 seqq.
1658 3156 1792 3189 delenda
1809 3157 1924 3188 sorent-
1948 3157 2099 3188 Ceterum
2126 3164 2183 3196 pro
2197 3156 2262 3188 *mi-

1217 3208 1310 3244 κλους
1321 3231 1330 3246 ,
1345 3215 1428 3238 unus
1442 3206 1512 3238 cod.
1525 3206 1652 3242 κύκλας.

1211 3321 1296 3352 quae,
1313 3320 1414 3351 quum
1430 3312 1588 3343 Saturnus
1603 3312 1790 3350 Neptunum
1807 3309 1983 3348 quaereret,
2001 3316 2035 3339 se
2047 3316 2121 3338 eum
2143 3307 2262 3338 habere

1211 3363 1340 3403 negavit
1354 3364 1363 3401 (
1377 3363 1531 3403 ἠρνήσατο
1547 3363 1569 3401 ).
1589 3361 1668 3392 ilinc
1682 3364 1765 3392 Arne
1783 3359 1905 3399 (urbs)
1921 3359 2023 3397 dicta,
2046 3358 2096 3389 cui
2115 3358 2202 3398 prius
2214 3357 2259 3389 Si-

1213 3424 1324 3447 n02›ssa
1359 3424 1475 3446 nomen
1504 3415 1584 3453 erat,
1615 3414 1649 3444 ut
1671 3412 1713 3444 ait
1738 3413 1879 3444 Theseus
1904 3411 1936 3442 in
1961 3411 2055 3443 tertio
2079 3410 2257 3442 Corinthia·

1215 3476 1337 3498 corum.
