2372 3704
1018 182 1352 225 FRAGMENTA.

118 277 187 314 ego
203 255 353 300 'mutata
372 263 553 299 duntaxat
572 264 717 299 literula
738 277 744 298 :
768 264 801 300 ἐν
822 277 861 300 π.
890 265 953 314 Κρ.
973 263 1098 310 τύπου,
1117 275 1160 302 ut

117 325 164 359 sit
190 334 330 358 nomen
357 323 501 369 operis,
523 334 600 369 quo
622 323 769 357 Cretam
789 322 967 366 insulam,
991 331 1028 358 et
1047 325 1160 371 quid—

117 381 211 428 quid
226 381 275 416 ad
293 378 371 426 ejus
391 380 623 415 territorium
640 380 822 427 pertinet,
840 380 1087 428 descripserit.
1106 382 1157 418 Cl.

115 439 334 476 Salmasius:
349 438 384 474 ἐν
397 437 445 488 τῷ
457 435 533 487 περὶ
548 434 649 487 ὁρίων
668 437 864 487 Κρητικῶν.
883 439 1047 489 Κρητικῷ
1060 438 1158 490 τύπῳ

115 495 154 533 τὸ
171 494 300 533 ἐθνικὸν
325 493 528 537 Καντάνιος.
546 495 619 531 Sed
634 496 704 530 sibi
739 497 815 544 ipse
832 509 910 531 non
923 497 1113 533 satisfecit.
1140 514 1153 529 »

115 555 169 591 Cf.
199 562 281 592 not.
302 554 478 590 Berkelii.
503 554 677 592 Ceterum
698 554 783 589 ferri
805 555 881 590 haec
901 557 962 591 vix
985 564 1155 604 possunt.

115 614 192 648 Nee
214 613 304 649 novi
324 613 431 648 istam
458 624 592 647 vocem
611 610 798 662 περιορίου.
823 614 940 648 Possis
957 612 990 649 ἐν
1011 613 1159 664 περιόδῳ

115 672 302 723 Κρητικῶν
326 669 454 707 τόπων.
482 672 652 707 Fortasse
681 670 750 706 fuit
783 682 791 708 τ
825 671 859 706 ἐν
889 669 1064 722 Παρορίου
1100 673 1159 708 vel

116 729 322 779 Παρωρείου
355 731 529 780 Κρητικοῦ
563 729 658 779 τόπῳ
673 758 683 774 ,
723 725 817 766 adeo
850 738 893 765 ut
920 732 1025 779 regio
1059 732 1158 767 circa

114 790 314 825 Cantarum
343 789 479 824 urbem
510 790 704 824 Parormm
740 790 787 824 sit
814 790 1018 837 appellata,
1049 791 1158 826 sicuti

115 847 253 883 dicitur
264 845 466 898 Παρώρειος
480 845 620 897 Φρυγία
635 846 790 895 (Strabo
804 848 893 892 XII,
908 861 946 896 p.
966 846 1066 898 576),
1082 849 1158 886 Πα-

116 901 242 955 ρώρεια
269 906 440 941 Arcadiae
460 912 552 950 etc.,
583 913 620 942 et
654 903 818 955 Παραλία
841 908 986 944 Atticae.
1009 908 1071 943 Sin
1088 908 1157 942 mi-

114 976 184 998 nus
198 993 208 1009 ,
230 964 318 999 licet
337 965 500 1000 scribere
528 977 537 1001 z
556 964 590 1000 ἐν
606 962 762 1014 παρορίῳ
790 964 966 1014 Κρητικῆς
983 963 995 1014 (
1017 978 1067 1002 sc.
1086 979 1158 1002 κει-

115 1019 224 1070 μένη)
243 1020 353 1072 τόπῳ.
390 1022 568 1058 Similiter
594 1023 691 1057 infra
718 1022 762 1059 fr.
786 1027 829 1064 14
855 1019 1080 1072 εὬλερος...
1103 1024 1158 1074 ἐφ’

114 1079 247 1130 ὑψηλοῦ
267 1078 443 1130 ᾠκισμένη
467 1078 588 1118 τόπου.
624 1082 714 1127 Quae
734 1081 888 1128 quidem
908 1082 1049 1129 optime
1070 1094 1158 1129 qua-

115 1137 225 1173 drant
244 1151 330 1174 cum
343 1139 416 1174 situ
428 1139 534 1175 urbis
549 1139 597 1174 ad
612 1140 800 1174 montium
812 1139 959 1174 radices
980 1137 989 1189 (
1002 1153 1036 1176 v,
1057 1151 1160 1188 map-

113 1209 201 1245 pam
220 1198 429 1246 Kieperti).
448 1199 493 1232 In
513 1198 700 1233 Hieroclis
731 1198 966 1245 Synecdemo
993 1211 1030 1245 p.
1061 1198 1133 1245 392
1146 1226 1156 1243 ,

116 1254 164 1291 ²5
177 1267 250 1302 pro
271 1254 451 1297 Κάντακος
465 1262 519 1291 est
540 1254 718 1292 Καντανία
731 1283 742 1304 ,
763 1256 829 1291 ubi
852 1256 936 1291 vide
950 1264 1030 1291 not.
1052 1258 1159 1292 VVes-

113 1314 271 1362 selingii.

619 1385 655 1420 9.

166 1458 274 1493 Idem
289 1470 296 1492 z
312 1456 461 1506 Λάμπη,
472 1456 569 1500 πόλις
589 1456 740 1508 Κρήτης,
752 1456 1003 1507 Ἀγαμέμνονος
1013 1457 1158 1509 κτίσμα,

113 1514 182 1552 ἀπὸ
206 1513 359 1563 Αᾶμπου
389 1517 447 1551 τοῦ
480 1514 672 1565 Ταρραίου.
709 1513 762 1553 Τὸ
795 1515 924 1553 ἐθνικὸν
957 1516 1157 1565 Λαμπαῗος.

115 1572 287 1616 Κλαύδιος
303 1571 338 1610 δὲ
353 1571 494 1616 Ἰούλιος
514 1571 685 1623 Λαμπέας
700 1571 822 1615 αὐτούς
841 1587 958 1624 φησιν.
978 1569 1082 1611 Ἔστι
1099 1572 1158 1611 καὶ

113 1630 256 1683 δευτέρα
274 1633 333 1677 τ’ἧς
350 1630 594 1682 Ἀκαρνανίας,
616 1631 675 1668 καὶ
692 1630 790 1681 τρίτη
810 1633 870 1676 τῆς
891 1630 1096 1682 Ἀργολίδος,
1114 1634 1159 1674 ὡς

113 1689 249 1730 Φίλων.
267 1689 400 1727 Ξενίων
412 1689 447 1727 δὲ
456 1691 490 1727 ἐν
506 1692 694 1742 Κρητικοῖς
710 1687 766 1727 διὰ
780 1688 879 1740 (δύο)
894 1705 949 1727 ππ
959 1688 1081 1741 γράφει
1097 1690 1159 1736 τὴν

112 1746 212 1785 πόλιν
231 1746 294 1795 τὴν
317 1747 510 1801 Κρητικὴν,
534 1748 593 1786 καὶ
613 1747 669 1786 διὰ
691 1747 790 1799 (δύο)
816 1763 861 1785 αα
879 1749 952 1798 (sic
970 1750 1098 1795 Berk.;
1116 1750 1159 1786 λλ

113 1806 248 1857 codd.)
264 1805 323 1844 καὶ
342 1806 397 1844 διὰ
411 1809 470 1844 τοῦ
494 1822 515 1852 η
540 1806 619 1858 (καὶ
637 1806 694 1844 διὰ
711 1806 771 1844 δύο
787 1822 832 1853 ηη
855 1809 941 1846 cod.
957 1809 1118 1856 Rhedig.
1132 1808 1157 1857 ).

112 1867 201 1902 Tres
210 1866 371 1901 nominis
387 1865 543 1911 fornum,
556 1864 705 1910 Αάππα,
717 1863 869 1912 Λάππη,
886 1864 1022 1914 Λάμπη
1038 1879 1156 1902 exem·

112 1925 183 1972 plis
202 1925 401 1959 illustravit
419 1923 596 1961 Dindorf.
619 1925 657 1959 in
679 1925 805 1972 Steph.
825 1925 932 1959 Thes.
950 1938 985 1961 v,
1004 1923 1153 1973 Λάμπη.

609 2030 667 2055 10.

166 2096 273 2132 Idem
307 2109 314 2130 z
352 2094 478 2138 ’Όαξος
491 2126 500 2141 ,
530 2094 628 2138 πόλις
667 2094 827 2147 Κρήτης,
861 2094 1086 2146 Ἰέζλευθέρνης
1119 2097 1157 2132 οὐ

113 2152 251 2205 πόρρω,
276 2151 367 2190 καθὰ
388 2152 534 2199 Ξενίων,
560 2149 630 2190 &ab
650 2152 777 2198 Ὀάξου
800 2156 860 2191 τοῦ
890 2153 1156 2203 Ἀκακάλλιδος,

114 2213 174 2258 τῆς
190 2210 358 2265 θυγατρὸς
377 2215 436 2249 τοῦ
458 2211 573 2250 Μίνω.
594 2210 694 2255 Τινὲς
711 2210 746 2249 δὲ
761 2211 817 2249 διὰ
833 2211 870 2248 τὸ
885 2210 975 2249 κατὰ
994 2215 1057 2262 γῆν
1075 2211 1159 2263 (κα-

114 2269 313 2322 τάκρημνον
335 2270 514 2320 Salmas.)
537 2263 624 2307 εἶναι
641 2271 855 2321 (καταγῆναι
876 2272 1075 2319 Holsten.)
1100 2269 1157 2307 τὸν

113 2329 217 2366 τόπον
237 2327 322 2379 [καὶ
341 2327 529 2380 κρημνώδη
550 2327 732 2380 ὑπάρχειν,
754 2330 832 2365 haec
852 2338 1044 2378 tamquam
1060 2331 1158 2379 glos·

113 2400 213 2424 sema
234 2388 320 2435 ejici
338 2387 449 2434 jubet
462 2389 575 2424 Salm.
593 2387 620 2438 ]·
641 2388 785 2425 καλοῦσι
804 2386 871 2438 γὰρ
890 2386 966 2430 τοὺς
986 2387 1157 2429 τοιούτους

114 2444 237 2488 τόπους
254 2444 362 2492 ἄξους,
379 2445 536 2496 καθάπερ
562 2446 620 2482 καὶ
643 2449 742 2494 ἡμεῖς
765 2445 909 2496 ἄγμούς.
933 2445 978 2484 ζΟ
1014 2445 1156 2491 πολίτης

115 2502 262 2547 Ὀἄξιος.
284 2506 331 2541 Cf
342 2506 392 2543 id.
416 2518 424 2540 τ
446 2501 552 2551 Ἄξος,
569 2503 835 2555 πόλιφΚρήτης,
850 2507 893 2546 ὡς
921 2503 1102 2555 Ἡρόδοτος
1125 2505 1158 2541 ἐν

113 2560 262 2612 τετάρτῃ
282 2561 333 2610 (e.
354 2562 455 2611 154).
475 2561 527 2599 Τὸ
546 2561 674 2598 ἐθνικὸν
696 2560 816 2605 Ἄξιος.

620 2688 654 2719 9.

157 2758 275 2796 Lampe
285 2780 293 2795 ,
314 2757 390 2788 urbs
409 2759 513 2788 Cretae
525 2782 533 2796 ‚
560 2758 601 2788 al)
619 2761 855 2797 Agamemnone
878 2759 1020 2797 condita,
1043 2767 1161 2790 nomen

116 2808 211 2839 habet
233 2816 252 2839 a
265 2810 385 2848 Lampo
401 2809 542 2840 Tarrlioei
569 2809 788 2842 filio.'Genl.ile
801 2813 980 2850 Lampaeus.
1010 2810 1162 2842 Claudius

115 2858 221 2890 Julius
234 2859 428 2898 Lampenses
441 2858 527 2890 cives
539 2858 628 2891 dicit.
645 2861 697 2891 Est
711 2860 808 2891 etiam
823 2860 923 2892 altera
931 2862 1048 2901 Lampe
1063 2864 1160 2892 Acar-

117 2909 219 2940 naniae
232 2910 264 2941 et
274 2909 368 2941 tertia
381 2909 536 2950 Argolidis
545 2934 554 2950 ,
566 2912 602 2942 ut
616 2911 706 2942 Philo
716 2911 771 2943 ait.
789 2911 911 2943 xenion
925 2921 1000 2943 vero
1013 2913 1045 2944 in
1057 2913 1160 2945 Creti-

120 2962 166 2992 cis
187 2971 304 2994 nomen
318 2961 406 2994 urbis
418 2962 553 2995 Creticae
575 2963 683 2995 scribit
700 2972 754 3003 per
776 2963 895 3004 duplex
907 2973 942 3005 p,
962 2967 993 2997 et
1006 2965 1123 3005 duplex
1140 2975 1160 2997 a

116 3015 127 3055 <
142 3005 278 3055 Lappa)
293 3016 326 3047 et
337 3024 391 3055 per
407 3016 447 3056 e(
463 3017 608 3056 Lappe).

615 3091 670 3122 10.

158 3163 286 3200 Oaxus,
315 3160 390 3192 urbs
417 3162 539 3200 Creloe,
569 3171 632 3194 non
664 3164 774 3203 procul
801 3157 844 3195 ab⁴
868 3165 1059 3197 Eleutherna
1084 3165 1161 3203 sita,

117 3212 293 3244 secundum
320 3212 493 3244 Xenionem
520 3222 636 3245 nomen
663 3215 758 3247 habet
782 3216 823 3247 ab
847 3219 938 3248 Oaxo
954 3217 1161 3255 Acacallidis,

117 3265 222 3297 Minoe
244 3265 346 3302 natae,
374 3263 455 3304 lilio;
470 3267 614 3297 nonnulli
642 3276 717 3298 vero
737 3268 809 3299 inde
834 3269 1030 3300 nominatam
1052 3269 1164 3300 dicunt

117 3316 203 3358 quod
216 3316 304 3348 locus
314 3317 487 3358 praecipitia
501 3319 625 3351 habeat.
641 3320 802 3360 Ejusmodi
814 3323 898 3353 enim
909 3322 995 3354 locos
1006 3322 1095 3358 ἄξους
1108 3331 1162 3362 ap·

117 3368 253 3409 pellant,
271 3369 544 3408 quemadmodum
561 3381 618 3404 nos
637 3382 765 3413 quoque
784 3374 912 3414 ἀγμούς.
931 3374 1016 3406 Civis
1033 3375 1162 3406 Oaxius.

261 3432 446 3456 vilicum-ra
468 3435 591 3459 uisTon.
613 3437 668 3459 cn.
688 3447 718 3451 —
733 3438 804 3461 von.
830 3438 870 3460 iv.

2179 202 2256 236 529

1714 285 1772 310 11.

1274 337 1378 372 Idem
1397 347 1404 373 :
1422 335 1542 378 Ὀλοῧς
1556 366 1565 381 ,
1585 335 1683 380 πόλις
1700 338 1839 389 Κρήτης
1852 369 1860 384 ,
1881 341 2012 378 Ξενίων
2031 344 2063 380 ἐν
2078 344 2147 387 τοῖς
2164 346 2261 397 Κρη-

1222 396 1338 436 τικοῖς.
1363 393 1407 431 ‘0
1428 393 1570 440 πολίτης
1591 394 1800 439 Ὀλούντιος.

1716 486 1774 511 12.

1275 540 1378 575 Idem
1398 551 1405 576 :
1428 536 1605 589 Ὑδραμία
1619 567 1629 584 ,
1652 539 1750 582 πόλις
1774 541 1933 592 Κρήτης,
1953 545 1998 586 ὡς
2018 543 2149 583 Ξενίων
2174 549 2191 583 ὁ
2218 546 2261 584 τὰ

1223 596 1383 646 Κρητικὰ
1412 598 1562 650 γράψας.
1591 600 1636 636 Οἱ
1657 599 1795 637 πολῖται
1824 599 2047 652 “Υδραμιεῖς,
2075 605 2121 646 ὡς
2141 606 2261 655 Μεγα-

1223 658 1301 707 ρεῒς.

1716 717 1776 753 13.

1273 785 1378 820 Idem
1401 796 1408 822 :
1432 783 1673 834 Φαλάσαρνα,
1689 784 1784 827 πόλις
1807 785 1964 837 Κρήτης,
1982 786 2049 823 ἀπὸ
2070 788 2263 842 Φαλασοίρ-

1220 858 1292 889 νης.
1316 841 1361 880 ‘O
1381 842 1522 888 πολίτης
1545 843 1811 895 Φαλασάρνιος,
1832 846 1876 887 ὡς
1900 845 2032 887 Ξενίων
2048 846 2165 897 φησίν.

1713 933 1724 954 ι
1735 924 1754 962 4
1764 947 1772 956 .

1274 987 1379 1022 Idem
1399 997 1407 1024 ε
1429 982 1592 1037 ”Ωλερος,
1612 986 1771 1037 Κρητικὴ
1793 987 1907 1034 πόλις,
1924 987 2002 1039 περὶ
2021 984 2062 1034 ἧς
2082 988 2214 1027 Ξενίων
2230 991 2265 1028 ἐν

1223 1045 1409 1096 Κρητικοῖς
1421 1057 1518 1096 φησι·
1538 1063 1552 1076 1«
1572 1043 1787 1096 Πορρωτέρω
1802 1043 1837 1082 δὲ
1851 1047 1910 1090 τῆς
1924 1044 2266 1097 Ἱεραπύτνης”Ωλε-

1222 1117 1275 1155 ρος
1291 1096 1333 1148 ἦν
1346 1102 1444 1146 πόλις
1455 1131 1464 1148 ,
1482 1104 1534 1153 ἐφ’
1549 1104 1680 1155 ὑψηλοῦ
1701 1102 1762 1152 μὲν
1776 1103 1952 1156 ᾠκισμένη
1969 1104 2088 1144 τόπου.
2108 1123 2122 1139 υ
2141 1105 2186 1145 ‘O
2201 1122 2263 1145 πο·

1220 1159 1317 1206 λίτης
1354 1159 1529 1213 Ὠλέριος,
1565 1160 1624 1198 καὶ
1658 1160 1800 1213 Ὠλερία
1834 1160 1973 1208 Ἀθηνᾶ.
2005 1162 2057 1201 Τὸ
2089 1163 2263 1216 οὐδέτερον

1222 1216 1382 1269 Ὠλέριον
1399 1233 1407 1240 ·
1432 1218 1514 1270 φησὶ
1530 1217 1596 1270 γὰρ
1617 1217 1726 1255 οὕτω·
1756 1237 1770 1251 «ι
1785 1220 1841 1270 Τῇ
1859 1219 1894 1256 δὲ
1926 1222 1992 1271 θεῷ
2021 1221 2129 1273 ταύτῃ
2145 1221 2265 1274 ἑορτὴν

1222 1275 1361 1326 ἄγουσιν
1381 1275 1629 1328 Ἱεραπύτνιοι,
1653 1275 1715 1323 τὴν
1737 1276 1771 1314 δὲ
1792 1277 1912 1329 ἑορτὴν
1930 1278 2075 1331 Ὠλέρια
2096 1295 2265 1332 προσαγο-

1223 1334 1390 1385 ρεύουσίν.
1415 1353 1431 1367 »

1274 1395 1328 1432 Cf.
1350 1395 1450 1430 idem
1471 1408 1478 1430 :
1499 1393 1726 1445 Ἱεράπυτνα,
1751 1394 1849 1437 πόλις
1876 1396 2034 1447 Κρήτης,
2054 1399 2075 1442 ἡ
2100 1397 2265 1450 πρότερον

1222 1450 1347 1502 Κύρὸα
1360 1480 1370 1500 ,
1391 1445 1466 1489 εἶτα
1488 1451 1630 1498 Πύτνα,
1652 1445 1726 1489 εἶτα
1751 1454 1926 1504 Καμῒρος,
1944 1447 2004 1492 εἷθ’
2024 1454 2129 1498 οὕτως
2148 1455 2265 1506 Ἱερά-

1222 1523 1346 1546 πυτνα.
1364 1508 1414 1547 Τὸ
1429 1508 1557 1546 ἐθνικὸν
1575 1508 1817 1560 Ἱεραπύτνιος.
1834 1513 1911 1548 Ubi
1924 1515 2106 1550 Xenionis
2123 1516 2266 1552 mentio

1222 1569 1269 1604 ab
1287 1570 1517 1616 Excerptore
1536 1570 1673 1604 omissa
1691 1582 1767 1605 esse
1783 1571 1945 1606 videtur.

1629 1663 1853 1701 ΙΤΑΛΙΚΑ.

1275 1750 1412 1784 Praeter
1432 1749 1580 1787 Cretica
1603 1749 1817 1784 Xenionem
1840 1751 1952 1785 etiam
1971 1753 2111 1786 Italica
2132 1754 2264 1789 condi-

1222 1807 1318 1842 disse
1341 1814 1465 1843 censet
1483 1807 1633 1842 Vossius
1650 1820 1690 1855 p.
1713 1806 1800 1855 509.
1822 1809 1969 1844 Etenim
1986 1810 2089 1858 apud
2113 1812 2266 1846 Macro-

1220 1866 1325 1900 bium
1345 1867 1420 1902 Sat.
1441 1867 1476 1910 I,
1494 1877 1518 1912 9
1534 1865 1709 1913 leguntur
1725 1866 1802 1901 haec
1819 1878 1826 1902 :
1847 1869 1980 1902 Xenou
2006 1872 2124 1915 primo
2147 1871 2267 1905 Itali-

1220 1925 1287 1959 σόη
1319 1926 1435 1959 tradit
1465 1925 1603 1959 lanum
1630 1927 1666 1958 in
1695 1926 1811 1959 Italia
1844 1929 2007 1972 primum
2041 1928 2098 1961 ‹lls
2128 1930 2266 1976 templa

1218 1981 1349 2024 fecisse
1366 1991 1402 2018 et
1417 1986 1505 2017 ritus
1522 1986 1716 2017 instituisse
1733 1995 1932 2027 sacrorum,
1953 1986 2034 2019 ideo
2053 1998 2133 2020 enm
2148 1990 2186 2020 in
2204 1999 2265 2022 sa-

1220 2043 1362 2086 crificiis
1378 2039 1643 2089 proefationem
1666 2045 1838 2075 meruisse
1853 2051 2080 2090 perpetuam.
2105 2044 2162 2078 Ibi
2193 2058 2264 2093 pro

1220 2101 1263 2134 X
1263 2113 1356 2136 enon
1376 2100 1524 2135 Vossius
1540 2100 1614 2147 legi
1628 2099 1741 2146 jubet
1762 2101 1806 2134 X
1804 2103 1921 2136 anion.
1935 2101 2047 2147 Quod
2060 2114 2150 2136 num
2163 2110 2265 2138 recte

1193 2174 1195 2176 ·
1220 2157 1285 2193 fiat
1304 2158 1454 2195 dubito.
1484 2157 1721 2192 Probabilius
1751 2164 1805 2192 est
1828 2159 2027 2194 Xenonem
2056 2159 2156 2195 hunc
2177 2172 2265 2195 eun-

1221 2216 1302 2251 dem
1331 2228 1407 2251 esse
1430 2228 1516 2250 curn
1537 2215 1710 2259 Conone,
1731 2227 1843 2262 quem
1874 2223 2064 2264 tamquam
2084 2214 2265 2253 Ἰταλικῶν

1219 2275 1444 2322 scriptorem
1486 2273 1616 2308 laudat
1648 2274 1797 2308 Servius
1832 2274 1879 2309 ad
1911 2274 2043 2323 Virgil.
2063 2276 2150 2312 AEn.
2180 2277 2264 2325 VII,

1222 2333 1310 2378 738.
1344 2333 1532 2379 Quaeritur
1552 2344 1642 2366 num
1663 2333 1799 2367 Xenon
1829 2344 1875 2367 an
1897 2333 2020 2368 Conon
2037 2345 2176 2368 nomen
2193 2345 2262 2370 au-

1221 2392 1335 2427 ctoris
1361 2391 1485 2427 fuerit.
1508 2389 1551 2426 V.
1569 2402 1682 2438 supra
1701 2402 1740 2437 p.
1761 2389 1848 2427 368.

1623 2514 1838 2528 w

1671 2701 1674 2704 ,
1720 2673 1775 2705 11.
2036 2705 2044 2711 ,

1263 2734 1341 2765 Olus
1351 2758 1359 2772 ,
1376 2733 1451 2765 urbs
1464 2734 1568 2764 Cretae
1580 2757 1588 2771 ‚
1605 2734 1640 2764 ut
1659 2732 1779 2764 Xenion
1794 2732 1825 2763 in
1839 2733 1985 2765 Creticis.
2001 2733 2088 2765 Civis
2101 2733 2262 2765 Oluntius.

1717 2795 1774 2826 12.

1263 2849 1452 2888 Hydramia,
1483 2848 1559 2878 urbs
1584 2848 1706 2887 Cretae,
1726 2849 1761 2878 ut
1776 2847 1900 2879 Xenion
1919 2847 2118 2880 ereticorum
2140 2849 2262 2879 auctor.

1222 2901 1315 2933 Cives
1325 2899 1568 2939 Hydramienses
1580 2922 1588 2937 ,
1609 2899 1644 2929 ut
1657 2900 1863 2938 Megarenses.

1719 2967 1774 2998 13.

1268 3021 1471 3059 Phalasarna,
1483 3020 1558 3051 urbs
1566 3021 1680 3059 Cretae,
1693 3029 1711 3051 a
1723 3021 1922 3052 Plialasarne.
1933 3021 2018 3053 Civis
2031 3021 2262 3059 Plialasarnins,

1222 3075 1257 3104 ut
1271 3072 1392 3104 Xenion
1407 3073 1461 3102 ait.

1739 3116 1794 3148 14.

1265 3173 1395 3211 Olcrus,
1424 3172 1551 3205 Cretica
1579 3173 1675 3212 urbs,
1702 3173 1742 3205 de
1766 3182 1829 3213 qua
1851 3173 1974 3205 xenion
1989 3173 2021 3204 in
2047 3172 2180 3205 Creticis
2195 3172 2238 3203 ait
2254 3184 2261 3201 :

1225 3237 1239 3250 ι(
1258 3223 1399 3264 Longius
1424 3223 1465 3254 ab
1479 3223 1672 3264 Hieropytna
1698 3225 1812 3256 Olerus
1835 3225 1912 3256 urbs
1931 3225 2016 3263 erat,
2045 3223 2076 3255 in
2099 3223 2183 3254 edito
2205 3222 2264 3253 sita

1223 3272 1306 3302 loco.
1321 3283 1336 3298 υ
1361 3270 1448 3302 Civis
1472 3270 1614 3310 Olerius‚
1641 3272 1674 3302 et
1700 3271 1806 3303 Oleria
1827 3271 1979 3303 Minerva.
1997 3271 2170 3308 Neutrum,
2187 3268 2262 3299 Ole—

1225 3324 1319 3353 rium.
1345 3321 1429 3354 Dicit
1457 3322 1541 3354 enim
1558 3332 1565 3353 :
1584 3335 1598 3350 «
1619 3324 1693 3354 Deae
1710 3323 1784 3354 liuic
1801 3323 1914 3355 festum
1931 3322 2027 3362 agunt
2050 3318 2261 3359 Hierapytnii,

1223 3374 1309 3416 quod
1335 3375 1450 3406 festum
1467 3374 1570 3419 Oleria
1586 3377 1710 3406 vocant.
1725 3388 1739 3402 n

2122 3432 2156 3456 ³2
