2326 3724
967 194 1031 231 FR
1042 192 1098 231 &G
1106 192 1142 230 M
1149 192 1293 232 ENTA.

66 280 131 316 ubi
156 281 284 317 titulus
311 278 518 330 praefigitur
541 293 549 316 t
573 278 742 332 Ἡσυχίου
770 279 945 326 Μιλησίου
965 279 1100 318 Ἰλλου-

63 337 181 388 στρίου
209 337 340 389 πάτρια
367 338 775 382 Κωνσταντινουπόλεως.
811 341 995 375 Praeterea
1030 339 1105 375 fra-

61 399 203 445 gmenti
216 398 326 444 hujus
342 410 428 449 pars
441 399 552 447 longe
566 397 638 445 maj
646 411 690 434 or
707 400 876 435 occurrit
894 400 933 434 in
950 398 1105 446 Georgii

63 454 199 490 Codini
223 456 311 504 (qui
335 456 462 496 medio
488 469 569 493 saec.
589 457 660 492 XV
688 457 806 505 vixit)
828 458 1023 505 Excerptis
1050 459 1106 493 De

63 513 159 560 orig.
180 513 390 558 Constant„
407 526 570 561 quorum
583 515 749 563 primum
764 522 879 564 caput
889 516 1107 551 inscribitur

62 569 163 606 hunc
183 572 223 622 in
240 571 396 607 modum
417 585 424 607 z
445 571 620 623 Γεωργίου
636 575 698 609 τοῦ
715 572 873 610 Κωδίνου
890 571 1107 624 παρεκὸολαὶ

62 685 254 717 narratione.
269 687 391 718 Nomen
399 686 526 727 quidem
541 695 701 728 nusquam
714 686 908 727 adscriptum
920 687 1082 727 comparet
1096 698 1105 726 ;

63 739 104 762 ex
117 731 302 764 certissimis
323 735 432 765 tamen
453 733 593 773 vestigiis
616 734 829 774 cognoscitur.
858 734 980 765 Kollar.
1009 736 1103 774 negat

63 779 174 809 contra
200 780 372 811 Forlosiam
405 780 495 812 illum
518 778 681 821 codicem,
706 781 814 812 seculo
840 782 916 812 Xlll
942 781 992 812 vel
1015 782 1105 812 certe

65 823 210 863 proxime
235 826 441 866 consequenti
461 835 556 857 manu
574 829 754 864 exaratum,
773 836 792 858 a
808 826 943 866 Georgio
961 826 1102 866 Codin0,

64 871 166 909 captae
179 879 198 902 a
211 872 323 903 Turcis
339 873 452 912 CSpoli
467 873 648 913 superstite,
666 874 763 905 fuisse
773 873 998 913 interpolatum
1009 897 1018 912 ‚
1033 874 1105 904 tum

63 916 213 955 ostendit,
226 917 259 948 in
275 918 335 949 hoc
349 918 461 950 eodem
478 919 574 950 modo
590 920 744 959 quasdam
762 920 871 951 abesse
886 919 1104 950 narratiuncu-

63 961 120 1001 las,
134 963 252 1003 quaein
266 964 379 996 codini
395 965 472 997 edit.
486 965 643 1006 legantur,
658 966 753 998 modo
767 966 858 1006 plura
870 966 1016 1004 indicari,
1030 975 1105 1006 quac

63 1007 96 1051 i‚n
117 1010 265 1051 exemplo
286 1011 400 1043 Codini
412 1012 508 1052 -typis
531 1013 660 1053 vulgato
679 1013 911 1045 desiderentur.
932 1013 1103 1045 Concludit

64 1053 160 1093 igitur
179 1056 261 1088 hanc
278 1058 550 1097 Hesychianorum
573 1059 738 1090 annalium
754 1061 876 1100 partem
896 1061 1021 1092 sextam
1037 1059 1104 1099 jam

63 1103 138 1134 ante
163 1102 322 1135 Codinum
342 1103 383 1135 ab
401 1103 522 1136 incerto
549 1105 690 1146 quodam
707 1107 818 1138 saeculi
839 1109 884 1139 XI
910 1107 1064 1147 scriptore
1079 1116 1098 1138 a

2134 199 2204 232 145

1168 282 1206 318 ἐκ
1229 282 1291 326 τῆς
1313 279 1434 331 βίὸλου
1460 282 1521 316 τοῦ
1557 280 1726 331 Κρονικοῧ
1759 278 1838 330 περὶ
1866 282 1933 317 τῶν
1964 279 2120 331 πατρίων
2149 282 2209 326 τ’ἦς

1173 337 1549 380 Κωνστοιντινοπόλειικ
1581 350 1590 375 t
1621 338 1727 386 quod
1752 338 1970 376 chronicon
1999 341 2059 375 vel
2093 341 2208 388 ipsius

1166 399 1347 445 Hesychii
1373 398 1506 434 Milesii
1535 396 1623 442 fuit,
1650 397 1710 432 vel
1740 397 1893 431 serioris
1922 399 2112 444 auctoris,
2142 398 2207 444 qui

1167 457 1394 504 Hesychium
1409 456 1669 503 exscripserat.
1696 454 1753 492 Cf.
1780 455 1972 502 Heynium
1998 457 2054 490 De
2077 456 2207 502 Antiq.

1166 516 1254 562 Byz.
1277 515 1430 551 Excurs.
1447 515 1464 549 I
1481 514 1540 563 (p.
1565 513 1634 548 361
1660 524 1740 560 sqq.
1756 512 1795 547 in
1819 512 1879 549 ed.
1900 513 2029 548 Orellii
2044 511 2069 557 ).

1167 687 1291 728 reliquo
1305 687 1466 719 annalium
1490 695 1625 728 corpore
1638 687 1792 719 resectam
1810 685 1905 717 fuisse
1917 685 1950 717 et
1962 684 2023 716 sub
2043 683 2210 723 Originum

1164 734 1433 774 CSpolitanarum
1451 734 1619 775 epigraphe
1634 733 1803 774 separatim
1814 732 1944 764 editam.
1957 735 2038 770 Quae
2051 730 2091 762 de
2109 733 2211 769 Syno-

1164 779 1212 811 dis
1226 780 1416 820 quibusdam
1430 781 1501 821 post
1529 779 1676 820 Hesychii
1698 780 1827 810 aetatem
1851 778 1968 810 habitis
1989 779 2021 809 et
2045 777 2086 808 de
2110 776 2211 816 impp.

1164 828 1262 859 Leon.
1287 827 1477 868 philosopho
1498 835 1536 858 ac
1552 829 1694 859 Romano
1708 827 1738 858 ll
1750 825 1801 857 vel
1824 827 1870 857 111
1891 824 1998 856 addita
2018 824 2107 863 sunt,
2131 831 2168 854 ea
2193 831 2211 853 a

1164 874 1318 914 scriptore
1336 882 1409 906 saec.
1430 875 1473 905 Xl
1495 874 1636 914 profecta
1651 881 1718 904 esse
1737 873 1847 904 monet
1861 871 1963 911 (conf.
1983 871 2158 902 Montfauc.
2178 869 2211 900 in

1165 921 1247 953 Bibl.
1262 920 1410 952 biblioth.
1425 923 1513 952 MSS.
1528 919 1568 952 de
1589 919 1698 951 codice
1712 917 1917 957 colbertino,
1931 920 1968 950 T.
1988 920 2030 956 ll,
2046 926 2076 957 p.
2099 920 2176 948 1150
2188 917 2210 955 ).

1164 967 1309 1008 Denique
1319 967 1470 1006 affirmat,
1487 967 1517 998 id
1532 966 1619 1007 quod
1630 968 1774 1007 superest
1790 966 1822 997 in
1836 967 1982 998 coesareo
1993 964 2103 996 codice
2113 965 2212 1003 Hesy-

1166 1014 1357 1046 chianorum
1370 1014 1534 1045 annalium
1547 1038 1556 1054 ,
1579 1013 1683 1045 multo
1706 1021 1773 1045 esse
1797 1012 1949 1044 sincerius
1962 1036 1971 1052 ,
1991 1019 2091 1052 quam
2112 1009 2190 1041 illud
2203 1033 2211 1048 ‚

1162 1061 1247 1102 quod
1265 1061 1449 1102 praescripto
1462 1060 1576 1095 codini
1590 1060 1719 1093 nomine
1731 1059 1896 1100 vulgatum
1909 1059 1959 1090 sit.
1975 1071 1991 1086 υ

933 1245 1310 1268 ψ-

69 1371 275 1410 ΙΣΤΟΡΙΑ
305 1371 540 1411 ΡΩΜΑΙΚΗ
569 1373 635 1412 ΤΕ
663 1373 746 1411 ΚΑΙ
776 1374 1102 1412 ΠΑΝΤΟΔΑΠΗ.
1169 1374 1414 1413 HISTORIA
1450 1375 1673 1414 ROMANA
1715 1374 1885 1422 ATQUE
1922 1373 2209 1413 OMNIGENA.

571 1490 603 1515 1.

250 1578 316 1616 ΕΚ
343 1578 443 1618 ΤΟΥ
473 1580 503 1617 Ε
533 1581 915 1620 ΔΙΑΣΤΗΜΑΤΟΣ.

119 1682 238 1719 Gloss.
264 1682 469 1718 verborum
482 1681 578 1729 juris
602 1684 642 1718 in
661 1684 811 1720 Ottonis
827 1679 1019 1720 'rhesum-5
1025 1684 1103 1731 jur.

69 1748 160 1779 tom.
184 1742 262 1785 111,
279 1754 321 1789 p.
348 1741 477 1779 1818:
500 1740 1106 1790 Παλματίουςέκούους,ὁτοῦ

70 1797 279 1847 Παλματίου
290 1795 407 1841 ἵππος.
422 1795 493 1837 ’Ὼν
504 1798 539 1836 δὲ
553 1799 757 1849 Παλμάτιος
768 1794 863 1843 οὗτος
873 1800 999 1844 ἱππεὺς
1011 1817 1106 1850 παμ·

67 1854 228 1899 πλούσιος
245 1855 302 1893 διὰ
317 1857 501 1908 τυραννίδα
523 1857 714 1907 ἐδημεύθη,
731 1855 812 1911 περὶ
831 1853 868 1897 οῧ
883 1874 986 1911 φησιν
1001 1862 1018 1898 ὁ
1034 1860 1105 1899 Ἰλ-

67 1913 242 1966 λούστριος
257 1913 422 1966 Ἣσύχιος
435 1918 452 1953 ὃ
470 1915 703 1969 φιλοσοφήσας
725 1917 770 1967 (l.
788 1917 1025 1970 Φιλοσοφίας)
1046 1922 1108 1965 τῆς

69 1971 245 2017 Μιλησίας
256 2001 265 2018 ,
294 1974 328 2010 ἐν
359 1976 408 2024 τῷ
439 1973 587 2025 πέμπτῳ
620 1976 773 2027 χρονικῷ
805 1975 1017 2025 διαστήματι
1048 1980 1108 2023 τῆς

69 2028 239 2080 Ἱστορίας
260 2033 385 2069 ταῦτα·
405 2049 420 2065 «
443 2030 543 2069 Κατὰ
563 2030 639 2075 τοὺς
660 2032 802 2084 χρόνους
817 2034 1054 2086 Οὐαλεριανοῧ
1073 2036 1107 2072 ἐν

70 2087 267 2140 Καισαρείᾳ
295 2091 356 2134 τ’ἧς
382 2089 641 2134 Καππαδοκίας
667 2089 883 2140 Παλμοίτιός”
900 2107 969 2142 τις,
996 2092 1107 2130 οἰκίαν

69 2144 154 2196 ὓπὲρ
170 2145 214 2183 τὰ
234 2146 394 2196 βασίλεια
407 2146 636 2197 κεκτημένος,
650 2147 768 2185 ἵππων
783 2164 819 2186 τε
834 2148 973 2200 ἀγέλαις
986 2150 1046 2187 καὶ
1059 2152 1107 2203 τῷ

69 2203 166 2255 ἄλλῳ
182 2203 321 2257 πλούτῳ
335 2207 466 2255 κομῶν,
481 2206 527 2248 εἰς
542 2205 629 2243 πολὺ
647 2205 748 2257 μέρος
759 2209 828 2245 τῶν
840 2207 1109 2260 μοναρχούντων

69 2261 331 2314 ἕφικνούμενος,
355 2261 503 2314 ἀσελγὴς
522 2262 578 2310 δὲ,
596 2262 628 2301 εἴ
646 2279 695 2308 τις
714 2263 846 2316 ἕτερος,
866 2267 912 2309 ὡς
930 2266 990 2303 καὶ
1013 2268 1107 2304 ὑπα-

69 2323 165 2357 τικοῦ
183 2319 276 2362 τινὸς
297 2319 477 2371 Ἰσόαίμου
499 2320 652 2371 τοῦνομα
671 2322 827 2373 γαμετὴν
847 2323 1011 2376 Αἷθερίαν
1040 2340 1109 2362 κα-

68 2373 238 2427 λουμῖένην
255 2377 414 2430 ἁρπάσαι
424 2378 482 2417 καὶ
494 2381 541 2422 εἷς
558 2379 666 2426 Σίδην
678 2380 874 2431 ἐκκομίσαι·
890 2382 909 2401 ⁴‘
922 2382 1007 2420 διότι
1023 2398 1108 2435 προ-

69 2434 242 2474 στατεῦων
262 2435 429 2488 ἐτύγχανε
446 2440 506 2484 τῆς
526 2437 682 2482 ἐναντίας
698 2442 756 2477 τοῦ
774 2439 884 2489 δήμου
906 2439 1040 2493 μοίρας.
1066 2459 1081 2475 »

572 2545 609 2569 2.

121 2617 354 2654 Constantin.
377 2618 564 2667 Porphyr.
584 2621 640 2655 De
660 2621 790 2658 Them.
817 2622 876 2666 ΙΙ,
900 2621 922 2657 8
942 2633 950 2659 :
972 2620 1044 2660 Καὶ
1059 2637 1108 2658 νι-

69 2671 179 2718 κήσας
206 2675 224 2710 ὁ
245 2675 386 2725 Καῖσαρ
414 2674 472 2711 τὸν
503 2674 682 2713 ’Λντώνιον
702 2676 762 2715 καὶ
794 2677 855 2723 τὴν
876 2679 1108 2731 Κλεοπάτραν

70 2728 184 2768 ἔκτισε
205 2730 317 2777 πόλιν,
337 2730 488 2775 καλέσας
516 2733 623 2779 αὐτὴν
643 2734 836 2773 Νικόπολιν
858 2735 914 2773 διὰ
932 2736 971 2774 τὸ
997 2739 1108 2775 ἐκεῖσε

69 2790 260 2835 ἡττηθῆναι
278 2788 336 2827 τὸν
357 2789 548 2829 Ἀντώνιον.
570 2791 653 2830 Ἀπὸ
670 2792 706 2830 δὲ
724 2796 784 2830 τοῦ
815 2794 1031 2847 ἀκρωτηρίου
1048 2799 1107 2833 τοῦ

69 2846 282 2896 καλουμένου
311 2847 445 2886 Ἀκτίου
476 2848 536 2887 καὶ
561 2850 622 2894 τὰς
650 2851 867 2901 καλουμένας
894 2853 1108 2897 ἷνδικτιῶνας

69 2903 244 2944 ἐκάλεσεν.
267 2904 372 2944 Οὕτω
391 2906 458 2959 γὰρ
479 2907 603 2960 γράφει
624 2908 791 2961 ἹΙσύχιος
812 2912 829 2947 ὁ
852 2910 1083 2964 Ἰλλούστριος
1097 2928 1105 2936 ·

1673 1487 1704 1519 1.

1467 1584 1497 1622 E
1528 1583 1678 1622 LlBRO
1707 1583 1916 1631 QUINTO.

1213 1687 1409 1719 palmatius
1431 1694 1557 1727 equus,
1581 1685 1612 1716 id
1636 1686 1702 1726 est,
1730 1693 1831 1726 equus
1854 1684 2011 1716 Palmatii.
2038 1684 2216 1716 palmatius

1168 1757 1238 1796 ille,
1255 1765 1353 1797 eques
1373 1756 1534 1796 perdives,
1548 1755 1590 1787 ob
1605 1755 1787 1787 affectatam
1808 1754 2010 1796 tyrannidem
2026 1754 2118 1786 honis
2139 1763 2214 1786 exu-

1167 1827 1219 1858 tus
1232 1828 1290 1858 est.
1308 1829 1354 1858 De
1372 1835 1410 1858 eo
1432 1826 1609 1866 Hesychius
1621 1824 1775 1865 Illustris‚
1798 1823 2009 1864 Philosophiae
2028 1823 2159 1856 Milesiae
2179 1825 2214 1862 f.‚

1168 1897 1200 1928 in
1219 1897 1333 1937 quinto
1359 1895 1527 1928 Chronica}
1549 1895 1697 1927 Historiae
1716 1894 1860 1926 librotita
1882 1894 1978 1926 habet
1996 1907 2003 1925 :
2023 1907 2039 1921 «
2057 1889 2215 1926 Valeriani

1168 1966 1386 2007 temporibus,
1418 1967 1574 1998 caesareae
1599 1965 1632 1996 in
1658 1964 1863 2006 Cappadocia
1887 1964 2061 1996 palmatius
2084 1942 2216 2004 quidam

1168 2036 1301 2067 domum
1325 2033 1504 2075 possidebat
1520 2034 1587 2075 ipsa
1610 2034 1695 2074 regia
1717 2033 1986 2074 splendidiorem,
2009 2034 2041 2065 et
2057 2041 2216 2074 equorum

1168 2102 1314 2142 gregibus
1344 2102 1521 2143 ceterisque
1553 2102 1672 2134 divitiis
1697 2102 1899 2142 abundabat,
1928 2103 2007 2134 adeo
2038 2104 2074 2134 ut
2102 2112 2216 2143 parum

1169 2171 1292 2204 abesset
1309 2172 1387 2212 quin
1402 2172 1440 2203 ad
1461 2173 1582 2213 regium
1604 2172 1762 2213 fastigium
1776 2172 1959 2212 attingeret.
1979 2172 2067 2204 Idem
2081 2181 2169 2212 vero,
2190 2173 2215 2205 si

1169 2242 1240 2283 quis
1253 2242 1345 2283 alius,
1362 2243 1552 2274 insolentem
1565 2251 1598 2274 se
1613 2242 1755 2283 gerebat,
1770 2245 1806 2273 ut
1819 2242 1869 2274 vel
1886 2242 2061 2274 consularis
2073 2242 2145 2281 viri,
2165 2243 2216 2274 (zui

1169 2314 1305 2344 lsoaemo
1318 2321 1434 2344 nomen
1451 2314 1537 2351 erat,
1557 2312 1733 2344 AEtheriam
1755 2321 1890 2345 uxorem
1907 2314 2031 2354 raptam
2055 2314 2087 2345 in
2108 2313 2216 2345 Sidam

1169 2381 1282 2413 urbem
1298 2381 1478 2414 abduxerit.
1499 2382 1515 2398 *
1529 2382 1746 2419 Quamobrem
1762 2382 1889 2414 factioni
1904 2382 2023 2423 populo
2036 2382 2217 2414 adversanti

1169 2448 1438 2489 patrocinabatur.
1459 2461 1474 2475 n

1679 2540 1713 2572 2.

1212 2633 1320 2663 Coesar
1339 2640 1439 2671 quum
1464 2632 1641 2664 Antonium
1658 2633 1690 2664 ct
1706 2632 1909 2674 Cleopatram
1934 2632 2079 2672 vicisset,
2102 2632 2214 2664 urbem

1169 2727 1328 2766 condidit,
1345 2736 1441 2768 quam
1460 2728 1626 2768 Nicopolin
1642 2728 1838 2768 nominavit,
1858 2728 1945 2769 quod
1968 2738 2006 2761 eo
2032 2729 2093 2760 loci
2119 2738 2214 2769 supe·

1169 2826 1257 2857 ratus
1270 2826 1351 2857 esset
1365 2826 1535 2858 Antonius.
1550 2826 1597 2858 Ab
1608 2826 1698 2858 Actio
1712 2828 1820 2858 autem
1835 2826 2053 2867 promontorio
2065 2826 2213 2858 indictio-

1168 2926 1225 2949 nes
1247 2918 1352 2949 vocari
1371 2918 1518 2950 instituit.
1542 2917 1593 2949 Sic
1618 2917 1703 2949 enirn
1731 2918 1909 2958 Hesychius
1927 2918 2063 2950 Illustris
2079 2918 2211 2950 scribit:

110 3012 168 3042 Fr.
185 3014 215 3041 2.
236 3011 284 3042 Cf.
298 3011 461 3043 cedrenus
476 3021 507 3053 p.
527 3016 585 3045 :327
601 3013 652 3045 ed.
670 3015 770 3047 Paris.
790 3015 887 3054 (tom.
902 3017 936 3057 1,
955 3026 987 3057 p.
1011 3020 1069 3049 573
1083 3017 1134 3048 ed.
1155 3018 1268 3057 Bonn.)
1289 3026 1296 3045 τ
1316 3019 1377 3050 Καὶ
1390 3018 1518 3057 ἤρξαντο
1538 3018 1733 3058 ἀριθμεῖσθαι
1753 3020 1784 3049 αἱ
1800 3018 1951 3057 ἷνδικται,
1969 3017 2133 3059 ἀρξάμεναι
2149 3018 2210 3049 ἀπὸ

70 3055 248 3095 Αὐγούστου
271 3058 427 3098 Καίσαρος
443 3059 474 3090 ἐν
490 3059 548 3090 ἔτει
563 3060 597 3090 ιε’
611 3063 664 3098 τῆς
686 3061 782 3102 ἀρχῆς
802 3062 909 3094 αὐτοῦ.
928 3065 1075 3095 Καλεῖται
1095 3064 1126 3094 δὲ
1152 3065 1355 3095 ἰνδικτιών
1368 3088 1377 3103 ,
1400 3065 1557 3096 τουτέστιν
1573 3065 1788 3103 ἶνακτιών,
1811 3067 1831 3102 ἠ
1845 3066 1912 3105 περὶ
1936 3066 1971 3096 τὸ
1992 3065 2112 3097 Ἄκτιον
2126 3066 2208 3102 νίκη.

69 3101 186 3134 Ἄκτιον
201 3104 233 3135 δέ
247 3104 329 3135 ἐστιν
343 3105 531 3146 ἀκρωτήριον
544 3107 743 3144 Νικοπόλεως
757 3111 810 3146 τῆς
823 3109 969 3151 Ἠπείρου
979 3134 988 3150 ,
1006 3110 1077 3142 ἔνθα
1089 3110 1304 3151 μαχεσάμενος
1316 3112 1492 3151 Αὔγουστος
1505 3112 1558 3143 τόν
1571 3123 1604 3143 τε
1618 3112 1775 3143 Ἄντώνιον
1789 3113 1842 3143 καὶ
1856 3111 2058 3152 Κλεοπάτραν
2072 3112 2206 3149 ἐνίκησε,

71 3150 222 3189 μοναρχὸς
236 3150 422 3191 ἀναδειχθεὶς
435 3154 483 3192 τῷ
504 3152 573 3184 τότε
587 3153 700 3194 χρόνῳ.
720 3156 763 3185 De
779 3155 840 3186 hoc
858 3158 1040 3188 commento
1053 3156 1125 3188 vide
1142 3156 1296 3188 ldelernm
1314 3157 1346 3188 in
1363 3157 1562 3190 Handbuch
1580 3158 1642 3190 der
1666 3159 1832 3190 mallwm.
1848 3167 1880 3189 u.
1900 3158 2012 3190 techn.
2035 3157 2207 3196 Clzronol„

70 3195 150 3226 tom.
168 3196 216 3234 lt,
232 3205 260 3235 p.
278 3200 348 3229 357.
365 3199 516 3229 Ceterum
530 3199 599 3230 haec
615 3200 791 3240 Hesychius
804 3209 842 3232 eo
857 3201 1068 3232 Historiarum
1086 3203 1156 3234 loco
1174 3205 1299 3235 notasse
1315 3199 1474 3243 piitandus
1487 3207 1551 3241 est,
1566 3213 1630 3244 quo
1643 3204 1682 3236 de
1702 3205 1847 3236 instituto
1867 3205 2044 3236 secundum
2064 3203 2206 3234 indictio·

71 3248 148 3271 num
163 3242 306 3281 periodos
321 3245 508 3276 numerandi
522 3247 682 3285 exposuit.
704 3248 869 3279 Numerari
893 3257 967 3279 vero
982 3249 1127 3280 solebant
1150 3249 1336 3282 indictiones
1350 3251 1390 3282 ab
1415 3259 1499 3282 anno
1520 3255 1579 3283 312
1606 3251 1708 3291 (Sept.
1731 3251 1774 3290 1).
1800 3252 1883 3282 Hinc
1906 3253 1989 3283 retro
2011 3258 2148 3286 annum,
2167 3249 2206 3279 ad

71 3294 165 3325 quem
181 3289 268 3329 origo
286 3289 378 3328 hujus
393 3291 511 3331 periodi
528 3292 731 3333 pertinuerit,
751 3295 927 3335 Hesychius
948 3294 1159 3336 computavit.
1177 3296 1259 3328 Vide
1279 3298 1390 3329 notam
1412 3297 1453 3328 ad
1472 3298 1583 3338 fragm.
1603 3297 1653 3338 4§
1674 3302 1699 3330 1.
1724 3297 1887 3338 subjungo
1912 3298 2049 3328 alterum
2074 3296 2179 3326 locum
2194 3319 2203 3334 ,

73 3333 126 3372 qui
144 3333 218 3365 item
232 3335 271 3366 ad
286 3337 567 3378 mythologumena
580 3340 801 3380 chronologica
818 3342 964 3381 pertinet.

197 3398 384 3422 FRAGMENTA
406 3401 484 3424 nisr.
504 3402 559 3425 cn.
584 3411 618 3417 —
639 3403 707 3426 voi..
731 3404 772 3426 iv.
2053 3402 2083 3426 ¹⁰
