2372 3704
105 235 182 271 '626

102 325 246 362 serendi
262 334 348 362 sunt
364 327 413 362 ad
432 328 656 364 Athenoeum
671 355 681 374 ,
699 341 812 378 quem
833 330 878 366 de
898 331 942 366 iis
961 333 1150 381 scripsisse

101 392 339 432 compertum
357 385 551 422 habemus.
570 387 664 423 Vide
685 394 778 425 tom.
802 389 883 437 111,
903 402 945 438 p.
966 389 1056 436 657.

154 444 244 492 Pag.
275 456 361 489 mv,
382 451 461 480 not.
489 458 523 480 1.
551 446 730 482 —Adde
760 460 768 482 :
800 448 942 485 Anecd.
975 450 1091 486 Paris.
1114 451 1149 494 Ι,

98 514 140 549 p.
165 501 255 550 392,
277 502 364 539 cod.
387 503 489 539 2610
510 504 577 543 fol.
605 504 648 540 31
671 517 680 542 ε
703 505 854 555 Τίμαιος
873 506 891 542 ὁ
914 505 1150 557 Ταυρομένιος

99 559 396 612 γραοσυλλέκτρια
417 561 553 612 ἐλέγετο
567 561 623 599 διὰ
640 562 678 600 τὸ
694 561 739 601 τὰ
755 562 906 614 τυχόντα
919 564 1148 616 ἀναγράφειν.

152 620 241 668 Pag.
258 632 336 666 Lv1,
352 633 390 665 a,
408 621 474 659 lin.
497 622 595 658 mab
614 623 703 658 ima.
722 643 776 650 ——
788 623 848 659 Ad
866 624 1151 671 Agatharchidis

100 677 358 714 testimonium
373 679 472 715 adde
489 693 497 715 :
511 682 659 719 vitruv,
674 683 775 726 VIII,
789 685 809 724 4
828 695 836 718 z
856 682 1146 730 Tbeophrastus,

102 738 263 773 Timoeus
272 764 284 781 ,
302 740 543 784 Posidonius,
566 741 760 787 Hegesias,
797 742 1025 785 Herodotus,
1060 745 1148 777 Ari-

96 798 227 841 stides,
240 797 486 842 Metrodorus,
505 803 570 846 qui
581 812 725 846 magna
738 801 947 849 vigilantia
962 808 997 836 et
1006 801 1150 847 infinito

96 857 218 891 studio
235 858 396 893 locorum
416 861 669 906 proprielates,
703 871 884 906 aquarum
902 862 1072 904 virtutes,
1099 859 1148 894 ab

98 915 340 952 inclinatione
365 918 453 951 coeli
479 920 673 963 regionum
699 919 916 965 qualitates,
948 920 1001 952 ita
1022 919 1147 953 distri-

99 971 205 1008 butas
220 986 298 1010 esse
313 978 458 1023 scriptis
471 976 769 1010 declaraverunt.

149 1033 239 1080 Pag.
262 1045 339 1081 ενι,
357 1031 399 1078 b,
419 1040 518 1078 not.‚
539 1034 604 1069 lin.
621 1037 641 1076 4
661 1034 709 1069 ab
724 1035 814 1070 ima.
830 1054 884 1061 —
899 1035 990 1070 Dele
1001 1035 1117 1070 verba
1136 1047 1145 1070 ε

96 1095 149 1125 ita
164 1099 289 1127 tamen
301 1093 495 1127 emendari
506 1100 631 1140 potest
641 1099 715 1128 etc.
735 1093 838 1128 Nihil
851 1093 1145 1139 emendandum,

96 1162 212 1197 quum
249 1151 377 1186 omnia
411 1163 500 1186 sana
534 1152 621 1189 sint.
663 1150 759 1187 Vide
800 1153 952 1199 Fragm.
984 1153 1145 1189 Chonol.

93 1222 132 1257 p.
164 1213 232 1251 124
258 1222 330 1256 δᾳ,
347 1210 414 1244 ubi
436 1209 483 1245 de
503 1216 687 1258 computu
705 1211 834 1246 Timaei
848 1212 1020 1259 exposui.

147 1328 391 1364 EPHORUS.
416 1329 456 1363 P.
478 1340 570 1373 LV11‚
589 1330 624 1372 b,
646 1336 684 1364 et
701 1341 864 1377 LV111,a.
884 1349 938 1356 —·-
957 1330 1071 1376 Quod
1091 1331 1145 1366 ibi

93 1386 258 1433 probare
284 1386 497 1422 studuimus
517 1387 622 1435 apud
649 1387 805 1424 Suidam
824 1400 897 1436 pro
919 1387 1146 1434 ἐννεακοστῆς

93 1441 210 1493 τρίτης
223 1442 303 1482 Ὀλ.
325 1445 526 1494 legendum
547 1459 623 1482 esse
634 1446 825 1491 ἑκατοστῆς
842 1445 977 1497 τρίτης,
995 1447 1146 1483 confir-

93 1511 218 1538 matur
247 1505 334 1540 loco
366 1504 546 1540 Eudoeiae
580 1518 618 1553 p.
649 1505 745 1554 230,
770 1506 838 1541 ubi
864 1518 873 1543 ε
905 1503 963 1542 ἐπὶ
995 1507 1056 1551 τῆς
1091 1506 1142 1556 ργ’

92 1558 250 1609 Ὀλυμπ.
538 1606 545 1611 f

144 1619 186 1657 P.
204 1633 314 1666 11x111,
336 1620 365 1664 b,
389 1623 453 1657 lin.
472 1635 509 1660 2.
534 1624 608 1658 Pro
631 1631 799 1658 mutuata
818 1624 900 1673 lege
920 1632 1140 1662 mutuatum.

143 1737 486 1774 THEOPOMPUS.
503 1737 546 1775 P.
561 1752 650 1784 LxV,
661 1740 696 1784 b,
709 1747 802 1785 not.‚
820 1741 887 1777 lin.
900 1739 977 1776 8ab
986 1741 1073 1778 ima.
1092 1761 1142 1768 —

93 1797 168 1831 Pro
185 1794 348 1847 Θεογόνῳ
370 1797 592 1833 Welckerus
610 1799 755 1834 restitui
777 1800 898 1834 voluit
918 1797 1139 1851 Θεοπόμπῳ.

92 1856 221 1890 Potius
235 1856 503 1903 corrigendum
512 1857 664 1893 videtur
677 1855 846 1907 Θεογένῃ.
865 1858 961 1894 Vide
972 1865 1065 1894 tom.
1086 1861 1140 1908 11,

105 1928 131 1949 ).
161 1926 221 1949 12.

92 1927 104 1961 I
143 1975 182 2012 P.
206 1985 313 2009 vau
332 1987 366 2016 a,
391 1982 473 2012 not.
505 1986 538 2009 2.
564 1995 614 2000 ——
639 1976 695 2010 De
711 1974 768 2010 his
797 1988 835 2012 v.
858 1976 1050 2013 lVelcker.
1076 1977 1138 2013 Gr.

93 2034 202 2080 Trag.
224 2046 263 2081 p.
290 2045 388 2078 1070
406 2046 462 2081 sq.

144 2092 182 2129 Ι).
204 2103 324 2137 vau,
338 2092 374 2137 b,
394 2092 461 2129 lin.
485 2092 507 2128 6
529 2092 577 2127 ab
592 2093 680 2130 ima.
695 2113 748 2119 -—
766 2094 839 2128 Pro
862 2105 869 2130 ;
897 2095 1073 2129 Isocratis
1085 2096 1141 2130 di-

86 2152 250 2197 scipulus
269 2151 350 2199 lege
374 2164 381 2186 :
403 2152 608 2186 Metrodori
619 2153 818 2187 Isocratios
835 2153 925 2190 disc.

142 2211 183 2247 P.
198 2222 322 2246 valu
336 2238 346 2258 ,
362 2223 400 2247 α.
417 2231 467 2236 -
481 2211 526 2246 In
539 2212 617 2246 vita
630 2212 869 2260 Theopompi
882 2212 1047 2249 fabulam
1063 2227 1142 2249 non

89 2269 384 2304 commemoravi
409 2281 525 2316 quam
551 2277 680 2305 narrat
700 2271 887 2318 Josephus
909 2273 954 2308 A.
975 2273 1009 2308 J.
1039 2272 1138 2317 XII,

91 2341 112 2362 2
126 2356 134 2372 ,
156 2327 215 2363 13.
234 2328 384 2363 Etenim
400 2328 625 2363 Ptolemaeus
639 2341 705 2364 rex
724 2342 810 2364 cum
827 2330 1022 2364 Demetrio
1042 2330 1135 2365 Pha—

88 2387 190 2421 lereo
211 2386 456 2422 confabulans
482 2387 611 2422 mirari
630 2399 667 2423 se
685 2389 736 2423 ait
753 2390 819 2435 qui
836 2387 901 2423 fiat
920 2395 963 2422 ut
974 2388 1140 2424 admira-

92 2445 187 2480 biles
207 2446 294 2480 istas
323 2443 424 2493 leges
447 2445 668 2481 Judaeorum
692 2458 815 2493 neque
839 2446 1041 2481 historicus
1064 2445 1138 2482 un·

91 2514 207 2550 quam
230 2515 354 2551 neque
375 2511 486 2551 poeta
516 2505 707 2552 attigisset.
731 2502 772 2541 Ὁ
795 2501 830 2539 δὲ
849 2502 1049 2555 Δημήτριος
1069 2518 1139 2553 μη-

89 2559 170 2597 δένα
201 2561 380 2610 τολμῆσαι
417 2562 479 2606 τῆς
511 2563 580 2598 τῶν
619 2561 733 2610 νόμων
770 2559 900 2598 τούτων
935 2562 1139 2613 ἀναγραφῆς

89 2618 265 2671 ἅψασθαι,
285 2618 340 2656 διὰ
358 2617 399 2656 τὸ
414 2618 508 2656 θείαν
526 2618 634 2666 αὐτὴν
647 2613 733 2657 εἶναι
750 2618 810 2657 καὶ
825 2618 976 2669 σεμνὴν,
996 2619 1138 2671 ἔφασκε,

88 2676 148 2715 καὶ
167 2677 218 2715 ὅτι
238 2676 400 2728 βλαὸεῖεν
419 2677 484 2724 ἤδη
505 2676 592 2720 τινὲς
611 2677 742 2722 τούτοις
765 2677 1050 2730 ἐπιχειρήσαντες
1073 2678 1139 2716 ὑπὸ

87 2739 148 2774 τοῦ
168 2737 281 2783 Θεοῦ,
308 2737 422 2783 δηλῶν
445 2738 493 2779 ὡς
512 2736 725 2786 Θεόπομπος
748 2737 926 2789 βουληθεὶς
951 2736 1137 2788 ἱστορῆσαί

89 2809 122 2832 τι
142 2793 221 2846 περὶ
241 2794 372 2833 τούτων
392 2794 568 2846 ἐταράχθη
585 2794 647 2841 τὴν
662 2795 815 2833 διάνοιαν
830 2794 985 2833 πλείοσιν
1003 2794 1026 2842 ἢ
1046 2796 1140 2848 τριά-

90 2869 195 2892 κοντα
227 2853 394 2906 ἡμέραις,
422 2853 481 2891 καὶ
500 2853 598 2906 παρὰ
615 2852 677 2898 τὰς
697 2854 829 2897 ἀνέσεις
862 2853 1061 2898 ἐξιλάσκετο
1079 2855 1137 2893 τὸν

88 2912 199 2960 Θεὸν,
223 2915 376 2950 ἐντεῦθεν
391 2915 486 2965 αὑτῷ
501 2913 658 2963 γενέσθαι
679 2911 743 2959 τὴν
763 2911 1033 2965 παραφροσύνην
1054 2916 1138 2952 ὑπο-

87 2974 188 3010 νοῶν·
205 2972 243 3008 οὐ
259 2970 328 3021 μὴν
347 2970 439 3009 ἀλλὰ
453 2972 513 3010 καὶ
532 2971 618 3024 ὄναρ
639 2966 727 3010 εἶδεν
739 3003 748 3019 ,
764 2970 816 3009 ὅτι
837 2971 932 3010 τοῦτ’
945 2973 1042 3024 αὐτῷ
1056 2988 1139 3022 συμ-

90 3029 174 3076 ὅαίη
195 3029 498 3082 περιεργαζομένῳ
528 3029 572 3067 τὰ
590 3031 665 3068 θεῖα
695 3030 754 3068 καὶ
771 3030 869 3068 ταῦτ’
889 3030 1044 3083 ἐκφέρειν
1081 3031 1138 3069 ἐπὶ

87 3087 218 3131 κοινοὺς
237 3086 436 3140 ἀνθρώπους
448 3088 646 3134 θελήσαντι·
660 3088 721 3127 καὶ
735 3089 975 3140 ἀποσχόμενος
985 3089 1138 3137 κατέστη

88 3146 151 3194 τὴν
177 3146 343 3186 διάνοιαν.
366 3147 508 3184 Eadem
529 3157 686 3185 narrant
713 3150 850 3188 Euseb.
873 3151 915 3186 P.
941 3151 1006 3186 Ev.
1026 3152 1137 3199 VIII,

86 3221 126 3255 p.
148 3206 244 3252 3543
264 3206 425 3244 Cedren.
443 3219 483 3255 p.
515 3207 586 3243 165
614 3208 674 3243 ed.
693 3209 810 3245 Paris.
830 3216 867 3244 et
886 3210 1077 3257 Anonym.
1100 3211 1139 3244 in

88 3266 227 3302 Chron.
247 3265 332 3301 cod.
354 3266 514 3303 Parisin.
539 3266 612 3309 854
632 3267 670 3301 in
690 3268 809 3302 Cram.
827 3267 971 3305 Anecd.
987 3269 1072 3305 Par.
1090 3269 1140 3313 ΙΙ,

87 3338 128 3373 p.
152 3337 243 3371 272.
263 3346 316 3351 ·—-
334 3325 507 3373 Denique
522 3326 620 3360 inter
635 3326 837 3362 historicos
853 3338 929 3361 una
947 3339 1033 3361 cum
1050 3327 1143 3362 Cha-

88 3396 179 3419 race
203 3381 263 3419 καὶ
284 3381 402 3425 ἄλλοις
431 3381 632 3433 ἀναρίθμοις
656 3385 944 3433 Theopompum
973 3393 1142 3421 recenset

91 3443 272 3490 Euagrius
289 3444 338 3480 H.
363 3443 463 3479 Eccl.
480 3445 528 3488 V,
548 3447 607 3485 24.

825 235 1078 276 'ADDENDA
1108 239 1174 277 ET
1204 241 1533 282 CORRIGENDA

1267 332 1359 379 Pag.
1370 344 1552 378 va111‚a‚
1563 339 1642 368 not.
1658 333 1695 371 6.
1708 354 1755 361 —
1770 336 1827 370 De
1837 335 2076 385 Theopompi
2090 338 2264 386 Epitome

1213 388 1465 426 Historiarum
1483 392 1669 427 Herodoti
1690 405 1773 440 quae
1791 395 1942 442 scripsit
1957 396 2206 433 Frommelius
2223 397 2264 433 in

1212 449 1384 484 Creuzeri
1409 450 1599 488 Meletem.
1622 452 1699 496 111,
1724 463 1763 499 p.
1801 451 1873 487 136
1905 465 1992 501 sqq.
2015 466 2099 490 sero
2131 462 2264 491 nactus

1211 519 1306 545 sum.
1326 508 1429 543 Nihil
1453 516 1588 544 auctor
1605 509 1754 545 dubitat
1773 512 1866 558 quin
1884 511 2032 548 libellus
2050 514 2113 549 ille
2128 515 2176 549 sit
2195 526 2259 562 ge-

1210 567 1350 601 nuinus
1367 567 1478 602 foetus
1493 568 1735 616 Theopompi
1756 569 1861 613 Chii,
1880 571 1919 604 in
1945 571 2070 606 Suidae
2096 573 2266 608 testimo-

1210 625 1275 659 nio
1291 625 1460 672 locisque
1477 625 1628 661 duobus
1643 627 1710 661 ubi
1723 627 1898 662 laudatur
1916 629 1983 666 Th.
1998 628 2032 664 ἐν
2050 626 2134 681 Ἥρ.
2155 628 2260 668 Ἐπι-

1211 683 1301 732 τομῇ
1330 683 1432 718 bona
1453 682 1527 719 fide
1550 685 1811 731 acquiescens;
1831 686 1926 721 nihil
1956 694 2082 723 tamen
2106 689 2232 724 attulit
2246 715 2258 733 ,

1214 753 1291 788 quo
1314 753 1374 776 res
1392 753 1462 789 per
1480 754 1517 777 se
1533 755 1667 790 parum
1682 744 1895 791 probabilis
1914 745 1961 780 ad
1980 745 2162 793 majorem
2183 749 2263 784 veri

1212 801 1376 848 speciem
1405 800 1670 836 adduceretur.
1685 803 1782 837 Nam
1801 803 1907 850 quod
1928 804 2198 854 Theopompus
2222 807 2263 842 in

1214 858 1382 894 historiis
1408 860 1482 894 suis
1504 861 1708 896 Hellenicis
1731 861 1790 896 vel
1820 862 2042 911 Philippicis
2069 864 2262 901 interdum

1211 916 1258 951 de
1281 917 1394 953 rebus
1413 919 1573 966 exponit
1595 931 1688 966 quas
1703 919 1923 956 Herodotus
1942 934 2098 969 quoque
2113 923 2170 958 vel
2190 930 2260 959 tra-

1210 976 1326 1010 ctavit
1344 977 1404 1010 vel
1425 977 1562 1024 attigit,
1584 977 1622 1012 id
1640 989 1688 1013 ne
1703 979 1902 1014 minimum
1922 979 2078 1027 quidem
2097 980 2202 1029 facit,
2219 988 2262 1016 ut

1208 1033 1481 1082 Xenophontis
1501 1035 1580 1082 jam
1601 1043 1708 1072 aetate
1726 1037 1907 1073 exstitisse
1924 1039 2048 1074 virum
2071 1045 2260 1075 oratorem

1210 1092 1324 1129 nohis
1337 1094 1648 1141 persuadeamus,
1671 1095 1737 1142 qui
1757 1096 1999 1144 excerpendo
2018 1097 2161 1133 modici
2179 1109 2262 1134 am—

1209 1150 1310 1186 bitus
1326 1164 1444 1200 opere
1461 1154 1726 1201 excerptisque
1746 1154 1786 1189 in
1801 1155 1996 1201 publicum
2010 1155 2168 1192 edendis
2187 1157 2261 1192 ob-

1210 1220 1361 1245 scuram
1392 1210 1584 1247 inferioris
1615 1213 1683 1247 aevi
1708 1212 1948 1249 sedulitatem
1977 1215 2171 1251 aemulatus
2198 1216 2258 1252 sit.

1210 1267 1386 1303 Ceterum
1404 1270 1606 1318 Epitomen
1620 1271 1727 1306 istam
1742 1283 1821 1306 non
1835 1278 1911 1309 tam
1926 1271 2088 1318 junioris
2103 1272 2262 1319 alicujus

1211 1326 1452 1376 Theopompi
1472 1328 1583 1365 fuisse
1601 1330 1783 1377 opellam,
1803 1330 1870 1366 sed
1889 1342 1911 1366 a
1929 1331 2070 1367 seriore
2090 1331 2259 1378 quodam

1210 1388 1458 1432 grammatico
1478 1388 1548 1423 sub
1566 1388 1802 1437 Theopompi
1820 1389 1902 1425 Chii
1918 1390 2073 1425 nomine
2087 1389 2258 1426 divendi-

1208 1449 1284 1492 tam
1298 1457 1375 1480 esse
1389 1446 1631 1482 crediderim.

1259 1503 1350 1550 Pag.
1369 1515 1493 1540 vam
1505 1534 1514 1550 ‚
1531 1506 1571 1548 b,
1595 1506 1663 1542 lin.
1687 1504 1725 1542 5.
1741 1527 1795 1532 --
1807 1507 1894 1553 Ipsa
1911 1505 2031 1540 verba
2049 1506 2257 1554 Anonymi,

1208 1560 1256 1596 de
1270 1560 1377 1607 cujus
1393 1563 1480 1598 loco
1497 1576 1620 1599 sermo
1641 1571 1710 1608 est,
1728 1564 1952 1600 adscribam.
1972 1566 2161 1611 Anonym.
2180 1566 2255 1601 Vir.

1206 1619 1327 1656 Thuc.
1351 1619 1372 1668 5
1392 1619 1430 1665 5,
1447 1633 1486 1669 p.
1505 1634 1577 1658 201
1597 1623 1637 1657 in
1653 1622 1775 1672 Βιογρ.
1791 1623 2069 1658 Westermanni
2089 1634 2098 1659 :
2119 1620 2259 1659 Πέπαυ-

1206 1690 1265 1712 ται
1281 1675 1317 1713 δὲ
1334 1676 1373 1713 τὸ
1401 1680 1463 1723 τῆς
1480 1681 1680 1731 συγγραφῆς
1699 1680 1734 1716 ἐν
1754 1681 1797 1730 τῇ
1819 1679 2000 1731 ναυμαχία
2019 1682 2062 1731 τῇ
2082 1679 2163 1728 περὶ
2184 1682 2258 1720 Κυ-

1205 1733 1259 1777 νὸς
1271 1738 1383 1785 σῆμα,
1397 1736 1555 1774 τουτέστι
1568 1737 1647 1787 περὶ
1661 1737 1717 1775 τὸν
1727 1737 2005 1784 Ἑλλήσποντον,
2022 1737 2102 1775 ἔνθα
2117 1739 2257 1777 δοκοῖσι

1205 1791 1266 1830 καὶ
1284 1794 1501 1841 νενικηκέναι
1527 1795 1715 1843 Ἀθηναῖοι.
1745 1795 1803 1834 Τὰ
1824 1794 1860 1833 δὲ
1880 1795 1968 1844 μετὰ
1994 1799 2104 1833 ταῦτα
2130 1795 2257 1850 ἑτέροις

1205 1852 1351 1902 γράφειν
1383 1852 1552 1891 κατέλιπε
1565 1884 1575 1904 ,
1615 1855 1815 1906 Ξενοφῶντι
1847 1854 1906 1891 καὶ
1940 1854 2157 1907 Θεοπόμπῳ·
2189 1855 2259 1894 εἶσὶ

1206 1910 1235 1947 δ’
1257 1912 1293 1947 αἱ
1313 1910 1433 1962 ἐφεξῆς
1452 1910 1578 1963 μάχαι·
1598 1912 1676 1950 οὔτε
1695 1911 1762 1963 γὰρ
1787 1912 1851 1958 τὴν
1874 1912 2035 1960 δευτέραν
2054 1914 2256 1965 ναυμαχίαν

1204 1966 1266 2013 τὴν
1292 1968 1371 2018 περὶ
1396 1970 1506 2014 Κυνὸς
1534 1973 1650 2020 σῆμα,
1667 1970 1709 2016 ἣν
1727 1969 1940 2020 Θεόπομπος
1957 1964 2052 2008 εἶπεν
2065 2001 2075 2017 ,
2095 1971 2174 2010 οὔτε
2192 1971 2256 2018 τὴν

1203 2026 1282 2076 περὶ
1305 2027 1478 2076 Κύζικον,
1500 2028 1542 2075 ἣν
1564 2029 1660 2067 ἐνίκα
1685 2028 1935 2081 Θρασύὸουλος
1954 2031 2015 2066 καὶ
2035 2029 2256 2082 Θηραμένης

1203 2085 1262 2123 καὶ
1280 2085 1503 2133 Ἀλκιὸιάδης
1516 2117 1525 2134 ,
1547 2087 1625 2125 οὔτε
1642 2086 1705 2134 τὴν
1723 2089 1757 2125 ἐν
1779 2087 2014 2139 Ἀργινούσαις
2033 2088 2251 2141 ναυμαχίαν,

1203 2143 1283 2182 ἔνθα
1305 2147 1445 2182 νικῶσιν
1467 2146 1641 2193 Ἀθηναῖοι
1656 2145 1972 2196 Λακεδαιμονίους,
1994 2145 2073 2184 οὔτε
2092 2145 2131 2184 τὸ
2145 2147 2256 2199 κεφά-

1202 2204 1298 2241 λαιον
1318 2206 1386 2241 τῶν
1403 2207 1520 2242 κακῶν
1537 2207 1605 2243 τῶν
1627 2204 1811 2250 Ἀττικῶν,
1830 2203 1893 2250 τὴν
1913 2206 1948 2242 ἐν
1963 2204 2071 2255 Αἰγὸς
2086 2211 2257 2255 ποταμοῖς

1203 2262 1425 2313 ναυμαχίαν,
1446 2262 1533 2301 ὅπου
1552 2263 1613 2301 καὶ
1629 2262 1690 2307 τὰς
1707 2266 1789 2306 ναῦς
1804 2260 1990 2300 ἀπώλεσαν
2008 2263 2178 2310 Ἀθηναῖοι
2194 2264 2255 2302 καὶ

1203 2319 1266 2363 τὰς
1293 2321 1370 2366 ἑξῆς
1391 2322 1546 2365 ἐλπίδας·
1575 2321 1635 2359 καὶ
1657 2322 1723 2373 γὰρ
1748 2320 1787 2358 τὸ
1805 2323 1918 2372 τεῖχος
1938 2323 2051 2359 αὐτῶν
2079 2321 2257 2374 καθῃρέθη

1202 2377 1261 2415 καὶ
1279 2381 1300 2425 ἡ
1318 2381 1385 2416 τῶν
1402 2380 1434 2417 λ’
1461 2380 1620 2433 τυραννὶς
1639 2379 1792 2426 κατέστη
1813 2381 1873 2417 καὶ
1895 2380 2040 2423 πολλαῖς
2061 2381 2255 2432 συμφοραῖς

1202 2438 1404 2489 περιέπεσεν
1416 2442 1438 2485 ἡ
1453 2439 1552 2482 πόλις
1562 2469 1573 2488 ,
1589 2438 1627 2482 ἃς
1645 2438 1822 2490 ἠκρίὸωσε
1838 2439 2062 2488 Θεόπομπος.
2078 2441 2254 2477 Confert-i

1202 2498 1510 2535 VVestermannus
1541 2499 1651 2546 jubet
1679 2499 1829 2548 Spilleri
1853 2500 1990 2545 Quaest.
2025 2500 2081 2534 De
2111 2499 2248 2534 Xeno—

1199 2557 1335 2605 phont.
1360 2559 1453 2593 flist.
1475 2558 1540 2594 Gr.
1560 2570 1600 2605 p.
1623 2569 1683 2592 22.

1255 2618 1410 2665 P.·Lxx,
1425 2630 1459 2660 a,
1485 2617 1551 2651 lin.
1578 2629 1620 2662 17
1641 2616 1689 2651 ab
1721 2617 1811 2651 ima.
1833 2636 1885 2642 —
1900 2615 1975 2651 Pro
1992 2627 2144 2663 quorum
2172 2615 2258 2663 lege·

1200 2688 1366 2722 quarum.
2250 2668 2266 2676 “

1254 2798 1601 2836 PHYLARCHUS.
1632 2798 1674 2834 P.
1706 2809 1795 2842 Lxx,
1823 2797 1854 2839 b,
1887 2796 1952 2832 lin.
1985 2808 2047 2843 29.
2083 2815 2136 2822 --
2165 2795 2253 2830 Post

1200 2869 1334 2892 vocem
1350 2856 1576 2892 Plutarchus
1605 2856 1704 2892 adde
1734 2869 1742 2890 :
1775 2857 1833 2890 De
1857 2856 1980 2901 gloria
1996 2853 2142 2888 Allien.
2163 2865 2197 2888 c.
2233 2866 2247 2888 ι

1193 2928 1241 2964 p.
1267 2915 1341 2957 423
1358 2917 1418 2953 ecl.
1439 2916 1565 2952 Didot.

1253 3033 1407 3069 DEMO.
1436 3033 1525 3080 Pag.
1554 3043 1718 3067 Lxxxm.
1747 3032 1803 3066 De
1833 3031 2004 3065 Demone
2035 3029 2103 3063 lin.
2130 3027 2168 3073 3,
2201 3026 2252 3064 ad

1199 3091 1318 3126 verba
1334 3103 1342 3125 ι
1365 3092 1532 3125 Demone
1547 3090 1729 3137 Sicyonio,
1741 3087 1971 3137 philosopho
1983 3086 2247 3134 Pythagorico,

1199 3153 1260 3184 cui
1270 3149 1507 3185 vindicanda
1519 3149 1621 3183 nobis
1634 3160 1711 3183 esse
1723 3148 1909 3191 videmur,
1929 3158 2012 3194 quoe
2021 3146 2126 3193 apud
2135 3143 2252 3179 schol.

1201 3209 1254 3244 ad
1277 3210 1436 3244 Lucian.
1472 3210 1683 3242 Icaromen.
1718 3219 1764 3254 19
1798 3207 1982 3252 leguntur.
2019 3224 2071 3230 —
2100 3203 2250 3238 Erravit

1202 3268 1318 3303 frater
1333 3278 1450 3302 meus.
1474 3264 1588 3313 Apud
1605 3265 1722 3301 schol.
1739 3264 1898 3300 Lucian.
1918 3264 1943 3301 l.
1967 3264 1991 3298 l.
2011 3262 2148 3310 legitur
2160 3261 2249 3296 alle-

1203 3327 1334 3375 gorica
1349 3325 1613 3372 interpretatio
1632 3323 1764 3359 fabulae
1782 3323 1828 3359 de
1843 3323 1916 3359 Oto
1937 3329 1973 3357 et
1991 3320 2187 3368 Ephialte,
2203 3319 2249 3360 ὡς

1203 3385 1333 3435 ἱστορεῖ
1360 3384 1472 3431 Δημῶ
1495 3381 1586 3433 (sic).
1615 3382 1759 3428 Quibus
1779 3381 1903 3416 verbis
1933 3391 2057 3426 neque
2085 3377 2253 3414 Atthidis

1204 3445 1365 3491 scriptor
1378 3441 1509 3491 Δήμων
1527 3441 1715 3490 laudatur,
1735 3452 1859 3488 neque
1872 3437 2122 3487 philosophus
2136 3447 2247 3484 quem
