2372 3704
1048 181 1365 221 FRAGMENTA

185 281 214 307 6.
240 266 367 314 Ῥῆσος
385 265 447 308 τὰς
468 266 618 313 οἰκήσεις
634 265 725 318 ἔχων
746 268 780 304 ἐν
801 267 982 321 Βυζαντίῳ
1002 271 1036 307 ἐν
1055 272 1102 320 τῷ
1120 271 1176 307 λε-

131 324 269 378 γομένῳ
300 323 445 377 Ῥηάτῳ
474 323 631 377 (Ῥησίῳ
659 324 741 376 S.),
761 322 848 364 ὅπου
867 329 926 364 νῦν
950 327 1043 365 ἔστιν
1069 330 1088 364 6
1118 331 1178 365 τοῦ

131 383 443 437 μεγαλομάρτυρος
473 382 573 434 ἁγίου
603 382 790 436 Θεοδώρου
820 383 913 428 ναός.
982 386 1024 437 (7)
1060 385 1113 425 Τὸ
1144 389 1177 425 ἐν

133 444 168 482 Τ
171 442 248 496 ροία
273 442 476 482 Παλλάδιον
500 442 620 487 ζώδιον
638 436 680 490 ἦν
705 442 827 496 μικρὸν
840 473 851 495 ,
871 443 939 482 ὑπὸ
959 443 1072 483 Ἀσίου
1092 444 1180 488 τινὸς

131 501 318 556 φιλοσόφου
349 503 631 540 κατασκευασθὲν
667 503 715 545 εἷς
743 501 902 555 φυλακὴν
933 505 995 551 τῆς
1028 503 1175 548 πόλεως.

130 561 173 613 (8)
192 560 254 601 Ἐν
272 562 322 614 τῷ
351 559 489 611 μέλλειν
509 560 572 607 τὴν
597 560 730 613 Τροίαν
760 561 983 609 ἁλίσκεσθαι,
1003 561 1094 600 κατὰ
1116 561 1178 609 τὴν

130 617 252 672 ἑορτὴν
270 621 339 657 τῶν
369 619 624 670 ἀναθημάτων,
643 619 684 658 τὸ
704 624 775 663 τοῖς
803 619 952 670 θύμασιν
984 620 1178 659 ἐπιὸαλλό-

131 693 233 727 μενον
252 681 321 728 πῦρ
348 679 414 730 οὐχ
432 672 564 729 ἧπτεν,
595 680 672 716 ἀλλ’
702 677 906 717 ἐσὸέννυτο·
936 682 1037 717 τοῦτο
1071 679 1178 717 εἰπὼν

130 735 322 781 Ὀδυσσεὺς
338 738 408 781 τοῖς
431 735 603 784 εἘλλησιν
623 738 692 785 ἤδη
714 738 994 791 ἀπαγορεύσασιν
1015 738 1074 778 καὶ
1095 738 1178 789 μέλ-

130 796 247 834 λουσιν
268 796 462 848 ὑποχωρεῖν
475 826 484 844 ,
505 795 686 848 ἐθάρρυνεν
707 796 843 840 αὐτούς.

184 868 216 894 9.
245 853 292 893 Ἥ
319 854 465 894 Σικελία
493 854 656 908 τρίγωνος
681 849 769 894 οῧσα
796 855 864 894 ὑπὸ
889 857 993 907 τριῶν
1021 856 1179 909 ἀδελφῶν

130 912 375 961 ἐδασιλεύετο,
394 907 442 951 ὧν
468 916 486 951 6
504 914 575 964 41sz
598 913 735 964 ἐλέγετο
755 914 914 967 Κύκλωψ
927 944 937 960 ,
959 916 977 952 6
998 913 1033 952 δὲ
1062 914 1181 953 [Ιολύ-

130 985 258 1023 φημος.
319 970 586 1020 Καταπονηθεὶς
602 970 638 1009 δὲ
657 973 713 1009 ὑπ’
733 974 854 1019 αὐτοῦ,
872 972 931 1010 καὶ
948 971 1096 1015 πολλοὺς
1112 974 1180 1009 τῶν

130 1029 266 1068 οἰκείων
285 1029 507 1077 ἀποδαλὼν,
528 1030 650 1082 δώροις
674 1030 841 1074 δελεάσας
861 1031 965 1069 αὐτὸν
992 1030 1051 1068 καὶ
1076 1030 1180 1083 οἴνῳ,

129 1085 193 1135 τὴν
226 1089 330 1127 αὐτοῦ
364 1092 532 1139 μονογενῆ
567 1088 737 1142 θυγατέρα
774 1089 936 1142 ἁρπάσας
965 1089 1106 1143 ἔφυγεν,
1135 1091 1181 1133 ὡς

131 1147 283 1200 Σίσυφος
298 1150 316 1186 6
332 1150 431 1191 Κῶος
448 1148 588 1200 ἱστορεῖ.
602 1146 688 1187 “Ort
702 1152 782 1198 γοῦν
797 1148 960 1195 ἀλλήλοις
971 1148 1182 1200 συνήρχοντο

131 1208 164 1245 οἱ
183 1212 275 1259 τρεῖς
292 1207 513 1257 ὠνομάζοντο
536 1207 750 1257 Κύκλωπες,
779 1207 839 1245 καὶ
869 1206 1104 1258 ἐμυθεύσαντο
1130 1206 1182 1245 ὅτι

132 1267 223 1317 τρεῖς
237 1265 434 1318 ὀφθαλμοὺς
453 1259 544 1317 εἶχον
554 1295 564 1312 ,
580 1265 807 1315 σημαίνοντες
820 1265 896 1310 τοὺς
910 1269 999 1318 τρεῖς
1017 1265 1182 1318 ἀδελφοὺς

133 1324 297 1371 ἀλλήλοις
321 1323 588 1375 συγκειμένους·
609 1327 627 1362 ὁ
655 1324 690 1362 δὲ
718 1324 935 1378 Πολύφημος
965 1324 1045 1372 ἕνα,
1068 1324 1105 1363 ὃν
1126 1324 1183 1363 διὰ

131 1383 239 1435 πυρὸς
258 1382 489 1437 διετύφλωσεν
507 1381 716 1431 Ὀδυσσεὺς,
731 1382 783 1421 ὅτι
803 1384 866 1431 τὴν
887 1386 991 1422 αὐτοῦ
1009 1383 1182 1436 θυγατέρα

132 1443 359 1480 ἓκκαυθεῖσαν
376 1441 479 1494 ἔρωτι
500 1443 672 1495 ἀφείλετο.
731 1441 788 1494 (10)
808 1442 967 1496 Καλυψὼ
986 1442 1047 1481 καὶ
1069 1442 1183 1495 Κίρκη

133 1500 257 1540 Ἡλίου
280 1500 341 1540 καὶ
360 1500 519 1548 Σελήνης
547 1495 638 1548 ἦσαν
657 1500 792 1554 ἱέρειαι.

626 1596 690 1634 25.

187 1679 278 1717 Exc.
300 1680 357 1716 De
369 1679 446 1717 ins.
477 1691 518 1728 p.
545 1682 566 1722 4
589 1691 598 1715 ε
620 1676 706 1717 ’Ὀτι
729 1678 747 1715 6
768 1676 932 1730 βασιλεὺς
952 1677 1184 1728 Ἀγαμέμνων

133 1735 358 1780 ἀποπλεύσας
377 1735 445 1774 ἀπὸ
465 1738 526 1783 τῆς
541 1735 646 1775 Ἰλίου
663 1737 709 1779 εἷς
725 1734 787 1782 τὴν
804 1736 894 1774 ἰδίαν
912 1735 1066 1789 πατρίδα
1080 1765 1090 1783 ,
1107 1730 1184 1789 ε’ῧρε

131 1794 196 1842 τὴν
228 1797 352 1833 ἑαυτοῦ
384 1799 532 1846 γυναῖκα
562 1794 884 1847 Κλυταιμνήστραν
920 1796 987 1832 ὑπὸ
1016 1794 1185 1846 Αἰγίσθου

134 1854 403 1907 μοιχευομένην.
460 1853 658 1893 Ἀκούσασα
689 1852 757 1907 γὰρ
788 1854 877 1902 αὕτη
904 1853 956 1892 ὅτι
981 1853 1045 1901 τὴν
1085 1857 1186 1893 Κασ-

134 1913 288 1967 σάνδραν
321 1912 447 1952 ἔλαὸεν
467 1916 500 1952 ἐν
517 1915 560 1965 τῇ
592 1912 703 1965 Τροία
736 1918 903 1964 γυναῖκα,
934 1912 993 1951 καὶ
1026 1912 1184 1965 ἀφορμὴν

134 1974 321 2025 εὗρηκυῒα,
344 1972 491 2010 θάνατον
517 1971 773 2016 κατασκευάζει
791 1971 852 2009 σὺν
879 1974 928 2025 τῷ
961 1971 1117 2024 Αἰγίσθῳ
1136 1974 1186 2024 τῷ

134 2033 261 2078 ἑαυτῆς
280 2033 415 2083 μοιχῷ,
435 2029 494 2068 καὶ
511 2031 606 2082 αὐτῷ
622 2029 739 2080 γένους
756 2029 829 2068 ὄντι
846 2031 1043 2082 βασιλικοῦ.
1060 2030 1185 2069 Ἐνδύ-

136 2104 229 2128 σασα
250 2088 318 2142 γὰρ
345 2089 403 2127 τὸν
431 2087 540 2141 ἄνδρα
568 2090 701 2140 χιτῶνα
721 2087 941 2140 πανταχόθεν
968 2088 1186 2141 ὑφασμένον,

134 2147 398 2199 παρεσκεύασεν
415 2146 518 2185 αὐτὸν
533 2147 598 2184 ὑπὸ
618 2146 785 2197 Αἰγίσθου
802 2150 979 2200 σφαγῆναι
991 2164 998 2171 ·
1018 2147 1077 2186 καὶ
1093 2149 1187 2198 λαμ-

2205 191 2274 224 5251

1241 270 1338 308 ὅάνει
1366 273 1484 308 τοῦτον
1515 269 1641 322 ἄνδρα,
1674 270 1733 308 καὶ
1763 270 1863 323 ἔσχεν
1901 271 1934 317 ἐξ
1972 274 2077 311 αὐτοῦ
2108 274 2281 326 θυγατέρα

1241 327 1440 379 Ἠριγόνην.
1499 330 1624 367 Ταῦτα
1643 328 1755 366 τοίνυν
1776 329 1927 374 ἀκούσας
1944 333 1961 368 6
1982 331 2170 383 Ὀρέστης,
2187 335 2205 371 6
2223 336 2283 371 τοῦ

1241 385 1494 436 Ἀγαμέμνονος
1525 385 1618 434 υἱὸς,
1651 381 1754 433 ἦλθεν
1794 387 1863 425 ἀπὸ
1890 392 1951 426 τοῦ
1985 389 2159 441 Σχοινέως
2173 420 2184 440 ,
2224 394 2284 428 τοῦ

1241 444 1427 496 θρέψαντος
1448 444 1552 482 αὐτὸν
1565 475 1574 492 ,
1592 449 1652 483 τοῦ
1676 445 1806 496 πατρὸς
1825 446 1883 484 τὸν
1906 446 2051 486 θάνατον
2075 446 2285 495 ἐκδικήσω,

1241 505 1288 542 Οἱ
1320 504 1356 541 δὲ
1384 504 1463 555 περὶ
1487 502 1545 540 τὸν
1581 502 1747 553 Αἴγισθον
1775 503 1836 542 καὶ
1874 505 1935 555 τὴν
1967 506 2286 557 Κλυταιμνήστραο

1241 562 1467 601 ε’ὅουλεύοντο
1485 562 1545 600 καὶ
1566 562 1670 600 αὐτὸν
1690 564 1824 601 ἀνελεῖν
1837 591 1847 610 ,
1870 563 1948 601 ἀλλ’
1969 566 1991 610 ἡ
2011 564 2133 602 τούτου
2153 565 2284 617 ἀδελφὴ

1244 620 1438 673 Ἠλέκτρα,
1472 620 1603 666 ἐξεῖπεν
1635 622 1730 672 αὐτῷ
1764 620 1825 667 τὴν
1867 621 2018 673 βουλήν·
2050 622 2110 660 καὶ
2142 621 2204 661 σὺν
2237 625 2288 677 τῷ

1242 679 1405 732 Στροφίῳ
1422 679 1619 731 γενόμενος,
1640 679 1700 718 καὶ
1718 682 1768 731 τῷ
1796 681 1860 732 υἱῷ
1878 681 1985 719 αὐτοῦ
2008 681 2157 732 Πυλάδῃ
2170 711 2181 731 ,
2203 697 2290 732 συγ-

1241 741 1347 790 γενῶν
1378 738 1485 776 ὄντων
1514 742 1574 777 τοῦ
1609 737 1885 790 Ἀγαμέμνονος,
1915 739 2147 790 παραγίνεται
2174 741 2219 782 εἷς
2250 739 2289 778 τὸ

1243 800 1406 847 μαντεῖον
1420 829 1429 845 ,
1450 797 1510 835 καὶ
1532 796 1707 847 λαμὸάνει
1722 797 1905 849 χρησμὸν,
1923 796 1975 835 ὅτι
1996 798 2046 835 δεῖ
2076 797 2177 835 αὐτὸν
2199 799 2290 836 ἐκδι-

1243 860 1350 904 κῆσαι
1369 856 1426 894 τὸν
1448 856 1594 894 θάνατον
1615 859 1675 894 τοῦ
1696 855 1849 908 πατρὸς,
1873 855 1933 894 καὶ
1958 858 2090 894 ἀνελεῖν
2112 855 2169 893 τὸν
2190 856 2290 907 Α’ίγι-

1244 918 1323 953 σθον
1345 914 1405 952 καὶ
1433 913 1497 960 τὴν
1527 915 1635 952 αὐτοῦ
1658 913 1812 967 μητέρα,
1833 914 1894 952 καὶ
1914 914 1977 962 τὴν
2001 914 2181 968 βασιλείαν
2201 917 2291 952 ἀνα-

1241 974 1363 1012 λαῦεῖν
1395 977 1454 1011 τοῦ
1487 973 1631 1024 πατρός.
1667 972 1782 1026 ’Ὀπερ
1818 973 2000 1027 πέπραχεν
2042 973 2292 1023 ἐπιλαὸόμενος

1242 1036 1385 1085 καιροῦ,
1406 1032 1466 1070 καὶ
1487 1031 1639 1070 ἐπελθὼν
1658 1033 1773 1076 αὐτοῖς
1794 1035 1828 1071 ἐν
1843 1036 1893 1085 τῷ
1910 1033 2114 1085 παλλατίῳ,
2131 1032 2291 1086 ἀμφοτέ-
2311 1055 2318 1059 -’

1246 1107 1323 1144 ρους
1339 1090 1571 1144 κατασφάζει.
1595 1090 1774 1137 Κινήσεως
1789 1086 1846 1130 οὖν
1873 1093 1950 1129 κατ’
1978 1094 2083 1130 αὐτοῦ
2107 1091 2293 1145 γενομένης

1245 1151 1312 1188 ὑπό
1331 1166 1369 1188 τε
1390 1153 1449 1188 τοῦ
1467 1150 1598 1201 πατρὸς
1618 1149 1937 1203 Κλυταιμνήστρας
1953 1149 2013 1188 καὶ
2031 1153 2100 1189 τῶν
2117 1152 2292 1201 συγγενῶν

1246 1209 1434 1260 Αἰγίσθου,
1466 1208 1527 1247 καὶ
1557 1209 1653 1256 δίκης
1685 1208 1933 1259 ἀγωνισθείσης
1964 1209 2061 1262 παρὰ
2090 1212 2141 1262 τῷ
2174 1208 2294 1262 Ἀρείῳ

1245 1268 1370 1320 πάγῳ,
1388 1270 1501 1320 ψῆφον
1522 1267 1646 1306 ἔλαὸεν
1667 1269 1685 1305 6
1705 1267 1892 1320 Ὀρέστης,
1914 1268 2056 1312 δικαίως
2076 1269 2208 1307 ἀνελεῖν
2229 1267 2291 1313 τὴν

1247 1327 1397 1378 μητέρα.
1428 1325 1554 1378 Τούτῳ
1582 1325 1694 1364 τοίνυν
1714 1329 1763 1378 τῷ
1792 1326 1930 1380 τρόπῳ,
1952 1327 2128 1379 διαφυγὼν
2145 1326 2207 1370 τὰς
2226 1342 2291 1364 κα-

1235 1384 1432 1437 τηγορίας,
1465 1383 1642 1436 βασιλεύει
1674 1388 1736 1423 τοῦ
1775 1383 1936 1438 Ἄργους.
1976 1386 2048 1424 Καὶ
2085 1387 2132 1429 εἷς
2166 1384 2293 1435 μανίαν

1244 1443 1350 1482 ἐλθὼν
1386 1442 1475 1493 μετὰ
1507 1447 1618 1481 ταῦτα
1651 1443 1859 1494 ἀπεδήμησε
1888 1448 1948 1491 τῆς
1979 1444 2098 1496 χώρας
2110 1474 2120 1491 ,
2143 1446 2177 1482 έν
2204 1444 2294 1487 ὅλοις

1246 1503 1315 1545 τοῖς
1333 1503 1438 1554 ἱεροῖς
1466 1502 1656 1550 θυσιάζων,
1683 1502 1743 1540 καὶ
1772 1502 1931 1553 δεόμενος
1956 1504 2205 1552 ἀπαλλαγῆναι
2232 1506 2293 1548 τ’ἧς

1249 1560 1374 1609 μανίας
1387 1590 1397 1607 ,
1417 1560 1518 1612 ἄχρις
1535 1555 1572 1598 οἷ
1592 1560 1831 1613 παραγέγονεν
1854 1563 1900 1604 εἷς
1916 1561 1954 1599 τὸ
1973 1560 2119 1599 Σίλπιον
2138 1561 2215 1613 ὄρος
2229 1590 2239 1610 ,
2258 1563 2292 1598 ἐν

1247 1613 1275 1672 ᾧ
1289 1623 1348 1657 νῦν
1364 1618 1558 1671 Ἀντιόχεια
1574 1622 1597 1666 ἡ
1615 1619 1752 1670 μεγάλη
1769 1625 1900 1657 κεῖται·
1917 1619 1976 1657 καὶ
1991 1621 2061 1657 ἐκεῖ
2078 1618 2297 1671 θεραπευθεὶς

1248 1679 1433 1725 ε’πανῆλθε.
1451 1678 1524 1717 Καὶ
1539 1677 1819 1729 παραγενόμενος
1838 1679 1871 1716 ἐν
1888 1678 2023 1731 Σκυθία
2037 1677 2121 1729 πρὸς
2135 1679 2196 1724 τὴν
2215 1680 2297 1716 ἑαυ-

1247 1741 1306 1776 τοῦ
1323 1736 1475 1790 ἀδελφὴν
1487 1736 1705 1789 Ἰφιγένειαν,
1719 1736 1845 1790 ἱέρειαν
1863 1731 1969 1775 οὖσαν
1986 1740 2046 1784 τῆς
2073 1735 2292 1788 Ἀρτέμιδος,

1249 1796 1308 1835 καὶ
1328 1795 1573 1848 προσάγουσαν
1589 1794 1666 1839 τοὺς
1681 1795 1793 1840 ξένους
1810 1798 1856 1839 εἰς
1874 1795 2016 1843 θυσίαν,
2039 1794 2133 1847 λέγει
2152 1797 2202 1842 τῷ
2220 1796 2294 1833 Πυ-

1249 1854 1340 1907 λάδῃ
1351 1870 1359 1878 ·
1378 1873 1394 1889 «
1413 1853 1502 1894 Ἰδοὺ
1517 1853 1690 1893 τοσούτων
1706 1854 1908 1906 ἐκφυγόντες
1926 1854 2109 1901 κινδύνων,
2125 1853 2296 1904 μέλλομεν

1249 1915 1296 1957 εἷς
1309 1912 1429 1951 θυσίαν
1444 1913 1702 1966 προσάγεσθαι·
1714 1913 1854 1951 πολλῶν
1870 1911 1936 1964 γὰρ
1952 1911 2143 1964 ἀνθρώπων
2162 1913 2296 1963 ὁρῶμεν

1250 1974 1398 2011 ἐνταῦθα
1431 1970 1596 2024 ἐρριμένα
1621 1973 1740 2011 ὀστέα.
1775 1990 1791 2005 »
1832 1971 1877 2010 ‘O
1910 1971 1944 2009 δὲ
1973 1970 2058 2024 πρὸς
2083 1970 2184 2008 αὐτὸν
2210 1969 2275 2021 ἔφη
2288 1984 2296 1991 ·

1250 2049 1265 2065 «
1286 2030 1445 2082 Ἄγωμεν
1467 2034 1514 2074 εἰς
1531 2031 1571 2068 τὸ
1590 2030 1706 2082 ἱερὸν,
1736 2029 1806 2073 καὶ,
1822 2029 2054 2082 έρωτήσωμεν
2084 2031 2114 2067 εἰ
2143 2031 2183 2080 ζῇ
2204 2027 2296 2076 Ἰφι-

1248 2089 1363 2140 γένεια
1389 2093 1410 2136 ἡ
1429 2089 1473 2136 σὴ
1500 2088 1654 2142 ἀδελφὴ,
1676 2088 1736 2127 καὶ
1763 2087 2037 2141 προσπίπτοντες
2066 2089 2153 2140 αὐτῇ
2175 2085 2297 2131 σωζώ-

1250 2151 1353 2198 μεθα.
1401 2166 1416 2183 »
1458 2148 1531 2187 Καὶ
1564 2147 1773 2194 ποιήσαντες
1806 2150 1924 2195 τοῦτο,
1958 2147 2018 2184 καὶ
2054 2144 2298 2198 γνωρισθέντες

134 2280 176 2288 ...
200 2259 219 2300 §
243 2265 273 2292 6.
301 2259 422 2292 Eadem
449 2259 632 2291 accuratius
658 2258 799 2292 Suidas:
828 2260 988 2298 Ῥῆσος,
1017 2259 1116 2300 ὄνομα
1147 2260 1277 2301 κύριον·
1309 2260 1481 2301 στρατηγὸς
1513 2264 1575 2292 τῶν
1595 2260 1790 2298 Βυζαντίων,
1813 2259 1867 2295 τὰς
1891 2259 2026 2296 οἰκήσεις
2052 2257 2133 2298 ἔχων
2161 2257 2220 2298 πρὸ
2243 2259 2298 2294 τῆς

134 2308 254 2344 πόλεως
280 2307 311 2339 ἐν
332 2307 420 2348 τόπῳ
443 2307 652 2347 ἐπιλεγομένῳ
678 2306 814 2348 Ῥησίῳ,
842 2306 914 2338 ἔνθα
937 2310 990 2338 νῦν
1016 2307 1033 2338 ό
1059 2307 1144 2342 οἶκος
1172 2310 1227 2338 τοῦ
1251 2308 1390 2347 μεγάλου.
1416 2307 1565 2348 μάρτυρος
1600 2307 1764 2348 Θεοδώρου
1791 2306 1983 2347 γνωρίζεται.
2010 2304 2125 2336 Ἦλθεν
2152 2305 2194 2339 εἷς
2214 2314 2296 2344 συμ·

136 2355 254 2396 μαχίαν
281 2358 343 2386 τῶν
371 2355 502 2395 Τρώων,
533 2355 586 2385 καὶ
617 2355 796 2389 καταλύσας
821 2354 852 2385 ἐν
875 2357 921 2395 τῷ
949 2354 1047 2395 πεδίῳ
1075 2358 1120 2395 τῷ
1145 2356 1203 2394 πρὸ
1228 2359 1281 2393 τῆς
1305 2356 1425 2393 πόλεως
1453 2357 1607 2398 κενμένῳ,
1641 2356 1764 2397 ἀτυχῶς
1794 2355 1947 2392 ἀπήλλαξε
1965 2363 1974 2372 ·
2012 2354 2062 2385 διὰ
2098 2352 2206 2387 νυκτὸς
2238 2350 2298 2391 γὰρ

136 2403 291 2444 Διομήδης
312 2403 366 2434 καὶ
395 2402 565 2437 Ὀδυσσεὺς
588 2405 698 2434 τοῦτον
723 2401 969 2442 κατασφάζουσι.
997 2419 1039 2427 -
1062 2401 1081 2442 §
1107 2404 1138 2434 7.
1169 2403 1217 2433 De
1242 2402 1292 2434 his
1324 2405 1482 2435 Joannem
1518 2406 1665 2446 nostrum
1692 2402 1927 2434 Antiochenum
1958 2400 2068 2432 laudat
2097 2400 2228 2431 Tzetzes
2256 2396 2297 2428 ad

135 2453 212 2491 Lyc.
237 2455 298 2482 355
321 2459 354 2490 p.
380 2453 437 2482 537
462 2449 629 2487 εῚωάννης
659 2450 692 2481 δὲ
717 2450 735 2480 ὁ
758 2449 928 2491 Ἀντιοχεὺς
953 2449 1011 2480 οὐκ
1040 2449 1071 2486 ἐξ
1088 2449 1220 2489 οὐρανοῦ
1247 2450 1327 2488 λέγει
1351 2453 1456 2482 πεσεῖν
1476 2451 1513 2482 τὸ
1541 2450 1728 2489 Παλλάδιον,
1752 2449 1856 2481 Ἄσιον
1886 2449 1919 2480 δέ
1948 2458 2017 2479 τινα
2046 2446 2211 2487 φιλόσοφον
2241 2455 2300 2485 μα-

136 2498 306 2539 θηματικὸν
334 2500 426 2529 τοῦτο
454 2500 585 2534 ποιῆσαι
612 2496 798 2537 ὡροσκοπίᾳ
828 2496 979 2537 καλλίστῃ
993 2520 1002 2536 ,
1028 2497 1071 2532 εἰς
1093 2496 1127 2527 τὸ
1158 2497 1331 2538 ἀπόρθητον
1360 2498 1438 2529 εἶναι
1459 2499 1513 2536 τήν
1550 2498 1638 2529 πόλιν
1667 2497 1787 2533 ἐκείνην
1800 2520 1808 2535 ,
1842 2496 1914 2527 ἔνθα
1945 2495 1982 2527 ἂν
2007 2498 2098 2526 τοῦτο
2133 2494 2207 2534 μένῃ
2241 2502 2297 2523 πε-

136 2545 327 2586 φυλαγμένον
341 2545 394 2575 καὶ
407 2543 534 2575 ἄσυλον.
553 2543 750 2583 Χαρίσασθαι
767 2543 800 2574 δὲ
818 2544 853 2575 τὸ
872 2546 995 2575 τοιοῦτο
1009 2543 1186 2575 Παλλάδιον
1201 2547 1247 2585 τῷ
1264 2545 1359 2586 Τρωί.
1379 2546 1441 2581 Τὰς
1458 2546 1490 2576 δὲ
1512 2544 1697 2587 ἀλληγορίας
1713 2545 1766 2575 καὶ
1785 2544 1820 2575 τὸ
1837 2543 1880 2575 ἔτι
1900 2543 2073 2574 ἐπεκτεῖναι
2087 2542 2142 2578 τὴν
2159 2537 2298 2580 ἱστορίαν

137 2592 259 2623 ἐατέον·
283 2591 371 2626 οὗτος
390 2591 459 2631 γὰρ,
478 2593 519 2626 ὡς,
537 2590 677 2632 μυριάκις
697 2590 783 2630 ἔφην,
807 2592 941 2631 μυθικῶς
958 2590 1076 2630 γράφει.
1103 2590 1181 2621 Ead.
1198 2592 1299 2630 tangit
1316 2594 1447 2623 Tzetzes
1469 2594 1567 2632 Exeg.
1588 2592 1625 2623 ll.
1649 2600 1678 2631 p.
1704 2594 1761 2622 135
1782 2590 1831 2622 ed.
1852 2592 1961 2622 Herm.
1981 2592 2027 2621 Ex
2049 2590 2176 2620 Joanne
2198 2586 2298 2617 fluxe-

136 2641 213 2671 runt
226 2639 322 2671 etiam
334 2647 410 2678 quae
438 2639 586 2678 leguntur
598 2638 684 2678 apud
706 2637 837 2669 suidam
860 2637 1115 2670 εΠαλλάδιον.
1136 2640 1236 2670 Τοῦτο
1252 2638 1290 2678 ἦν
1314 2639 1422 2675 ζώδιον
1440 2639 1548 2680 μικρὸν
1571 2639 1706 2678 ξύλινον,
1728 2638 1745 2669 ὃ
1762 2637 1865 2678 ἔλεγον
1885 2637 1962 2668 εἶναι
1982 2635 2219 2676 τετελεσμένον,
2244 2636 2295 2674 φυ-

137 2687 247 2719 λάττον
266 2687 322 2724 τὴν
340 2685 500 2726 βασιλείαν
516 2689 568 2724 τῆς
591 2685 704 2725 Τροίας
717 2694 725 2702 ·
746 2685 835 2723 ἐδόθη
854 2686 886 2717 δὲ
903 2686 987 2726 Τρωὶ
1003 2688 1048 2726 τῷ
1067 2685 1205 2725 βασιλεῖ,
1222 2686 1353 2722 κτίζοντι
1370 2686 1425 2723 τὴν
1440 2686 1529 2717 πόλιν
1540 2710 1548 2725 ,
1566 2686 1626 2717 ὑπὸ
1643 2685 1746 2717 Ἀσίου
1768 2685 1848 2720 τινὸς
1871 2683 2038 2724 φιλοσόφου
2054 2684 2107 2714 καὶ
2130 2683 2273 2714 τελεστοῦ
2285 2689 2293 2696 ·

139 2735 188 2766 διὸ
211 2733 248 2771 δῆ
271 2734 315 2769 εἰς
330 2733 422 2773 τιμὴν
436 2732 536 2764 Ἀσίου
549 2732 603 2770 τήν
619 2732 675 2763 ὑπ’
687 2732 784 2763 αὐτοῦ
799 2732 1058 2772 βεὸασιλευμένην
1072 2731 1178 2772 χώραν
1189 2755 1198 2771 ,
1212 2732 1358 2774 πρότερον
1371 2733 1518 2773 Ἤπειρον
1531 2733 1715 2773 λεγομένην,
1730 2731 1833 2764 Ἀσίαν
1847 2731 2012 2763 έκάλεσεν.,
2023 2732 2062 2762 Οἱ
2077 2730 2109 2762 δὲ
2122 2731 2295 2767 ποιητικῶς

137 2782 308 2823 γράψαντες
322 2781 357 2812 ἐκ
370 2783 424 2812 τοῦ
437 2778 525 2821 ἀέρος
540 2780 625 2811 εἷπον
638 2780 673 2811 τὸ
689 2778 862 2811 Παλλάδιον
877 2782 969 2810 τοῦτο
983 2779 1205 2818 κατενεχθῆναι
1216 2782 1261 2820 τῷ
1274 2781 1356 2821 Τρωὶ
1373 2780 1566 2821 βασιλεύοντι
1585 2782 1730 2821 Φρυγῶν.
1749 2780 1850 2810 Τοῦτο
1867 2778 2022 2818 Διομήδης
2038 2778 2091 2808 καὶ
2110 2776 2294 2813 Ὀδυσσεὺς,

137 2830 189 2861 ὅτε
210 2829 265 2867 τὴν
287 2827 453 2870 πρεσὸείαν
467 2828 654 2865 ἐποιήσαντο
677 2827 751 2867 πρὸς
769 2826 932 2868 Πρίαμον,
950 2827 985 2858 ἐκ
1005 2829 1061 2858 τοῦ
1086 2829 1168 2867 ἱεροῦ
1187 2827 1360 2866 ἐσύλησαν,
1379 2827 1609 2868 προδεδωκυίας
1629 2827 1705 2858 αὐτὸ
1729 2827 1885 2863 Θεανοῦς,
1910 2828 1962 2862 τῆς
1974 2826 2030 2855 τοῦ
2055 2822 2228 2863 Ἀντήνορος
2242 2833 2294 2862 γυ-

137 2877 254 2915 ναικὸς,
270 2876 380 2918 ἱερείας
395 2877 609 2917 τυγχανούσης
620 2877 672 2907 καὶ
684 2875 895 2916 φυλαττούσης
909 2875 985 2907 αὐτό
997 2885 1004 2892 ·
1021 2875 1101 2915 ἦσαν
1115 2875 1174 2916 γὰρ
1184 2875 1246 2907 ἀπὸ
1257 2877 1399 2915 χρησμοῦ
1412 2875 1465 2906 καὶ
1477 2874 1649 2915 Ἀντήνορος
1664 2872 1810 2915 μαθόντες
1822 2895 1831 2910 ,
1846 2872 1893 2903 ὅτι
1904 2871 1962 2907 ἕως
1976 2870 2012 2902 οὗ
2028 2871 2110 2911 μένει
2124 2870 2158 2901 τὸ
2175 2868 2296 2923 Παλλά·

138 2925 202 2956 διον
216 2924 247 2955 ἐν
262 2927 300 2965 τῇ
320 2923 435 2964 Τροίᾳ,
452 2923 621 2960 ἀσάλευτος
643 2924 731 2955 ἔσται
745 2925 763 2961 ἡ
780 2923 924 2964 βασιλεία
946 2926 1008 2955 τῶν
1030 2926 1177 2964 Φρυγῶν.
1198 2922 1304 2959 Πολλὴ
1325 2920 1427 2952 τοίνυν
1450 2921 1562 2961 μεταξὺ
1589 2920 1719 2956 Αἴαντος
1743 2919 1796 2951 καὶ
1819 2917 1998 2953 Ὀδυσσέως
2016 2917 2140 2953 ἐκινήθη
2157 2916 2237 2970 ἔριςι,
2250 2926 2295 2951 τις

138 2975 229 3005 τοῦτο
242 2972 284 3008 εἰς
296 2973 351 3010 τήν
364 2971 445 3003 ἰδίαν
465 2972 630 3011 ἀπενέγκοι
646 2971 798 3011 πατρίδα,
817 2970 1004 3007 δικαζόντων
1021 2971 1125 3007 αὐτοῖς
1143 2973 1205 3002 τῶν
1225 2970 1325 3001 ἄλλων
1344 2969 1497 3009 βασιλέων
1513 2969 1566 2999 καὶ
1585 2967 1768 3009 προμάχων.
1790 2966 1919 2999 Πολλῶν
1941 2965 2042 2996 τοίνυν
2057 2964 2169 3005 μεταξὺ
2195 2964 2295 3015 λργων

138 3019 336 3057 κινηθέντων,
349 3019 403 3050 καὶ
416 3019 579 3058 γενομένης
596 3018 688 3059 ὀψίας
698 3042 708 3058 ,
723 3018 822 3055 ἔδοξεν
836 3019 940 3054 αὐτοῖς
952 3019 1144 3060 παραθέσθαι
1159 3017 1194 3048 τὸ
1209 3016 1317 3057 βρέτας
1330 3015 1496 3055 Διομήδει,
1508 3014 1613 3055 μέχρις
1624 3015 1661 3046 ἂν
1675 3014 1800 3054 γένηται
1814 3012 1906 3053 πρωί.
1921 3012 1982 3043 Καὶ
1994 3011 2106 3042 τούτου
2118 3019 2294 3064 γενομενομ,

139 3066 189 3098 διὰ
206 3069 260 3104 τῆς
281 3067 390 3102 νυκτὸς
404 3066 511 3107 εὑρέθη
525 3067 542 3097 ὁ
555 3066 629 3102 Αἶας
644 3066 833 3106 ἐσφαγμένος
854 3065 974 3103 ἀδήλως
985 3075 993 3082 ·
1009 3064 1159 3098 ὑπενόουν
1173 3063 1205 3094 δὲ
1219 3063 1299 3103 δόλῳ
1324 3064 1469 3101 φονεῦσαι
1487 3061 1580 3092 αὐτὸν
1596 3061 1648 3092 τὸν
1666 3060 1832 3092 Ὀδυσσέα.
1859 3059 1919 3090 Καὶ
1935 3057 2199 3098 φιλονεικήσαντες
2216 3065 2291 3094 προς

139 3113 288 3151 ἀλλήλους
312 3111 522 3145 ἀπέπλευσαν.
546 3112 668 3144 Eadem
692 3113 789 3144 verba
811 3113 907 3144 habet
931 3113 1032 3145 schol.
1051 3114 1147 3145 Hom.
1171 3110 1207 3142 11.
1226 3111 1261 3150 ζ,
1282 3111 1353 3141 311.
1370 3107 1489 3140 Eodem
1511 3108 1608 3139 modo
1625 3117 1693 3140 rem
1712 3107 1843 3139 narrant
1863 3105 1994 3137 Malalas
2011 3113 2041 3145 p.
2067 3108 2141 3142 109,
2157 3101 2292 3157 Οεότεῗη.

140 3169 171 3200 p.
192 3163 265 3192 229.
282 3160 334 3192 Cf.
358 3160 505 3192 Eustath.
521 3160 555 3191 in
578 3160 669 3192 Dion.
694 3164 766 3192 620.
784 3158 856 3200 --§
881 3162 911 3191 8.
936 3161 1062 3191 Τοῦτο
1081 3158 1200 3190 εἰπὼν
1219 3157 1257 3188 'O
1266 3157 1294 3188 δ.
1308 3154 1319 3195 ]
1334 3163 1379 3186 sc.
1400 3156 1531 3195 Uzysses
1548 3163 1623 3186 cum
1639 3154 1795 3186 Diomede
1810 3152 1943 3192 Trojam
1961 3151 2117 3190 ingressus
2133 3150 2219 3186 erat,
2238 3149 2290 3179 ὸτε

139 3207 194 3244 τὰς
204 3207 309 3248 ἑορτὰς
319 3210 382 3239 τῶν
391 3207 598 3248 ἀναθημάτων
611 3207 695 3248 εἶχον
706 3209 735 3238 οἱ
749 3207 867 3248 Φρύγες
880 3207 932 3238 καὶ
947 3208 976 3238 οἱ
987 3207 1144 3244 Ἕλληνες.
1165 3223 1196 3230 -
1207 3203 1225 3244 §
1235 3206 1266 3234 9.
1281 3205 1322 3234 V.
1335 3201 1467 3234 Malalas
1481 3210 1510 3242 p.
1530 3203 1599 3233 114.
1611 3219 1650 3224 -
1661 3201 1775 3243 τριῶν]
1789 3201 1873 3242 tertii
1888 3207 2005 3230 nomen
2018 3194 2293 3253 est'Antipfifztes,

140 3254 276 3293 quierat
299 3263 356 3286 rex
372 3256 624 3295 Laestrygonum.
643 3274 684 3280 —
697 3253 1013 3294 καταπονηθεὶς]
1029 3262 1074 3285 sc.
1094 3250 1264 3286 Ὀδυσσεὺς
1276 3249 1337 3280 ὑπὸ
1358 3249 1557 3290 Πολυφήμου.
1574 3250 1614 3280 V.
1632 3249 1708 3281 Mal.
1729 3257 1760 3289 p.
1783 3251 1852 3280 116.
1877 3265 1917 3272 -
1938 3241 2150 3286 θυγατέρα]
2190 3241 2293 3277 Ελπην

141 3300 254 3332 dicunt
268 3301 397 3333 Malalas
412 3302 445 3333 et
463 3302 594 3334 Tzetzes
613 3301 695 3340 Hist,
716 3302 765 3339 X,
783 3303 855 3333 934.
875 3299 947 3340 -ς
965 3304 1011 3332 10.
1029 3299 1107 3332 Ead.
1127 3298 1256 3330 Malalas
1272 3306 1303 3338 p.
1323 3298 1377 3329 117
1390 3320 1398 3335 ,
1414 3300 1464 3328 21.

185 3349 237 3379 Fr.
261 3351 313 3380 25.
338 3348 460 3380 Eadem
485 3347 597 3380 iisdem
611 3357 696 3389 soepe
709 3348 815 3379 verbis
830 3350 961 3379 narrant
978 3347 1142 3393 cedrenup
1159 3355 1188 3386 p.
1209 3347 1267 3377 234
1288 3345 1319 3376 et
1344 3343 1474 3376 Malalas
1490 3352 1522 3385 p,
1546 3346 1604 3376 133
1621 3351 1691 3384 sqq.
1709 3342 1771 3384 (ex
1780 3341 1902 3383 Dictyis
1915 3340 1996 3372 libro
2011 3336 2121 3376 sexto)
2139 3335 2171 3367 et
2185 3336 2286 3366 Anon..

142 3393 266 3427 Chron.
292 3394 364 3429 cod.
383 3395 481 3428 Paris.
504 3397 563 3428 854
584 3395 617 3427 in
635 3397 778 3428 Cramer.
802 3395 921 3428 Anecd.
942 3397 990 3434 11,
1009 3403 1039 3435 p.
1060 3396 1131 3426 222.
