2326 3724
139 175 188 209 82

137 257 203 293 τῶν
227 253 364 306 δώρων,
387 251 432 291 τά
451 268 488 290 τε
511 253 588 290 λινᾶ
614 251 804 305 ὑφάσματα
825 251 885 289 καὶ
906 251 944 289 τὸ
967 253 1034 288 τῶν
1057 266 1172 303 στρω-

138 313 259 363 μάτων
280 314 334 350 ἐπ’
355 311 537 363 ἀμφότερα
564 310 794 353 θυσανοειδές·
823 310 967 353 ἕκαστος
993 308 1028 347 δὲ
1058 308 1177 350 ἁπλῶς

138 373 251 409 αὐτῶν
271 369 497 420 ὑπελάμὸανε
517 369 576 409 καὶ
606 369 668 416 τὴν
687 367 797 407 οἷκίαν
818 367 1056 415 καταπλήσειν
1086 369 1178 404 οἶκε-

137 432 205 467 τῶν
222 428 282 467 καὶ
301 427 346 466 τὰ
363 427 476 480 χωρία
499 429 679 479 βοηλατῶν
700 427 760 465 καὶ
779 426 841 473 τὴν
860 426 1028 478 ἐρωτικὴν
1044 425 1177 463 λύσσαν

138 491 200 535 τ’ῆς
224 486 304 539 περὶ
331 490 442 525 ταῦτα
469 485 635 531 ἐξουσίας.
659 484 865 532 Νικηθέντες
886 485 920 522 δὲ
949 483 1017 521 ὑπὸ
1045 483 1176 522 τούτων

139 545 236 592 νίκην
267 545 452 596 αἰσχίστην
485 544 545 582 καὶ
572 544 899 596 παρανομωτάτην,
932 541 1052 594 ὥσπερ
1085 540 1180 584 τινὰς

141 603 322 657 εὐεργέτας
338 602 398 641 καὶ
419 605 580 654 σωτῆρας
593 601 762 644 παλαιοὺς
781 601 869 651 μετὰ
886 604 952 639 τῶν
974 600 1090 638 ὅπλων
1108 599 1180 637 ἐδέ-

142 662 256 707 ξαντο.
273 663 319 701 Οἱ
337 662 371 699 δὲ
386 665 548 699 τοσοῦτον
565 660 697 699 ἀκονιτὶ
716 666 865 712 πρᾶγμα
883 658 1181 710 διαπεπραγμένοι

139 720 199 758 καὶ
225 718 288 767 τὴν
319 718 406 758 οἴκοι
427 718 607 772 συμφορὰν
634 718 887 770 εὐτυχήσαντες
902 748 911 764 ,
934 716 1004 767 οἵγε
1026 717 1101 754 ἀντὶ
1121 719 1182 761 τῆς

141 780 285 818 Σκυθῶν
320 776 466 829 ἐρημίας
494 777 554 815 καὶ
586 780 644 814 τοῦ
675 776 848 828 βαράθρου
881 775 941 821 τὴν
974 772 1182 824 Ῥωμαϊκὴν

142 838 255 889 ἀρχὴν
277 835 543 885 ἀπελάμὸανον,
564 835 659 879 εὐθὺς
683 835 771 877 πολύ
800 850 834 873 τι
865 834 1041 886 βάρὸαρον
1070 836 1104 871 ἐν
1133 834 1183 885 τῷ

141 894 378 947 παρασπόνδῳ
397 894 458 932 καὶ
475 893 612 945 ἀπίστῳ
630 893 815 945 διέφαινον.
834 892 877 931 Ἥ
898 891 959 941 μὲν
981 891 1046 942 γὰρ
1067 890 1184 942 ἄχρη-

143 969 222 997 στος
242 953 360 1000 ἡλικία
383 952 613 1005 προλαὸοῦσα
631 952 723 990 κατὰ
740 951 803 998 τὴν
828 952 989 989 διάὸασιν
1009 949 1098 1000 μετὰ
1120 952 1185 1001 βα-

144 1011 235 1055 θείας
256 1012 407 1058 σπουδῆς
423 1011 482 1049 καὶ
501 1010 676 1063 φροντίδος
689 1012 756 1048 τῶν
774 1013 884 1048 ταῦτα
903 1007 1185 1061 βεόουλευμένων

144 1073 193 1115 εἰς
212 1069 256 1108 τὰ
278 1069 356 1116 ἔθνη
377 1072 559 1121 κατεχεῒτο
575 1069 635 1108 καὶ
655 1069 882 1120 διεσπείρετο.
900 1067 1047 1107 Οἰκέται
1071 1066 1108 1105 δὲ
1127 1066 1188 1104 καὶ

146 1131 307 1180 γυναῖκες
335 1128 394 1166 καὶ
424 1129 544 1187 παῖδες
563 1127 721 1174 ἐκείνων,
739 1129 769 1165 οἷ
792 1126 854 1177 μὲν
875 1125 1042 1178 βασιλικὰ
1068 1125 1187 1178 παρά-

145 1203 244 1237 σημα
275 1187 432 1239 ἔχοντες,
473 1186 534 1229 τὰς
570 1184 605 1223 δὲ
636 1180 676 1232 ἦν
706 1184 898 1237 ἁδροτέρας
929 1188 1012 1236 δρᾶν
1043 1184 1066 1231 ἢ
1097 1183 1190 1222 κατὰ

147 1245 385 1298 αἰχμάλωτον.
409 1246 539 1288 Παῖδες
558 1245 593 1282 δὲ
624 1246 736 1281 αὐτῶν
758 1244 819 1282 καὶ
841 1244 881 1282 τὸ
910 1242 1079 1282 οἰκετικὸν
1106 1245 1188 1295 (τοῦ

145 1306 340 1341 οἷκετικοῧὶ)
370 1305 462 1354 W.)
493 1302 580 1355 πρός
599 1319 637 1340 τε
666 1301 730 1349 τὴν
758 1302 946 1355 εὐκρασίαν
976 1305 1044 1340 τῶν
1077 1301 1189 1354 ἀέρων

148 1361 338 1414 ἀνέδραμον
356 1361 415 1400 καὶ
433 1362 531 1413 παρὰ
550 1361 611 1407 τὴν
629 1360 768 1407 ἡλικίαν
785 1361 950 1411 ἥὸησαν,
968 1361 1028 1399 καὶ
1043 1359 1132 1399 πολὺ
1151 1359 1191 1398 τὸ

149 1420 378 1472 ἐπιφυόμενον
405 1415 446 1467 ἦν
474 1419 640 1470 πολέμιον
669 1418 779 1471 γένος.
808 1422 854 1459 Οἱ
886 1419 949 1469 μὲν
968 1413 1026 1458 οὖν
1047 1419 1193 1457 παλαιοὶ

149 1482 248 1529 μῦθοι
276 1479 416 1530 λέγουσι
447 1478 527 1531 περὶ
556 1478 619 1525 τὴν
650 1478 822 1517 Βοιωτίαν
843 1478 905 1517 καὶ
925 1477 987 1525 τὴν
1011 1478 1192 1530 Κολχίδα,

147 1538 376 1589 δρακοντείων
394 1538 539 1576 ὀδόντων
560 1536 880 1590 κατασπαρέντων,
910 1539 944 1575 ἐν
976 1536 1095 1581 ὅπλοις
1117 1537 1193 1588 ἅμα

148 1598 198 1648 τῷ
216 1596 336 1648 σπόρῳ
360 1595 436 1639 τοὺς
463 1595 589 1648 ἄνδρας
610 1596 875 1634 ἀναπάλλεσθαι
897 1595 1196 1645 (ἀνατέλλεσθαιὶ)

149 1657 211 1693 W.
226 1657 256 1704 )·
275 1658 293 1692 ὃ
312 1654 347 1693 δὲ
367 1657 443 1693 καθ’
461 1658 555 1704 ἡμᾶς
573 1654 696 1706 χρόνος
718 1654 778 1692 καὶ
794 1654 853 1692 τὸν
875 1658 982 1705 μῦθον
999 1658 1119 1693 τοῦτον
1146 1656 1194 1699 εἷς

151 1715 221 1766 φῶς
247 1713 307 1752 καὶ
332 1714 430 1766 ἔργον
453 1713 629 1765 συνήγαγε
656 1715 716 1752 καὶ
744 1715 892 1766 ὀφθῆναι
914 1712 1192 1764 κατηνάγκασεν.

148 1775 201 1812 Οὔ
221 1773 287 1826 γὰρ
307 1773 458 1826 ἔφθασαν
483 1777 543 1811 τοῦ
565 1775 737 1812 Σκυθικοῦ
754 1772 872 1824 γένους
893 1773 940 1815 εἷς
962 1772 1026 1819 τὴν
1048 1772 1195 1824 ἐπικρά-

151 1848 245 1870 τειαν
266 1832 328 1879 τὴν
349 1831 556 1882 Ῥωμαϊκὴν
573 1834 604 1870 οἱ
618 1834 739 1875 παῖδες
759 1831 878 1884 ὥσπερ
895 1831 1030 1875 ὀδόντες
1047 1833 1197 1870 διασπα-

154 1891 284 1944 ρέντες,
313 1891 373 1930 καὶ
403 1891 518 1929 πάντα
547 1885 589 1938 ἦν
616 1891 728 1941 μεστὰ
749 1894 859 1941 θυμοῦ
891 1890 951 1929 καὶ
977 1891 1104 1941 μανίας
1137 1891 1198 1929 καὶ

151 2021 184 2051 et
201 2020 290 2051 vultu
312 2020 393 2060 grati
418 2029 459 2051 ex
482 2020 548 2059 bis,
563 2019 618 2060 qui
639 2019 763 2059 trajecti
782 2020 927 2058 fuerant,
951 2019 1033 2050 alter
1049 2019 1199 2050 misertus

151 2073 200 2103 est
212 2071 322 2103 uxoris
335 2072 482 2103 formosae
504 2071 599 2102 unius
615 2080 655 2103 ex
672 2071 817 2111 captivis.
863 2071 922 2103 Hic
941 2072 1054 2111 eaptus
1067 2072 1116 2102 est
1136 2070 1199 2102 vir-

152 2123 224 2163 gine
243 2123 380 2154 formosa
392 2147 401 2162 ,
419 2123 496 2155 alios
522 2122 708 2163 magnitudo
734 2131 904 2154 munerum
921 2123 1023 2162 cepit,
1038 2122 1123 2154 linea
1141 2131 1199 2154 ve-

152 2175 301 2206 stimenta
314 2176 345 2206 et
353 2175 491 2215 stragula
505 2174 545 2206 ab
560 2177 695 2214 utraque
703 2176 792 2214 parte
806 2174 975 2205 fimbriata.
990 2174 1086 2205 Plane
1099 2182 1199 2205 unus-

153 2227 288 2267 quisque
318 2228 458 2267 ipsorum
500 2228 562 2258 boc
587 2227 740 2267 propositi
767 2227 897 2266 habuit,
925 2228 962 2258 ut
989 2235 1065 2258 suas
1089 2226 1201 2258 domos

153 2279 271 2318 servis,
290 2279 380 2310 villas
396 2279 577 2319 pastoribus
589 2280 622 2310 et
638 2279 784 2310 insanum
803 2280 920 2310 amoris
933 2279 1072 2310 furorem
1087 2279 1203 2319 quavis

157 2331 286 2362 licentia
305 2331 485 2371 implerent.
531 2332 644 2371 ltaque
661 2331 736 2362 victi
758 2331 913 2371 ejusmodi
937 2331 1070 2362 victoria
1094 2330 1201 2362 roedis-

156 2383 235 2413 sima
246 2384 277 2414 et
287 2382 506 2414 scelestissima
520 2391 573 2413 eos
583 2385 737 2422 tanquam
752 2383 971 2414 benefactores
981 2385 1012 2414 et
1023 2384 1203 2414 servatores

159 2435 278 2474 priscos
294 2443 368 2465 cum
393 2433 490 2465 armis
515 2435 720 2473 exceperunt.
765 2435 806 2466 At
832 2434 876 2465 illi
894 2436 1015 2466 tantam
1046 2443 1113 2466 rem
1135 2434 1203 2466 sine

159 2486 225 2517 ullo
239 2485 350 2517 labore
366 2485 490 2525 adepti,
507 2485 644 2525 patriam
669 2485 883 2517 calamitatem
906 2486 972 2526 jam
994 2486 1083 2518 lucro
1103 2495 1202 2527 appo·

157 2540 269 2572 nentes
284 2538 376 2577 (nam
392 2547 448 2578 pro
471 2538 604 2570 desertis
621 2539 759 2579 Scythiae
775 2539 851 2572 locis
864 2541 895 2571 et
909 2540 1061 2571 barathro
1084 2540 1117 2571 in
1138 2542 1202 2572 Ro-

161 2598 291 2621 manum
309 2590 492 2620 invaserunt
506 2590 716 2630 imperium),
735 2591 869 2622 inultam
889 2592 996 2623 statim
1020 2592 1202 2623 barbariem

161 2641 333 2682 frangendo
365 2641 485 2681 'perfide
513 2642 630 2674 soedere
655 2643 873 2682 prodiderunt.
908 2644 1047 2675 imbellis
1074 2644 1204 2684 quidem

160 2697 239 2726 aetas
251 2703 324 2734 quae
337 2694 423 2734 prior
436 2694 622 2734 transierat,
637 2695 779 2735 diligenti
796 2697 902 2728 studio
918 2705 1060 2737 curaque
1079 2706 1204 2738 eorum,

161 2747 216 2787 qui
235 2747 296 2778 lioc
314 2746 437 2778 consilii
456 2746 627 2787 dederant,
651 2757 706 2788 per
726 2750 904 2789 provincias
935 2749 1105 2781 distributa
1135 2751 1204 2782 sue—

161 2802 211 2831 rat
231 2799 429 2839 sparsimque
448 2800 613 2831 collocata.
660 2803 758 2832 Porro
775 2811 905 2834 cernere
925 2805 993 2834 erat
1012 2803 1207 2836 domesticos

162 2859 273 2882 eorum
295 2852 327 2881 et
343 2859 460 2881 uxores
477 2852 507 2881 et
526 2851 662 2891 liberos,
682 2853 737 2884 lios
761 2854 888 2893 quidem
913 2854 1018 2886 bullas
1037 2855 1138 2894 regias
1159 2856 1205 2887 se-

162 2898 287 2936 rentes,
317 2897 388 2928 illas
414 2899 521 2928 antem
550 2898 734 2938 delicatius,
761 2909 857 2940 quam
883 2901 1025 2941 captivas
1052 2901 1205 2941 decebat,

163 2949 358 2981 victitantes,
385 2949 572 2981 Liberorum
591 2953 699 2982 autem
719 2954 751 2983 et
775 2953 978 2984 servitiorum
1004 2962 1138 2994 corpora
1160 2963 1208 2986 sa-

165 3001 316 3032 lubritate
333 3001 415 3031 aeris
425 3002 664 3040 excrescebant,
676 3005 935 3043 praematuraque
949 3007 1043 3036 aetate
1053 3005 1205 3045 pubesce-

165 3051 244 3083 bant
254 3075 264 3090 ,
281 3052 379 3092 atque
392 3051 523 3083 omnino
536 3062 612 3092 gens
626 3053 748 3085 hostilis
762 3054 881 3095 ubique
892 3056 1084 3094 pullulabat.
1108 3057 1208 3089 Aiunt

165 3105 290 3135 veteres
301 3103 417 3134 sabulae
429 3127 437 3143 ,
452 3103 528 3135 satis
545 3104 576 3135 in
592 3105 714 3136 Boeotia
729 3107 760 3137 et
780 3107 931 3138 Colchide
944 3107 1120 3139 draconum
1134 3109 1210 3140 ‹len-

165 3156 264 3195 tibus,
275 3157 418 3187 armatos
430 3156 577 3188 homines
590 3166 630 3188 ex
639 3166 674 3189 ea
681 3158 802 3190 satione
811 3161 912 3190 semet
924 3161 1091 3192 extulisse:
1102 3163 1210 3193 nostra

166 3216 242 3238 vero
253 3208 333 3239 aetas
343 3206 483 3238 tabulam
498 3207 589 3239 istam
604 3209 730 3248 publica
745 3209 776 3240 in
790 3210 860 3241 luce
874 3219 1014 3250 veroque
1027 3221 1122 3252 opere
1137 3213 1210 3244 esse-

167 3260 252 3291 ctam
276 3257 382 3298 dedit,
397 3259 429 3290 et
447 3260 590 3298 spectare
608 3261 719 3291 coacta
733 3261 791 3292 est.
806 3263 885 3292 Nam
901 3262 1008 3293 statim
1022 3272 1059 3294 ac
1072 3263 1209 3303 Scythici

167 3311 290 3352 generis
303 3310 445 3349 soboles,
465 3319 523 3342 ceu
549 3311 660 3343 dentes
686 3312 748 3351 illi,
763 3312 795 3343 in
817 3315 961 3344 Romano
987 3314 1119 3354 imperio
1142 3319 1210 3347 sata

170 3364 248 3403 t'uit,
262 3362 386 3403 ubique
403 3362 476 3394 odia
495 3363 638 3403 rixaeque
651 3365 682 3395 et
704 3363 806 3396 candes
823 3364 1076 3398 exaudiebantur
1098 3366 1206 3399 adole-

966 158 1176 204 EUNAPII
1205 161 1451 202 SARDIANI

1240 249 1350 302 φόνων
1365 278 1376 299 ,
1399 245 1608 286 ἀνελθόντων
1633 245 1745 282 αὐτῶν
1775 244 1822 287 εἷς
1851 243 1988 291 ἡλικίαν
2011 243 2167 295 μάχιμον
2187 243 2284 298 παρὰ

1242 307 1301 345 τὸν
1322 305 1459 359 χρόνον.
1479 305 1530 344 Τὸ
1559 304 1594 341 δὲ
1625 303 1779 352 ἀκμάζον
1809 305 1870 349 τῆς
1901 304 2074 349 Σκυθικῆς
2095 305 2205 348 ἀλκῆς
2223 302 2284 340 καὶ
2318 303 2326 340 ἰ

1242 365 1499 417 γενναιότητος,
1517 369 1588 407 τοῖς
1609 361 1875 412 ὑποδεξαμένοις
1894 362 1972 400 ἀντὶ
1985 364 2053 400 τῶν
2071 361 2299 408 ἐκὸεὸληκό·’
2322 370 2326 377 ’

1243 440 1310 462 των
1343 426 1375 468 ἐς
1403 424 1637 462 ἐπανάστασιν
1670 421 1764 466 εὐθὺς
1796 422 1932 476 ἐγερθὲν
1964 422 2025 461 καὶ
2057 423 2256 475 μαχόμενον
2271 419 2299 471 ,⁴

1243 482 1330 520 πολὺ
1347 483 1519 534 δεινότερα
1533 481 1593 519 καὶ
1606 479 1847 534 τραγικώτερα
1865 481 2121 532 συνετόλμησεν
2135 475 2184 519 ὧν
2198 479 2289 519 ἔπα-
2299 526 2307 532 ,.

1244 545 1315 581 θεν.
1335 541 1380 580 Ἡ
1398 540 1460 590 μὲν
1474 540 1540 592 γὰρ
1555 539 1681 593 Θρᾴκη
1697 546 1796 578 πᾶσα
1813 539 1873 578 καὶ
1889 543 1908 587 ἡ
1925 539 2072 592 συνεχὴς
2086 541 2175 592 αὐτῇ
2187 537 2288 592 χώρα

1245 599 1445 638 Μακεδονία
1465 599 1525 637 καὶ
1553 598 1738 637 Θεσσαλία
1763 598 1907 646 τοιαύτη
1938 599 1990 642 τίς
2010 601 2084 637 ἐστι
2110 598 2171 637 καὶ
2197 597 2291 637 οὕτω

1247 658 1510 708 πολυόμνητος,
1543 657 1632 695 ὥστε
1653 657 1730 695 οὐδὲ
1759 651 1805 700 εἷς
1833 657 1925 695 κατὰ
1947 657 2055 707 (καὶΞ)
2072 659 2158 708 W.)
2177 660 2291 696 ταῦτα

1248 717 1461 768 ἀναγράφειν
1481 719 1498 754 ὃ
1517 717 1616 767 λόγος
1633 711 1689 763 ἦν.
1712 715 1900 762 Τοσαύτην
1923 715 1959 754 δὲ
1977 711 2083 754 οὖσαν
2104 713 2211 762 αὐτὴν
2229 715 2290 754 καὶ

1247 774 1338 813 οὕτω
1354 775 1642 826 πολυάνθρωπον,
1665 773 1853 825 εὐδαίμονά
1869 789 1906 812 τε
1926 773 2002 826 ἅμα
2021 774 2082 813 καὶ
2101 774 2264 830 εὔανδρον
2277 807 2289 827 ,
2308 774 2312 791 ”

1247 837 1270 880 ἡ
1297 836 1366 872 τῶν
1399 835 1542 873 Σκυθῶν
1573 832 1718 876 ἄπιστος
1745 833 1806 871 καὶ
1831 832 2030 884 παρ’άλογος
2058 834 2294 882 ἐπανάστασις
2317 873 2326 876 .

1250 892 1457 936 ἐξαπιναίως
1479 892 1540 930 καὶ
1559 894 1780 944 παραχρῆμα
1799 893 1861 937 τ’ἧς
1881 891 2074 936 διαδάσεως
2098 895 2295 946 συντολμη-
2311 878 2326 986 Ε

1251 953 1348 989 θεῖσα
1365 950 1425 988 καὶ
1443 949 1661 997 ἀνοιδήσασα
1677 948 1925 1001 κατεστόρεσεν
1942 951 1976 993 ἐς
1994 949 2134 989 τοσόνδε
2153 950 2214 990 καὶ
2227 967 2294 991 κα·
2310 975 2312 978 -

1251 1008 1448 1058 θημάξευσε
1467 1014 1543 1052 ταῖς
1559 1009 1751 1061 συμφοραῖς
1763 1040 1773 1057 ,
1788 1007 1878 1047 ὥστε
1891 1008 2021 1061 χρυσὸν
2039 1010 2292 1062 ἀποδειχθῆναι
2315 994 2326 1064 3

1251 1066 1336 1120 πρὸς
1355 1066 1399 1105 τὰ
1418 1067 1558 1121 Θρᾴκια
1577 1067 1673 1115 πάθη
1699 1067 1762 1114 τὴν
1782 1070 1915 1107 Μυσῶν
1937 1068 2162 1120 παροιμιώδη
2180 1069 2287 1113 λείαν,
2310 1063 2326 1102 ²2

1252 1127 1364 1171 Δόξαν
1384 1126 1414 1164 δ’
1433 1128 1546 1170 αὐτοῖς
1577 1125 1794 1174 στασιάζειν,
1813 1125 2007 1178 ἀξιομάχου
2033 1125 2084 1177 μὴ
2115 1126 2297 1180 παρούσης

1254 1185 1431 1235 δυνάμεως
1448 1187 1495 1228 εἷς
1512 1185 1647 1234 ἄμυναν
1659 1215 1669 1233 ,
1687 1187 1738 1238 τῷ
1757 1200 1794 1223 τε
1823 1184 1952 1231 πλήθει
1979 1185 2066 1236 πρὸς
2093 1185 2298 1239 ἀνθρώπους
2319 1207 2326 1243 5

1255 1244 1477 1297 ἀφυλάκτους
1494 1245 1554 1282 καὶ
1575 1243 1743 1288 ἀνόπλους
1758 1243 1936 1296 ἐφάνησαν
1955 1242 2214 1296 φοὸερώτατοι,
2234 1244 2296 1284 καὶ
2322 1245 2326 1281 ἶ

1254 1306 1304 1355 τῷ
1335 1302 1561 1356 φονικωτάτῳ
1589 1303 1675 1356 πρὸς
1695 1303 1734 1341 τὸ
1762 1302 1997 1355 κρατούμενον
2023 1302 2140 1341 πάντα
2160 1304 2295 1356 ἀνδρῶν
2322 1330 2326 1349 ,

1255 1362 1453 1414 ἐχήρωσαν.
1478 1362 1721 1414 Περιειστήκει
1749 1360 1785 1399 δὲ
1805 1364 1838 1406 ἐς
1857 1360 1930 1399 ἴσον
1949 1360 2051 1410 λόγον
2072 1362 2132 1401 καὶ
2155 1362 2295 1407 Σκύθας
2323 1398 2326 1402 .

1255 1421 1397 1460 Οὔννων
1416 1420 1465 1471 μὴ
1483 1421 1596 1473 φέρειν
1617 1421 1726 1471 ὄνομα
1746 1419 1806 1458 καὶ
1823 1419 2019 1470 Ῥωμαίους
2039 1422 2199 1462 Σκυθῶν.
2227 1421 2301 1460 Πό·
2319 1422 2326 1429 ”

1254 1480 1324 1523 λεις
1339 1483 1421 1530 γοῦν
1438 1479 1663 1532 εὐαρίθμητοι
1683 1479 1742 1516 καὶ
1762 1478 1877 1529 ὀλίγαι
1896 1477 1983 1522 τινὲς
2004 1478 2220 1526 διεσώθησαν
2239 1479 2301 1518 καὶ

1257 1537 1307 1575 ἔτι
1331 1538 1500 1583 σώζονται
1517 1540 1643 1589 τειχῶν
1663 1537 1776 1576 ἕνεκεν
1797 1536 1857 1575 καὶ
1889 1538 2198 1588 οἰκοδομημάτων·
2217 1541 2240 1585 ἠ
2264 1537 2302 1577 δὲ

1256 1596 1356 1648 χώρα
1377 1597 1437 1635 καὶ
1464 1596 1602 1646 (κατὰῗ
1617 1596 1710 1648 W.)
1737 1596 1775 1634 τὸ
1791 1591 2223 1649 πλεῖστονιάπανάλωται,
2243 1596 2303 1636 καί

1257 1658 1349 1694 ἐστιν
1371 1654 1531 1702 ἀοίκητον
1552 1654 1612 1694 καὶ
1637 1654 1767 1693 ἄὸατον
1788 1654 1844 1694 διὰ
1862 1655 1921 1694 τὸν
1941 1655 2108 1706 πόλεμον.
2133 1657 2304 1700 Βασιλεὺς
2324 1667 2326 1670 “

1259 1714 1295 1752 δὲ
1331 1714 1452 1761 ἐπειδὴ
1483 1714 1614 1753 τούτων
1650 1713 1794 1752 ἐπύθετο
1825 1716 1894 1753 τῶν
1927 1715 2126 1766 ἀδιηγήτων
2160 1717 2278 1753 κακῶν
2291 1745 2302 1763 ,

1258 1773 1343 1826 πρὸς
1374 1773 1438 1823 μὲν
1473 1772 1550 1816 τοὺς
1578 1773 1718 1826 Πέρσας
1738 1773 1931 1825 ἀναγκαίαν
1959 1773 2098 1825 εἰρήνην
2125 1772 2304 1823 συνθέμε-

1259 1847 1333 1879 νος,
1362 1833 1475 1883 ἑαυτῷ
1507 1830 1543 1869 δὲ
1564 1831 1767 1881 πολεμήσας
1790 1831 1846 1869 ἐπὶ
1867 1831 2082 1883 μεταγνώσει
2101 1835 2162 1879 τῆς
2179 1833 2302 1870 buoso·

1259 1893 1344 1942 χῆς,
1369 1891 1419 1942 τῷ
1446 1893 1545 1943 θυμῷ
1564 1906 1602 1928 τε
1631 1889 1834 1942 ὓπερέζεσε,
1855 1889 1916 1928 καὶ
1947 1889 2032 1944 πρὸς
2060 1890 2118 1928 τὸν
2151 1890 2304 1941 πόλεμον

1261 2020 1420 2050 scentium
1442 2019 1579 2059 horum,
1597 2019 1652 2060 qui
1668 2020 1888 2061 intempestive
1915 2020 1956 2052 ad
1974 2022 2104 2053 aetatem
2121 2021 2305 2052 armiferam

1262 2070 1504 2111 perveniebant.
1521 2073 1626 2111 Atque
1638 2071 1683 2102 ita
1694 2071 1850 2111 juventus
1866 2072 2018 2112 potentiae
2037 2072 2195 2112 scythicae
2208 2081 2304 2112 gene-

1262 2123 1423 2154 rosissima
1437 2123 1535 2163 coepit
1554 2123 1718 2163 protinus,
1739 2123 1810 2155 loco
1830 2132 1942 2155 eorum
1958 2132 1977 2155 a
1999 2123 2116 2165 quibus
2130 2133 2233 2166 nuper
2255 2134 2307 2156 ex·

1262 2175 1352 2215 pulsa
1369 2175 1491 2219 suerat,
1506 2175 1650 2215 hospites
1667 2183 1741 2206 suos
1754 2183 1957 2216 oppugnare,
1978 2175 2090 2216 bisque
2106 2176 2191 2208 mala
2203 2176 2307 2209 multo

1262 2226 1458 2259 luctuosiora
1471 2226 1646 2268 pejoraque
1659 2226 1776 2258 inferre
1787 2251 1796 2266 ,
1813 2235 1910 2267 quam
1927 2227 2065 2268 ipsamet
2082 2236 2228 2269 perpessa
2241 2228 2307 2260 sue·

1263 2280 1324 2309 rat.
1339 2279 1488 2310 Profecto
1503 2278 1655 2310 universa
1677 2278 1814 2311 Thracia
1827 2280 1859 2310 et
1873 2278 1947 2310 huic
1969 2279 2116 2311 finitimae
2131 2280 2307 2320 provincias

1263 2331 1448 2363 Macedonia
1462 2333 1559 2371 atque
1573 2330 1746 2371 Thessalia,
1761 2332 1828 2362 tam
1842 2330 1955 2363 uberes
1968 2333 2102 2372 tamque
2111 2331 2308 2365 admirandae

1264 2384 1375 2423 erant,
1391 2385 1427 2414 nt
1441 2383 1529 2414 nulla
1551 2383 1627 2415 satis
1645 2383 1789 2415 oratione
1801 2382 1937 2415 describi
1956 2383 2087 2424 possint.
2103 2386 2196 2416 Hanc
2211 2385 2308 2417 talem

1263 2436 1452 2475 tantamque
1466 2435 1625 2475 regionem
1639 2436 1706 2467 tam
1716 2435 1843 2467 beatam
1856 2438 1984 2476 tamque
1998 2435 2107 2468 multis
2121 2444 2159 2468 ac
2171 2436 2310 2468 strenuis

1263 2488 1341 2520 viris
1363 2488 1502 2527 cultam,
1524 2488 1621 2519 intida
1646 2490 1744 2528 atque
1772 2488 1933 2528 insperata
1957 2488 2151 2528 Scytharum
2173 2488 2308 2529 seditio,

1264 2549 1339 2580 qnae
1361 2540 1469 2571 statim
1494 2543 1565 2580 post
1586 2542 1758 2572 transitum
1776 2541 1957 2581 conspirato
1981 2549 2060 2573 ausu
2082 2541 2206 2582 erupit,
2228 2540 2309 2574 adeo

1265 2591 1377 2623 stravit
1390 2594 1422 2623 et
1446 2592 1681 2623 calamitatibus
1696 2593 1819 2623 vastam
1844 2592 1939 2631 fecit,
1962 2593 2010 2632 nt,
2036 2594 2220 2633 comparata
2233 2601 2309 2625 cum

1267 2642 1315 2674 liis
1339 2643 1492 2683 praedatio
1517 2652 1634 2674 aurum
1659 2653 1726 2676 esse
1749 2643 1912 2675 videretur
1931 2645 2051 2684 Mysica
2073 2644 2124 2676 illa
2147 2652 2220 2684 quae
2236 2652 2311 2684 pro-

1266 2694 1376 2726 verbio
1391 2695 1492 2726 fertur
1508 2695 1672 2735 praedatio.
1690 2697 1798 2732 Quum
1813 2704 1886 2735 ergo
1899 2695 2025 2735 Scythis
2036 2695 2191 2727 rebellare
2200 2695 2312 2727 libuis-

1267 2749 1332 2786 set,
1346 2755 1413 2787 quo
1430 2748 1574 2787 tempore
1596 2747 1693 2778 nullae
1706 2747 1806 2786 copioe
1822 2746 1993 2778 resistendo
2019 2747 2143 2779 idoneae
2156 2746 2308 2786 aderant,

1267 2798 1472 2830 multitudine
1486 2807 1544 2830 sua
1557 2799 1702 2830 incautos
1719 2798 1921 2838 inermesque
1938 2798 2024 2830 cives
2046 2801 2309 2839 perterruerunt,

1267 2850 1442 2890 multisque
1457 2850 1600 2881 caedibus
1618 2850 1650 2881 in
1669 2849 1812 2881 devictos
1827 2849 1995 2881 saevientes
2011 2850 2172 2890 regionem
2193 2850 2306 2883 incolis

1267 2902 1482 2933 nudaverunt.
1499 2901 1575 2933 inde
1589 2902 1708 2932 factum
1718 2903 1765 2933 est
1781 2902 1818 2933 nt
1831 2901 1966 2933 Romani
1985 2901 2178 2941 Scytharum
2191 2911 2308 2934 nomen

1267 2962 1331 2985 non
1344 2954 1450 2985 minus
1460 2952 1713 2992 reformidarent,
1726 2962 1824 2993 quam
1837 2953 1964 2993 Scythae
1977 2961 2096 2985 nomen
2105 2955 2310 2986 Hunnorum.

1268 3009 1317 3038 Ex
1346 3006 1530 3038 civitatibus
1557 3014 1668 3047 paucae
1686 3006 1846 3038 moenibus
1870 3008 1901 3037 et
1933 3006 2180 3046 propugnaculis
2207 3008 2287 3039 tutae
2298 3030 2308 3046 ,

1267 3068 1346 3099 quas
1358 3059 1450 3091 facile
1463 3061 1510 3091 est
1522 3067 1709 3091 enumerare
1719 3083 1727 3098 ,
1749 3059 1878 3099 integrae
1894 3060 1925 3090 et
1941 3059 2050 3092 illaesae
2066 3061 2311 3100 permanserunt

1268 3113 1300 3142 et
1318 3110 1424 3142 adbuc
1443 3111 1641 3151 permanent.
1658 3109 1720 3142 Sed
1735 3110 1818 3150 regio
1833 3110 1898 3150 ipsa
1912 3110 2088 3150 plurimum
2101 3111 2150 3143 est
2162 3113 2287 3143 vastata
2299 3134 2310 3151 ,

1268 3163 1301 3194 et
1314 3162 1434 3193 inculta
1451 3163 1484 3193 et
1498 3161 1622 3194 deserta
1629 3161 1714 3202 Jacet
1727 3171 1767 3194 ex
1777 3162 1836 3193 boc
1847 3161 1940 3193 bello.
1958 3163 2135 3202 imperator
2146 3163 2255 3194 autem
2273 3163 2309 3194 ut

1268 3213 1308 3245 de
1319 3215 1368 3245 tot
1382 3213 1543 3254 tantisque
1558 3213 1666 3253 malis,
1681 3221 1754 3253 quae
1767 3213 1887 3244 narrari
1910 3222 1974 3244 non
1989 3214 2136 3253 possunt,
2150 3214 2253 3245 factus
2263 3215 2311 3245 est

1269 3264 1398 3303 certior,
1415 3273 1449 3296 se
1464 3265 1568 3304 ipsum
1581 3287 1589 3303 ,
1609 3263 1695 3304 quod
1717 3263 1787 3295 illos
1809 3264 1980 3303 receperit,
2007 3271 2177 3301 accusans,
2197 3271 2308 3303 pacem

1269 3324 1344 3347 cum
1371 3315 1473 3347 Persis
1487 3315 1665 3347 necessario
1683 3315 1786 3346 tacere
1809 3315 1856 3346 est
1881 3316 2023 3346 coaetus.
2053 3315 2166 3354 ltaque
2187 3314 2235 3346 ira
2251 3313 2309 3346 ssa·

1269 3376 1362 3409 grans
1377 3369 1408 3400 et
1421 3369 1508 3400 totus
1533 3367 1566 3399 in
1580 3366 1658 3399 illud
1674 3366 1795 3399 bellum
1818 3365 2006 3398 incumbens
2023 3365 2189 3407 proemittit
2216 3368 2306 3398 Saar-
