2326 3724
976 179 1308 219 FRAGMENTA.
1542 172 1546 174 ’
2165 187 2210 218 87

74 267 311 322 ὑφισταμένων
330 267 387 306 τὸν
406 267 571 317 πόλεμον.
597 266 658 305 Ἐν
675 265 711 304 δὲ
740 264 857 318 εἰρήνῃ
879 265 1109 318 ὀδυνηρότερα

74 326 242 380 ὑπάρχειν
263 325 306 364 τὰ
327 325 562 376 συμὸαίνοντα
579 327 646 363 τῶν
667 326 701 363 ἐν
721 325 792 368 τοῖς
810 324 976 373 πολέμοις
994 326 1112 362 κακῶν

79 384 135 424 διά
152 400 189 423 τε
207 384 270 431 τὴν
292 383 490 437 βαρυτάτην
519 382 695 435 εἴσπραξιν
716 386 783 421 τῶν
804 383 947 429 δασμῶν
969 382 1029 420 καὶ
1053 382 1114 426 τὰς

75 445 115 482 ἐκ
138 445 207 481 τῶν
223 445 382 495 πονηρῶν
401 442 556 495 βλάὸας,
584 443 651 479 τῶν
669 440 784 491 νόμων
805 442 842 479 οὐ
863 440 954 479 κατὰ
973 440 1112 478 πάντων

74 500 262 553 κειμένων,
285 501 361 540 ἀλλ’
385 502 414 539 εἷ
442 500 504 551 μὲν
525 503 542 538 ὁ
567 499 794 551 παραὸαίνων
822 499 879 537 τὸν
899 500 1025 550 θεσμὸν
1045 502 1112 538 τῶν

72 559 312 598 πλουτούντων
341 559 414 607 εἴη,
432 558 506 597 ἔστι
525 562 586 606 τῆς
611 558 746 602 ἀδικίας
774 557 876 596 αὐτὸν
903 557 951 608 μὴ
983 557 1113 596 διδόναι

76 617 190 662 δίκας·
213 620 241 656 εἷ
257 617 293 656 δὲ
308 617 413 665 πένης
429 617 500 666 εἴη,
515 618 578 655 οὐκ
596 616 826 667 ἐπιστάμενος
843 619 997 669 χρῆσθαι
1023 616 1113 669 πρά-

74 690 224 727 γμασιν,
240 675 403 726 ὑπομένει
419 673 481 722 τὴν
499 674 568 713 ἀπὸ
585 678 643 713 τοῦ
661 675 767 725 νόμου
783 676 909 725 ζημίαν
921 705 931 722 ,
949 674 1045 726 εἴπερ
1063 673 1111 724 μὴ

74 734 142 788 πρὸ
161 738 220 782 τῆς
244 734 389 787 κρίσεως
406 733 588 772 ἀπολείποι
606 733 664 771 τὸν
689 733 780 787 βίον,
801 736 936 785 μακροῦ
958 732 1015 771 ἐπὶ
1038 733 1113 777 ταῖς

75 793 186 837 δίκαις
214 791 508 846 παρατεινομένου
527 791 653 844 χρόνου
675 791 734 830 καὶ
761 790 935 829 πλείστων
955 793 1112 830 ἐκδαπα-

74 851 237 902 νωμένων
256 850 465 904 χρημάτων.
486 849 604 902 ”Οπερ
632 852 699 888 τῶν
721 849 860 887 πάντων
889 849 1113 901 ἀνιαρότατον

75 910 152 961 εἴη,
173 910 231 950 ἐπὶ
261 913 373 962 μισθῷ
401 912 468 948 τῶν
489 909 636 948 ἀπὸτοῦ
656 908 764 960 νόμου
796 908 991 961 τυγχάνειν.
1020 907 1111 948 Οὐδὲ

73 968 141 1021 γὰρ
163 971 213 1021 τῷ
233 968 448 1020 ἀδικουμένῳ
468 984 517 1011 τις
538 967 759 1020 δικαστήριον
775 966 996 1020 παραδώσει,
1014 969 1043 1005 εἰ
1064 967 1112 1017 μή

73 1043 107 1066 τι
127 1027 287 1080 ἀργύριον
316 1029 366 1081 τῷ
385 1043 421 1065 τε
443 1028 589 1080 δικαστῇ
609 1026 669 1064 καὶ
696 1031 766 1069 τοῖς
791 1026 912 1079 ἐκείνῳ
936 1027 1113 1064 διακονου-

76 1085 189 1137 μένοις
204 1085 402 1125 κατάθοιτο.
417 1088 574 1125 Τοιαῦτα
592 1084 652 1123 καὶ
663 1086 812 1123 πλεῖστα
827 1084 928 1136 ἕτερα
942 1085 1115 1138 προτιθέν-

73 1161 147 1194 τος,
171 1144 355 1183 ὑπολαὸὼν
382 1143 532 1197 ἔφασκον
557 1143 678 1192 πράως
706 1142 809 1180 αὐτὸν
829 1142 888 1180 καὶ
916 1144 960 1181 τὰ
981 1143 1013 1188 ἐξ
1032 1145 1115 1192 ἐμοῦ

77 1203 230 1242 ἀκούειν·
247 1219 307 1241 και
327 1201 368 1249 δὴ
387 1202 522 1253 ἔλεγον,
539 1204 584 1244 ὡς
600 1203 631 1240 οἱ
646 1205 708 1248 τῆς
729 1200 917 1251 Ῥωμαίων
940 1201 1116 1244 πολιτείας

76 1262 213 1315 ευρεται
229 1261 329 1315 σοφοί
341 1277 378 1299 τε
391 1276 452 1299 και
465 1260 588 1309 ἀγαθοι
603 1259 721 1312 ἄνδρες
732 1290 743 1310 ,
757 1258 847 1297 ὥστε
862 1259 906 1297 τὰ
922 1259 1114 1321 πράγματα

76 1320 162 1372 [μὴ]
190 1321 369 1367 τηνάλλως
398 1318 582 1372 φέρεσθαι,
609 1317 688 1362 τους
714 1317 776 1368 μὲν
796 1334 866 1356 των
887 1318 1002 1368 νόμων
1029 1322 1116 1356 εἰναι

75 1380 255 1432 φύλακας,
272 1378 349 1422 τοὺς
363 1378 399 1416 δὲ
415 1378 587 1415 ποιεῖσθαι
599 1393 668 1414 των
684 1375 799 1414 ὅπλων
818 1354 1054 1427 ἕπιμέλειαν”
1036 1392 1115 1415 ετα·

77 1437 135 1482 ξαν
164 1436 224 1475 καὶ
254 1435 315 1480 τὰς
334 1434 528 1485 πολεμικὰς
558 1434 703 1485 μελέτας
733 1435 866 1482 ἀσκεῖν,
892 1450 978 1487 προς
1007 1434 1115 1486 μηδὲν

75 1496 188 1548 ἕτερον
205 1494 437 1546 ἐπαγομένους
455 1493 524 1540 ἢ“’
499 1509 590 1532 ωστε
609 1496 698 1531 εἶναι
716 1492 800 1546 πρὸς
820 1494 939 1545 μάχην
961 1494 1117 1544 ἑτοίμους

76 1571 135 1593 και
150 1556 196 1597 ὡς
215 1553 272 1592 ἐπὶ
287 1553 349 1600 τὴν
370 1553 500 1600 συνήθη
526 1551 722 1605 γυμνασίαν
751 1554 997 1604 θαρρουντας
983 1553 1039 1591 επὶ
1058 1552 1116 1591 τὸν

75 1613 226 1662 πόλεμον
247 1612 352 1659 ἰέναι,
369 1611 671 1664 προαναλωθέντος
691 1613 804 1654 αὐτοῖς
821 1610 877 1650 διὰ
892 1614 953 1658 τ’ῆς
972 1611 1118 1662 μελέτης

75 1675 134 1710 τοῦ
154 1670 282 1724 φόὸου·
301 1670 380 1715 τοὺς
399 1669 435 1708 δὲ
454 1669 724 1722 προσκειμένους
748 1673 792 1722 τῇ
814 1669 965 1723 γεωργίᾳ
986 1670 1046 1708 καὶ
1074 1674 1116 1722 τῇ

78 1730 256 1782 ἐπιμελείᾳ
270 1732 330 1776 τ’ἥς
342 1732 404 1780 γ’ἧς
421 1728 561 1772 ἑαυτούς
575 1744 611 1766 τε
625 1728 684 1767 καὶ
701 1727 777 1773 τοὺς
792 1727 876 1781 ὑπὲρ
891 1731 986 1781 σφῶν
1003 1730 1116 1767 αὐτῶν

78 1788 347 1839 ἀγωνιζομένους
365 1788 499 1841 τρέφειν
530 1786 676 1838 ἔταξαν,
708 1786 748 1825 τὸ
774 1787 1023 1840 στρατιωτικὸν
1043 1790 1118 1826 εἷσ-

78 1846 334 1899 πραττομένους
349 1846 559 1898 σιτηρέσιον·
577 1845 702 1889 ἄλλους
727 1845 763 1884 δὲ
786 1848 854 1884 τῶν
883 1846 1117 1896 ἀδικουμένων

78 1977 129 2008 cet
148 1984 250 2016 arma,
272 1975 390 2017 quibus
410 1975 631 2016 unusquisque
654 1984 688 2007 se
703 1975 845 2014 tueatur,
862 1976 995 2015 gestare.
1017 1978 1123 2016 Atque

82 2027 162 2060 adeo
182 2027 243 2069 liis,
259 2027 376 2068 quibus
392 2027 423 2058 id
437 2028 510 2067 Jure
526 2027 611 2067 licet,
626 2027 718 2059 valde
742 2028 789 2059 est
808 2027 983 2067 perniciosa
1001 2028 1121 2060 ducum

83 2080 227 2120 ignavia,
249 2079 303 2120 qui
327 2078 446 2111 bellum
468 2078 600 2110 minime
621 2079 765 2118 gnaviter
788 2081 914 2118 gerunt.
933 2080 974 2111 At
992 2079 1023 2110 in
1046 2088 1124 2119 pace

79 2132 173 2171 longe
184 2131 346 2164 acerbiora
359 2132 434 2163 sunt
447 2139 520 2171 quae
532 2130 702 2170 accidunt,
717 2139 815 2170 quam
831 2131 1029 2164 calamitates
1049 2140 1123 2172 quae

82 2193 119 2216 ex
138 2185 222 2216 bello
238 2184 441 2225 proveniunt,
459 2186 492 2216 et
509 2185 640 2224 propter
659 2184 775 2215 duram
797 2185 998 2216 exactionem
1018 2185 1123 2217 tribu-

81 2237 203 2276 torum,
217 2237 250 2268 et
264 2236 392 2276 propter
405 2235 623 2276 improborum
635 2235 833 2276 vexationes,
849 2245 949 2277 quum
964 2236 1047 2276 leges
1059 2245 1124 2269 non

83 2287 115 2319 in
130 2296 242 2319 omnes
254 2287 392 2319 valeant.
410 2287 441 2319 Si
456 2287 528 2328 quis
541 2287 629 2319 dives
641 2289 698 2318 aut
711 2291 823 2328 potens
832 2296 885 2319 eas
897 2288 938 2319 sit
954 2289 1125 2329 transgres-

82 2348 147 2379 sus,
161 2339 215 2371 ille
227 2339 356 2380 quidem
373 2339 551 2379 iniquitatis
564 2347 631 2370 suae
648 2347 757 2379 poenas
770 2348 835 2370 non
849 2339 915 2371 luet
931 2348 939 2370 ε
953 2339 1001 2371 sin
1011 2339 1125 2379 aliquis

85 2391 187 2431 inops,
203 2391 258 2431 qui
275 2391 401 2431 negotia
415 2399 524 2430 gerere
536 2390 667 2429 neseiat,
683 2390 768 2422 hunc
781 2399 875 2431 poena
890 2399 908 2422 a
925 2391 1045 2431 legibus
1057 2392 1122 2423 sta-

82 2443 151 2474 tuta
171 2443 278 2475 manet
297 2455 304 2475 ε
324 2443 385 2474 nisi
401 2443 482 2474 sorte
503 2451 595 2481 eum,
612 2443 797 2483 priusquam
816 2442 971 2475 sententia
990 2444 1122 2484 feratur,

84 2494 179 2532 longo
201 2495 233 2525 in
251 2494 359 2526 litibus
374 2495 561 2525 continuato
577 2495 737 2534 tempore,
757 2493 866 2526 multis
892 2498 1045 2534 praeterea
1066 2504 1124 2527 ex·

85 2545 206 2577 haustis
227 2545 352 2586 opibus,
367 2545 434 2577 vita
446 2545 606 2577 defecerit.
626 2546 668 2578 At
688 2545 836 2578 mercede
851 2547 883 2577 et
908 2547 1025 2586 pretio,
1038 2547 1125 2587 quod

85 2599 191 2637 legum
205 2600 237 2630 et
247 2598 327 2638 Juris
340 2599 400 2638 est,
415 2598 570 2638 obtinere,
583 2599 728 2630 omnium
744 2599 977 2639 iniquissimum
990 2601 1048 2632 est.
1061 2602 1126 2632 Nec

84 2651 170 2683 enim
187 2650 301 2690 injuria
316 2650 432 2683 affecto
447 2652 615 2691 quisquam
629 2652 687 2682 fori
699 2651 858 2691 judicialis
871 2653 1060 2692 potestatem
1079 2654 1124 2684 sa-

85 2702 159 2741 ciet,
176 2702 359 2742 priusquam
373 2701 540 2743 pecuniam
550 2702 665 2742 judicis
677 2704 710 2734 et
722 2702 790 2742 eius
804 2704 1021 2735 ministrorum
1039 2713 1126 2736 corn-

85 2754 181 2785 modo
201 2762 359 2785 cessuram
384 2753 534 2794 deponat.
563 2767 579 2782 υ
601 2755 679 2786 Haec
703 2756 800 2795 atque
826 2755 1009 2795 hujusmodi
1024 2757 1126 2788 multa

85 2814 186 2847 quum
201 2805 232 2836 in
243 2805 382 2836 medium
397 2805 561 2845 proferret,
574 2814 631 2845 ego
641 2808 800 2846 precatus,
818 2808 853 2838 ut
868 2807 954 2847 quod
962 2807 1125 2848 sentirem,

86 2857 242 2897 patienter
257 2857 289 2888 et
302 2856 436 2896 benigne
449 2856 584 2897 audiret,
599 2857 760 2897 respondi,
778 2858 961 2898 reipublicae
974 2860 1126 2891 Romanae

86 2911 244 2948 auctores,
267 2909 423 2949 sapientes
436 2910 468 2941 et
492 2910 628 2950 optimos
645 2910 741 2950 viros,
754 2919 795 2942 ne
810 2910 987 2951 quidquam
1009 2914 1127 2944 temere

87 2963 244 3002 ageretur,
256 2961 336 2994 alios
349 2961 455 3003 legum
465 2962 613 2994 custodes
625 2962 746 3003 secisse,
758 2963 827 2995 aliis
839 2972 1002 2995 armorum
1016 2973 1126 2996 curam

89 3014 300 3053 commisisse,
316 3015 372 3054 ut,
385 3014 424 3045 ad
450 3014 572 3046 nullam
585 3015 680 3046 aliam
697 3024 765 3047 rem
787 3015 918 3056 intenti,
933 3025 1030 3056 quam
1044 3019 1080 3049 ut
1095 3026 1128 3049 se

88 3065 128 3098 ad
139 3074 275 3106 pugnam
285 3067 511 3106 praepararent,
527 3066 678 3098 militaria
693 3075 789 3107 opera
801 3069 999 3108 exercerent,
1013 3069 1045 3100 et
1057 3077 1126 3108 pro-

89 3119 214 3159 pulsata
229 3127 285 3159 per
305 3118 464 3150 assiduam
483 3118 558 3150 belli
580 3118 819 3151 meditationem
841 3121 927 3151 omni
947 3121 1127 3160 formidine,

90 3170 241 3202 consueta
256 3169 377 3201 militiae
390 3169 629 3209 exercitatione,
642 3170 756 3201 animis
774 3170 904 3210 firmati,
920 3171 951 3202 in
963 3172 1064 3202 aciem
1076 3171 1128 3203 de-

91 3220 286 3253 scenderent.
298 3233 314 3248 «
323 3220 408 3252 Alios
417 3220 470 3260 qui
480 3221 562 3260 agris
573 3221 712 3253 colendis
718 3223 750 3253 et
757 3222 893 3254 culturae
899 3224 993 3254 terrae
999 3231 1128 3262 operam

91 3272 222 3311 darent,
235 3272 268 3304 ct
283 3280 317 3303 se
329 3272 412 3312 ipsos
432 3273 480 3309 et,
499 3280 625 3303 annona
640 3273 770 3305 militari
793 3274 834 3305 ab
856 3273 905 3305 his
928 3276 1059 3314 exacta,
1076 3283 1129 3306 eos

94 3323 178 3355 alere
195 3323 386 3363 voluerunt,
411 3332 476 3363 quo
496 3319 563 3363 pro
577 3332 633 3355 sua
658 3324 760 3355 salute
781 3324 978 3356 dimicarent.
1000 3326 1128 3357 Consti-

94 3375 225 3407 tuerunt
246 3383 375 3415 quoque
387 3398 396 3414 ,
418 3374 471 3415 qni
488 3374 603 3415 injuria
617 3375 738 3408 affectis
754 3376 986 3416 prospicerent,
1008 3379 1038 3408 ct
1058 3377 1128 3417 jura

1142 287 1147 293 ·
1174 270 1351 318 προνοεῖν,
1373 264 1432 302 καὶ
1457 264 1533 308 τοὺς
1551 264 1614 314 μὲν
1639 268 1698 302 τοῦ
1721 265 1852 303 δικαίου
1881 262 2111 317 προίστασθαι
2132 266 2217 317 ὑπὲρ

1175 327 1244 362 τῶν
1265 325 1307 362 δι’
1329 322 1508 361 ἀσθένειαν
1525 322 1658 376 φύσεως
1681 324 1730 372 μὴ
1750 322 1868 361 οἵωντε
1889 324 1995 362 ὄντων
2011 324 2053 362 τὰ
2071 325 2217 377 σφέτερα

1174 380 1403 435 προίσχεσθαι
1418 379 1536 418 δίκαια
1549 412 1558 428 ,
1573 380 1650 424 τοὺς
1667 380 1702 419 δὲ
1717 381 1918 425 δικάζοντας
1931 383 2115 434 φυλάττειν
2127 383 2218 434 ἅπερ

1174 443 1192 478 ὁ
1212 440 1313 490 νόμος
1343 439 1525 491 βούλεται·
1557 438 1605 490 μὴ
1635 441 1841 491 ἐστερῆσθαι
1871 439 1906 477 δὲ
1927 441 2101 492 φροντίδος
2131 444 2217 492 μηδὲ

1174 501 1241 536 τῶν
1262 496 1515 554 παραστάντων
1536 499 1605 540 τοῖς
1625 498 1823 545 δικασταῖς,
1838 498 1928 536 ἀλλὰ
1944 499 2110 537 κάκείνων
2132 495 2219 538 εἶναι

1174 556 1251 601 τοὺς
1269 556 1433 609 πρόνοιαν
1457 555 1726 606 ποιησομένους,
1746 555 1838 599 ὅπως
1856 559 1914 594 τοῦ
1932 572 1968 594 τε
1991 558 2125 595 δικαίου
2141 558 2220 596 τεύ-

1175 614 1263 660 ξοιτο
1279 618 1296 653 ὃ
1313 618 1372 662 τῆς
1393 617 1460 652 τῶν
1479 615 1650 652 δικαστῶν
1667 613 1782 666 τυχὼν
1804 614 1969 666 κρίσεως,
1985 615 2045 653 καὶ
2060 618 2077 653 ὁ
2092 617 2220 654 ἀδικεῖν

1174 674 1345 724 νομισθεὶς
1376 673 1425 723 μὴ
1455 672 1683 725 εἷσπραχθείη
1712 671 1842 723 πλέον,
1867 673 1958 726 ἤπερ
1986 676 2008 720 ἡ
2038 675 2219 721 δικαστικὴ

1178 732 1339 784 βούλεται
1353 733 1537 803 ψῆφοςῖΕἷ
1553 731 1621 783 γὰρ
1641 730 1690 782 μὴ
1709 733 1865 783 ὑπῆρχον
1881 733 1912 770 οἱ
1936 735 2047 770 ταῦτα
2065 734 2099 770 ἐν
2120 748 2220 786 φρον·

1174 790 1242 829 τίδι
1259 791 1483 840 ποιούμενοι,
1506 792 1545 828 ἐκ
1562 793 1623 837 τ’ἧς
1644 792 1750 836 αὐτῆς
1767 790 1879 833 αἰτίας
1899 789 2017 843 ἑτέρας
2037 790 2134 838 δίκης
2151 792 2220 842 ἐγί-

1176 865 1253 888 νετο
1273 848 1314 887 ἂν
1328 847 1518 901 πρόφασις,
1533 847 1555 894 ἢ
1572 864 1631 886 του
1647 848 1861 895 νενικηκότος
1873 849 2145 902 χαλεπώτερον’
2131 851 2223 894 επεξ-

1176 908 1298 956 ιόντος,
1327 909 1350 954 ἢ
1384 911 1444 946 τοῦ
1479 923 1519 945 το
1549 909 1665 968 χεῖρον
1698 906 1982 958 ἀπενεγκαμένου
2022 911 2064 961 τῇ
2114 909 2222 962 ἀδίκῳ

1176 966 1393 1017 ἐπιμένοντος
1417 982 1555 1018 γνωμῃ.
1588 969 1632 1005 E'
1624 982 1692 1004 ιναι
1713 964 1748 1004 δὲ
1776 981 1836 1004 και
1859 965 1993 1010 τούτοις
2012 967 2221 1019 τεταγμένον

1175 1025 1336 1078 ἀργύριον
1354 1024 1450 1078 παρὰ
1466 1028 1533 1062 τῶν
1550 1024 1611 1068 τὰς
1627 1025 1725 1069 δίκας
1747 1024 2038 1076 ἀγωνιζομένων,
2056 1028 2101 1069 ὡς
2121 1026 2219 1078 παρὰ

1178 1087 1246 1123 τῶν
1267 1099 1429 1137 γεωργων
1449 1089 1519 1127 τοῖς
1539 1083 1711 1127 ὁπλίταις.
1740 1086 1785 1122 ll
1804 1085 1870 1135 οὐχ
1890 1083 1983 1122 ὅσιον
2004 1083 2062 1122 τὸν
2082 1087 2221 1123 ἐπικου-

1181 1147 1303 1196 ροῧντα
1333 1142 1469 1195 τρέφειν
1499 1142 1559 1180 καὶ
1591 1145 1651 1189 τῆς
1685 1142 1816 1186 εὐνοίας
1850 1142 2076 1193 ἀμείὸεσθαις
2106 1160 2223 1196 ωσπερ

1178 1202 1335 1253 ἀγαθὸν(
1326 1202 1425 1240 ιππεῖ
1444 1203 1506 1251 μὲν
1528 1205 1550 1248 ἡ
1567 1217 1626 1240 του
1646 1200 1756 1239 ι’ππου
1778 1199 1922 1251 κομιδὴ,
1941 1202 2069 1253 ἀγαθὸν
2084 1202 2118 1240 δὲ
2142 1206 2223 1255 βου·

1176 1261 1268 1314 κόλῳ
1284 1264 1306 1307 ἧ
1325 1263 1392 1298 τῶν
1415 1262 1503 1310 βοων
1524 1276 1582 1299 και
1603 1263 1736 1312 θηρατῇ
1756 1263 1778 1307 ἡ
1796 1275 1864 1298 των
1881 1262 1992 1298 κυνῶν
2013 1261 2197 1311 ἐπιμέλεια
2211 1291 2220 1307 ,

1176 1335 1236 1357 και
1267 1335 1335 1356 των
1363 1318 1498 1365 ἄλλων,
1528 1322 1574 1357 ὧν
1608 1319 1692 1372 πρὸς
1725 1317 1894 1371 σφετέραν
1927 1318 2086 1371 φυλακήν
2107 1335 2144 1357 τε
2165 1320 2224 1357 καὶ

1175 1377 1382 1430 ὠφελειαν”
1362 1393 1499 1429 εχουσιν
1524 1377 1714 1429 ἄνθρωποι
1741 1376 1870 1415 Ὁπότε
1898 1376 1960 1423 τὴν
1983 1377 2141 1423 δαπάνην
2161 1378 2225 1425 τὴν

1178 1436 1234 1474 ἐπὶ
1253 1439 1295 1488 τῇ
1313 1435 1391 1487 δίκῃ
1405 1434 1592 1486 γενομένην
1610 1434 1750 1478 ἁλόντες
1767 1435 1957 1473 ἐκτίνουσιν
1969 1464 1979 1482 ,
1998 1435 2224 1474 ἀνατιθέντων

1178 1494 1293 1546 ἀδικία
1309 1494 1457 1548 σφετέρα
1473 1493 1534 1532 καὶ
1550 1495 1616 1546 οὐχ
1633 1494 1740 1546 ἑτέρῳ
1758 1493 1822 1540 τὴν
1848 1493 1998 1545 βλάῧην.
2015 1494 2091 1532 ’Τὸν
2113 1493 2150 1532 δὲ
2167 1495 2225 1532 ἐπὶ

1177 1555 1253 1597 ταῖς
1271 1553 1382 1597 δίκαις
1410 1553 1642 1606 μακρότερον,
1669 1552 1711 1590 ἂν
1741 1551 1832 1590 οὕτω
1857 1551 1976 1604 τύχοι,
2002 1552 2144 1627 χρρνον,
2167 1556 2227 1600 τῆς

1178 1615 1238 1650 τοῦ
1258 1611 1392 1650 δικαίου
1409 1612 1571 1664 προνοίας
1589 1612 1745 1662 γίνεσθαι
1761 1611 1887 1663 χάριν,
1905 1611 1995 1649 ὥστε
2015 1611 2063 1662 μὴ
2082 1613 2225 1664 σχεδιά-

1179 1673 1297 1715 ζοντας
1316 1687 1392 1714 τους
1408 1670 1575 1713 δικαστὰς
1591 1673 1652 1715 τῆς
1673 1670 1854 1722 ἀκριὸείας
1882 1671 2102 1722 διαμαρτειν·
2132 1672 2227 1721 λογι-

1178 1730 1338 1780 ζομένους
1377 1729 1517 1780 ἄμεινον
1552 1733 1640 1767 εἰναι
1672 1729 1737 1782 ὀψὲ
1771 1728 1879 1781 πέρας
1910 1729 2097 1768 ἐπιτιθέναι
2129 1729 2227 1781 δίκῃ,

1177 1787 1200 1835 ἢ
1219 1788 1475 1832 ἐσπουδακότας
1504 1787 1552 1839 μὴ
1573 1787 1675 1838 μόνον
1695 1787 1875 1840 ἄνθρωπον
1895 1789 2046 1836 ἀδικεῖν,
2070 1787 2160 1827 ἀλλὰ
2179 1791 2227 1832 εἷς

1179 1846 1238 1885 τὸν
1264 1851 1324 1885 τοῦ
1345 1847 1480 1886 δικαίου
1500 1847 1642 1900 εὑρετὴν
1663 1846 1737 1885 θεὸν
1763 1849 1999 1898 πλημμελεῖν.
2025 1849 2172 1887 Κεῒσθαι
2192 1847 2232 1897 δὲ.

1183 1985 1308 2016 eorum,
1328 1978 1384 2017 qui
1402 1978 1531 2017 propter
1543 1978 1668 2008 naturae
1683 1976 1900 2008 infirmitatem
1915 1977 1974 2008 sibi
1989 1977 2046 2017 ipsi
2061 1977 2228 2008 consulere

1183 2037 1249 2060 non
1264 2029 1424 2068 valerent,
1442 2029 1629 2067 tuerentur,
1645 2028 1764 2069 quique
1783 2028 1855 2067 jure
1876 2027 2031 2068 dicendo,
2045 2037 2120 2069 quae
2145 2029 2230 2069 leges

1183 2079 1343 2120 juberent,
1357 2081 1534 2111 servarent.
1550 2082 1661 2119 Neque
1684 2088 1761 2111 vero
1777 2088 1834 2111 sua
1847 2079 2047 2120 providentia
2062 2080 2230 2112 destitutos

1185 2132 1383 2173 reliquerunt
1399 2141 1471 2172 eos,
1489 2132 1544 2172 qui
1561 2131 1722 2171 judicibus
1736 2131 1874 2171 adsunt,
1893 2131 1948 2163 sed
1961 2132 2010 2163 his
2022 2141 2151 2173 quoque
2163 2141 2230 2164 esse

1184 2183 1240 2225 qui
1273 2183 1487 2225 prospiciant,
1515 2183 1553 2215 ut
1576 2183 1628 2223 jus
1651 2184 1840 2223 assequatur
1866 2183 1922 2224 qui
1955 2185 2112 2216 sententia
2142 2183 2229 2224 judi-

1185 2244 1260 2267 cum
1279 2235 1432 2275 obtinuit,
1450 2236 1483 2267 et
1499 2234 1821 2275 injuriusjudicatus,
1841 2234 1874 2266 id
1889 2234 2004 2275 solum,
2023 2235 2230 2276 quodjudicii

1185 2287 1328 2319 calculus
1339 2287 1411 2327 fert,
1426 2288 1458 2319 et
1470 2286 1548 2318 nihil
1562 2287 1730 2327 praeterea,
1740 2286 1844 2318 facere
1854 2288 1998 2327 cogatur.
2008 2286 2018 2326 (
2029 2287 2153 2319 sienim
2167 2297 2231 2319 non

1185 2340 1289 2371 essent
1299 2339 1373 2370 huic
1390 2339 1434 2370 rei
1448 2338 1622 2379 praepositi,
1634 2338 1690 2369 aut
1703 2338 1825 2370 victore
1839 2337 2027 2370 insolentius
2037 2339 2230 2379 insurgente,

1185 2393 1242 2423 aut
1258 2400 1308 2431 eo,
1329 2391 1385 2431 qni
1411 2390 1579 2422 adversam
1598 2390 1788 2422 sententiam
1811 2390 1998 2431 reportavit,
2023 2391 2055 2422 in
2080 2400 2229 2432 perversa

1186 2445 1292 2476 mente
1310 2445 1484 2484 perstante,
1504 2453 1546 2476 ex
1562 2451 1627 2474 una
1645 2443 1701 2475 lite
1713 2443 1845 2475 alterius
1857 2443 1921 2475 litis
1936 2446 2119 2476 nasceretur
2140 2454 2232 2477 exor-

1186 2497 1309 2538 dium.)
1322 2499 1433 2536 ltaque
1445 2497 1493 2529 his
1501 2505 1628 2538 quoque
1640 2496 1851 2528 constitutum
1865 2500 2030 2537 argentum
2041 2498 2161 2537 abillis,
2176 2499 2231 2539 qui

1186 2549 1295 2581 litibus
1307 2550 1441 2588 certant,
1456 2550 1493 2580 ut
1508 2549 1663 2581 militibus
1676 2550 1716 2580 ab
1730 2549 1885 2589 agricolis.
1901 2549 1984 2586 Quid
1998 2550 2083 2581 enim
2096 2551 2231 2591 aequius,

1186 2609 1284 2641 quam
1304 2609 1392 2639 eum,
1410 2600 1466 2641 qui
1481 2600 1656 2641 opituletur
1673 2602 1706 2632 et
1726 2600 1884 2632 auxilium
1902 2601 1993 2641 ferat,
2013 2602 2097 2633 alere
2116 2604 2147 2633 et
2159 2603 2231 2634 ofli-

1187 2653 1271 2685 cium
1285 2656 1399 2685 mutuo
1412 2653 1519 2685 officio
1533 2653 1726 2694 rependere?
1742 2653 2014 2693 quemadmodum
2037 2654 2135 2695 equiti
2149 2663 2233 2686 emo-

1186 2707 1333 2739 lumento
1349 2708 1396 2739 est
1411 2707 1498 2747 equi,
1512 2708 1632 2748 pastori
1646 2707 1743 2738 boum
1761 2707 1793 2739 et
1805 2706 1949 2738 venatori
1963 2715 2079 2738 canum
2096 2715 2185 2746 cura,
2200 2707 2232 2738 et

1187 2759 1383 2799 reliquorum
1396 2759 1619 2799 animantium,
1633 2767 1706 2799 quae
1721 2759 1866 2790 homines
1878 2758 2032 2790 custodiae
2042 2759 2074 2790 et
2086 2758 2233 2789 utilitatis

1187 2819 1283 2842 causa
1298 2810 1400 2842 alunt.
1418 2812 1516 2842 Porro
1529 2820 1630 2851 quum
1643 2811 1789 2851 sumptus
1805 2810 1838 2841 in
1852 2810 1940 2842 litem
1953 2810 2053 2842 factos
2068 2810 2121 2850 qui
2136 2818 2232 2841 causa

1187 2862 1307 2894 cadunt
1318 2863 1455 2902 solvant,
1467 2862 1622 2893 damnum
1635 2862 1715 2894 nulli
1728 2862 1781 2894 alii
1796 2862 1840 2894 rei
1863 2870 1962 2902 quam
1984 2870 2052 2893 suae
2071 2861 2231 2901 iniquitati

1188 2913 1355 2953 imputent.
1381 2913 1475 2950 Quod
1491 2922 1568 2945 vero
1580 2913 1620 2945 ad
1637 2913 1770 2953 longum
1791 2915 1920 2954 tempus
1935 2913 2062 2949 attinet,
2088 2912 2174 2953 quod
2200 2913 2231 2944 in

1188 2965 1300 2997 litibus
1322 2966 1534 3005 consumitur,
1549 2965 1575 2997 si
1590 2965 1720 3006 quando
1735 2965 1768 2996 id
1785 2965 1903 3005 evenit,
1919 2964 1951 2996 id
1962 2964 2043 3004 juris
2059 2964 2230 3005 providen-

1188 3017 1253 3048 tius
1269 3016 1394 3048 dicendi
1413 3017 1513 3055 gratia
1526 3017 1581 3056 fit,
1600 3025 1642 3049 ne
1656 3016 1781 3057 judiees
1799 3018 2004 3057 properantes
2021 3016 2061 3047 ab
2081 3018 2231 3047 accurata

1186 3068 1351 3109 J‘udicandi
1362 3068 1485 3100 ratione
1497 3068 1658 3100 aberrent.
1669 3068 1783 3100 Melius
1792 3077 1859 3100 esse
1868 3068 1991 3108 judices
2004 3069 2152 3099 accurate
2164 3076 2230 3099 reni

1190 3119 1436 3160 perpendentes,
1451 3119 1575 3151 tardius
1595 3120 1691 3151 tinem
1708 3119 1817 3152 litibus
1831 3119 2011 3160 imponere,
2026 3127 2123 3159 quam
2145 3119 2230 3150 sesti-

1189 3173 1301 3202 nantes
1309 3179 1373 3202 non
1385 3171 1489 3202 solum
1505 3171 1651 3211 iniquum
1663 3171 1716 3211 jus
1730 3171 1934 3203 inhominem
1949 3171 2100 3209 statuere,
2116 3178 2228 3202 verum

1189 3222 1284 3254 etiam
1295 3222 1329 3253 in
1341 3222 1450 3261 deum,
1461 3222 1593 3261 justitiae
1606 3223 1816 3263 inventorem,
1825 3231 1970 3263 peccare.
2014 3223 2112 3260 Leges
2121 3222 2229 3252 autem

1192 3276 1223 3306 in
1237 3283 1347 3306 omnes
1360 3275 1471 3315 positae
1486 3278 1572 3314 sunt,
1587 3277 1624 3307 ut
1639 3276 1700 3307 illis
1713 3275 1808 3308 etiam
1823 3276 1891 3315 ipse
1911 3275 2085 3314 imperator
2099 3275 2222 3312 pareat.

1191 3329 1300 3366 Neque
1312 3350 1321 3365 ,
1336 3325 1369 3357 id
1389 3326 1474 3366 quod
1491 3327 1548 3357 tua
1565 3328 1765 3359 accusatione
1787 3327 1981 3364 continetur,
1996 3325 2188 3365 potentiores
2202 3326 2225 3355 si

1159 3408 1162 3411 ,
1192 3377 1390 3410 tenuioribus
1406 3377 1472 3409 vim
1486 3377 1636 3418 inserant,
1651 3378 1682 3410 id
1696 3378 1756 3410 illis
1775 3379 1822 3410 est
1834 3377 1975 3417 impune,
1993 3375 2051 3407 nisi
2065 3375 2135 3415 quis
2150 3375 2229 3407 forle
