2372 3704
173 229 249 262 510

173 312 345 348 Holsten.
357 309 387 360 ),
404 309 461 362 ἀφ’
476 302 514 347 οῧ
538 310 548 360 (
563 312 586 347 l.
598 303 667 361 ὧν)
687 309 843 360 ποταμὸς
860 309 1042 361 ὁμώνυμος
1052 309 1112 347 καὶ
1124 308 1222 353 πόλις

173 368 300 421 Βέροια
319 368 378 406 καὶ
397 366 500 412 τόπος
521 367 719 421 Στρυμόνος
740 369 1033 422 (ΣτρυμόνιοςΡ).

680 451 716 491 8.

226 521 355 570 steph.
376 522 462 558 sz.
482 506 667 565 ιΜισητός
679 548 690 569 ,
708 517 806 563 πόλις
823 518 1053 563 Μακεδονίας.
1069 520 1118 558 Θ.
1140 521 1222 557 Μα-

173 579 372 622 κεδονικοῖς.

228 721 336 757 Idem
358 734 367 756 :
388 718 612 770 Ὀλόὸαγρα,
633 663 730 761 πόλῖς
753 719 894 758 Μακεδ.
917 719 1031 768 Θεαγ.
1051 718 1192 783 Μακεδ.

675 808 733 830 10.

229 866 337 903 Idem
362 877 371 904 ζ
394 864 580 917 Ὀρέσται,
595 863 818 903 Μολοσσικὸν
839 862 978 907 ἔθνος...
996 862 1176 914 Θεαγένης
1190 865 1223 902 ἐν

175 926 427 967 Μακεδονικοῖς
456 925 528 972 (sic
557 925 643 962 cod.
670 924 815 969 Rhed.;
850 924 898 962 Θ.
922 922 949 960 ε’
974 923 1224 961 Μακεδονικῶν

173 997 263 1033 vgo.
273 983 284 1033 )
318 997 442 1036 φησιν,
463 979 551 1019 δ”τι
536 996 596 1019 επε
602 996 612 1018 ι
636 981 779 1033 ἀφείθη
787 996 849 1026 της
880 980 1006 1030 μανίας
1033 980 1222 1032 Ὀρέστης,

175 1042 311 1093 φεύγων
330 1039 387 1078 διὰ
406 1040 469 1086 τὴν
490 1041 577 1076 αἰδῶ
602 1039 691 1088 μετὰ
713 1042 775 1085 τ’ῆς
796 1038 1006 1091 Ἑρμιόνης,
1027 1041 1073 1082 εἷς
1093 1039 1222 1086 ταύτην

174 1095 258 1146 ἦλθε
278 1099 340 1145 τὴν
364 1115 428 1150 γην
448 1113 508 1135 και
532 1098 642 1135 παῖδα
670 1097 773 1150 ἔσχεν
792 1097 977 1150 Ὀρέστην,
999 1101 1038 1136 οὓ
1059 1097 1223 1150 ἄρξαντος

174 1157 374 1204 ἐκλήθησαν
408 1155 493 1208 ’έΟρ
496 1171 593 1193 σται·
624 1156 724 1200 αὐτὸς
751 1156 787 1194 δὲ
819 1156 886 1194 ὑπὸ
915 1157 1053 1208 ἐχίδνης
1085 1157 1223 1208 δηχθεις

174 1215 315 1262 θνήσκει
336 1217 383 1259 εἷς
399 1215 527 1268 χωρίον
547 1218 610 1262 τῆς
630 1215 833 1268 Ἀρκαδίας,
859 1215 899 1253 τὸ
919 1214 1104 1266 λεγόμενον
1130 1215 1224 1267 Ὀρέ-

174 1291 282 1314 στιον.
315 1274 466 1325 Λέγεται
490 1273 551 1312 καὶ
592 1274 740 1321 θηλυκὸν
766 1274 928 1326 Ὀρεστὶς
953 1274 1014 1312 καὶ
1041 1274 1226 1326 Ὀρεστιὰς

174 1333 352 1377 ὡσαύτως.
370 1331 552 1383 Θεαγένης
561 1332 621 1370 καὶ
629 1332 807 1376 Διονύσιος
819 1332 968 1386 δευτέρῳ
979 1334 1008 1372 Γ
1012 1333 1221 1385 ιγαντιάδος.

669 1424 732 1448 11.

229 1482 337 1518 Idem
361 1494 370 1517 ε
396 1479 592 1529 Παλλήνη,
625 1479 726 1524 πόλις
753 1479 917 1533 Θρᾴκης,
939 1480 1010 1517 ἀπὸ
1036 1480 1228 1528 Παλλήνης

176 1541 237 1586 τῆς
259 1539 408 1582 Σίθωνος
437 1538 497 1588 μὲν
525 1538 711 1590 θυγατρὸς,
731 1539 880 1577 Κλείτου
901 1538 936 1576 δὲ
965 1539 1150 1589 γυναικὸς,
1181 1542 1227 1583 ὡς

175 1596 400 1649 ‘Hy-domnoc
431 1600 466 1636 ἐν
491 1602 561 1640 τοῖς
589 1598 866 1644 Παλληνιακοῖς.
899 1597 1072 1644 Παλλήνη
1095 1597 1124 1635 δ’
1150 1598 1224 1636 ἐστὶ

175 1656 384 1708 χερρόνησος
415 1655 598 1708 τρίγωνος,
641 1655 703 1702 τὴν
741 1655 842 1706 βάσιν
879 1655 1009 1707 ἔχουσα
1047 1654 1130 1709 πρὸς
1165 1672 1226 1707 με·

179 1714 359 1767 σημὸρίαν
401 1714 659 1767 ἐστραμμένην.
704 1715 891 1754 Ἐκαλεῖτο
928 1714 964 1752 δὲ
1003 1714 1150 1766 Φλέγρα
1189 1715 1229 1754 τὸ

175 1773 325 1811 παλαιὸν
346 1772 404 1810 καὶ
419 1774 545 1825 ᾠκεῖτο
563 1773 630 1810 ὑπὸ
651 1775 720 1810 τῶν
736 1772 926 1823 γιγάντων·
942 1771 1002 1810 καὶ
1021 1776 1043 1820 ἡ
1059 1775 1126 1810 τῶν
1142 1776 1227 1811 θεῶν

176 1832 236 1871 καὶ
255 1834 322 1869 τῶν
352 1832 523 1883 γιγάντων
545 1830 643 1883 μάχη
673 1834 821 1870 ἐνταῦθα
834 1830 1018 1882 μυθεύεται
1046 1830 1226 1883 γενέσθαι.

179 1890 359 1940 Θεαγένης
376 1891 410 1927 ἐν
426 1890 690 1933 Μακεδονικοῖς.

229 1951 286 1988 Cf.
321 1950 488 1988 Eustath.
521 1949 570 1986 ad
604 1951 763 1997 Dionys.
789 1949 862 1995 327
887 1960 896 1987 ε
926 1947 1100 1995 Παλλήνη
1131 1948 1230 1993 πόλις

177 2006 325 2060 Θρᾴκης
360 2006 430 2044 ἀπὸ
447 2005 638 2053 Παλλήνης
658 2006 824 2059 θυγατρὸς
841 2006 994 2050 Σίθωνος
1020 2007 1138 2057 (olim
1154 2022 1228 2058 vgo

178 2066 370 2116 Τίθωνος).
389 2065 498 2105 Ἔστι
519 2065 554 2103 δὲ
576 2065 748 2112 Παλλήνη
766 2065 862 2118 (καὶ)
877 2065 1088 2118 χερρόνησος
1102 2066 1231 2118 τρίγω-

178 2140 246 2175 νος,
262 2123 446 2174 οἰκουμένη
477 2122 563 2161 ποτὲ
585 2124 651 2161 ὑπὸ
677 2124 861 2175 γιγάντων,
892 2124 948 2167 οὒς
970 2123 1150 2176 εΗρακλῆς
1171 2141 1234 2175 μι-

178 2182 607 2235 σανθρώπουςέςρευρηκὼς
626 2181 926 2232 κατεπολέμησεν,
938 2182 994 2220 ὅτε
1013 2183 1072 2220 καὶ
1091 2183 1234 2235 βρονταί

178 2294 211 2326 in
228 2294 440 2326 Macedonicis
455 2294 509 2325 ait.
526 2295 619 2325 Bere-s
635 2293 720 2325 enim
734 2295 799 2326 tres
809 2293 926 2325 liberos
937 2293 1064 2334 genuit,
1080 2294 1211 2326 Miezam
1223 2319 1232 2334 ‚

179 2347 340 2384 Beroeam,
358 2346 535 2386 Olganum;
554 2345 639 2376 unde
651 2344 770 2377 ssuvius
779 2345 976 2386 cognominis
986 2347 1018 2378 et
1034 2347 1146 2378 Beroea
1158 2346 1235 2379 urbs

179 2397 212 2428 et
225 2396 316 2427 locus
327 2396 550 2436 Strymonius(
562 2396 694 2435 Mieza).

691 2469 724 2500 8.

221 2526 354 2561 Misetus
364 2551 373 2567 ,
390 2527 468 2559 urbs
480 2527 684 2559 Macedoniae.
703 2527 886 2568 Tlieagenes
901 2528 1125 2561 Macedonicis.

691 2599 727 2631 9.

223 2665 381 2706 Olobagra
390 2690 399 2706 ‚
417 2665 494 2697 urbs
507 2665 714 2698 Macedonioe.
729 2665 911 2706 Theagenes
924 2666 1148 2700 Macedonicis.

677 2736 733 2768 10.

224 2800 367 2839 orestae,
397 2799 566 2831 Molossica
584 2808 671 2839 gens.
699 2800 881 2840 Theagenes
905 2801 937 2832 in
957 2801 1166 2834 Macedonicis
1193 2802 1237 2834 ait

184 2853 352 2891 Orestem,
378 2853 547 2891 postquam
564 2860 582 2882 a
601 2852 706 2883 surore
718 2853 801 2884 esset
829 2852 999 2892 liberatus,
1027 2862 1093 2893 prae
1116 2854 1236 2894 pudore

183 2912 259 2934 cum
271 2904 443 2935 Hermione
457 2904 627 2944 fugientem
638 2929 646 2944 ,
662 2905 693 2936 in
707 2905 799 2936 istam
815 2905 976 2945 regionem
987 2906 1127 2946 venisse,
1139 2908 1236 2947 atque

183 2956 286 2987 tilium
314 2958 457 2988 Orestem
475 2957 640 2997 habuisse,
673 2966 738 2998 quo
760 2958 955 2998 imperante,
976 2960 1098 2990 orestae
1119 2968 1236 2990 nomen

185 3009 378 3049 acceperint.
396 3011 503 3049 lpsum
522 3019 599 3041 vero
610 3019 628 3041 a
642 3010 748 3051 vipera
762 3019 905 3042 morsum
916 3011 1032 3043 obiisse
1047 3011 1078 3042 in
1093 3011 1236 3043 Arcadiae

184 3060 268 3100 loco,
283 3060 335 3091 cui
349 3069 466 3092 nomen
481 3061 654 3093 Orestium.
669 3062 795 3093 Dicitur
810 3071 939 3103 quoque
951 3071 1066 3103 genere
1086 3063 1237 3095 feminino

185 3112 308 3144 Orestis
332 3114 364 3143 et
382 3113 522 3144 Orestias
535 3113 726 3153 promiscue,
741 3115 822 3146 teste
837 3114 1004 3155 Theagene
1028 3116 1061 3146 et
1088 3115 1237 3155 Dionysio

185 3162 381 3203 Gigantiadis
396 3163 478 3195 libro
491 3164 643 3196 secundo.

689 3215 743 3247 11.

228 3278 354 3310 Pallene
365 3302 374 3318 ,
390 3278 474 3319 regio
492 3279 654 3318 Thraciae,
671 3288 690 3310 a
704 3280 832 3312 Pallene
846 3280 988 3313 Sithonis
1003 3281 1066 3312 fitia
1078 3306 1087 3321 ‚
1102 3282 1239 3323 Clitique

186 3338 305 3369 uxore,
339 3331 376 3362 ut
406 3330 598 3370 Hegesippus
631 3330 663 3361 in
690 3331 887 3363 Palleniacis.
915 3333 971 3364 Est
1006 3341 1083 3364 vero
1110 3333 1239 3365 Pallene

187 3381 395 3413 chersonesus
409 3380 541 3420 liguram
559 3381 678 3413 habens
697 3382 864 3422 trianguli,
888 3384 980 3423 cujiis
998 3383 1080 3415 basis
1096 3384 1239 3416 meridiei

188 3432 323 3464 obversa
338 3433 398 3465 est.
429 3431 513 3464 Olim
530 3433 663 3473 Phlegra
692 3433 868 3466 vocabatur
881 3436 913 3466 et
930 3435 1135 3467 habitabatur
1154 3445 1172 3467 a
1185 3436 1238 3468 Gi·

1090 221 1406 273 ΤΗΕΑοΕΝιε,

1287 324 1373 353 τινες
1389 309 1448 348 καὶ
1467 312 1664 362 πρηστῆρες
1679 310 1876 350 συνέπεσον.
1893 309 1955 350 Διὸ
1971 310 2030 348 καὶ
2048 309 2117 348 θεοὶ
2138 308 2257 354 ἔδοξαν
2269 313 2332 358 τῆς
2367 317 2372 344 ἐ

1286 367 1405 420 μάχης
1437 369 1567 415 ταύτης
1600 371 1650 422 τῷ
1683 368 1855 422 Ηρακλεῖ
1889 368 2102 420 συναρασθαι
2133 368 2192 406 καὶ
2221 382 2333 407 κατα·
2369 378 2372 416 f

1285 427 1347 475 φλε
1342 426 1406 471 ’ξαι
1431 425 1508 471 τους
1527 443 1673 474 κακους,
1705 428 1765 466 καὶ
1791 431 1814 474 ἡ
1840 427 1942 480 χώρα
1970 428 2027 465 διὰ
2058 431 2159 466 τοῦτο
2186 427 2372 487 Φλέγρα

1285 484 1430 531 ἐκλήθη.
1455 489 1512 523 De
1532 488 1682 523 Pallene
1713 487 1863 524 Sidonis
1881 486 1957 523 fitia
1971 488 2021 523 fc.
2045 488 2191 525 Conon.
2209 500 2245 525 c.
2271 499 2332 524 ιο.
2364 490 2372 526 Ξ

1338 545 1560 581 Parthenius
1589 546 1694 581 Erot.
1718 559 1751 584 c.
1775 546 1831 582 6:
1851 544 1939 597 Περὶ
1963 544 2166 592 Παλλήνης.
2187 527 2372 596 Ἱστορεῖἰ

1286 600 1450 652 Διογένης
1471 603 1567 652 (scr.
1587 602 1762 653 Θεογένης
1780 605 1841 640 vel
1855 602 2067 654 Θεαγένης)
2083 619 2142 642 και
2157 602 2338 654 Ἥγήσιπ-
2363 600 2372 689 1

1285 676 1349 704 πος
1371 661 1405 697 ἐν
1427 661 1687 707 Παλληνιακοῒς
1702 661 1781 699 κτλ.
1799 661 1857 711 (v.
1877 662 2007 712 fragm.
2023 662 2263 714 Hegesippi).

1783 749 1845 775 12.

1339 806 1446 842 Idem
1468 818 1477 842 ε
1497 803 1779 857 Παρθενόπολις,
1798 802 2023 848 Μακεδονίας
2041 803 2162 852 πόλις,
2182 804 2253 844 ἀπὸ
2269 807 2339 845 τῶν
2362 811 2364 814 ’

1291 862 1489 914 θυγατέρων
1518 865 1711 915 Γεραιστοῦ
1732 866 1792 901 τοῦ
1817 862 1992 914 Μύγδονος
2012 863 2154 911 παιδός,
2175 866 2222 908 ὥς
2243 865 2341 904 Θεα-
2360 871 2372 1042 i

1285 921 1386 972 γένης
1401 924 1434 960 ἐν
1451 922 1701 965 Μακεδονικοῖς
1713 935 1721 943 ·
1740 940 1755 955 ιι
1771 921 1856 960 Ἀπὸ
1870 920 1907 959 δὲ
1923 924 1992 959 τῶν
2009 921 2206 974 θυγατέρων
2223 922 2281 961 διὰ
2298 923 2340 963 τὸ
2361 925 2364 926 ’

1287 980 1450 1032 ἄγροικον
1480 983 1591 1019 αὐτῶν
1614 984 1674 1027 τῆς
1707 981 1840 1028 διαίτης
1874 980 1935 1018 καὶ
1969 981 2008 1019 τὸ
2045 981 2195 1033 ἄμικτον
2224 981 2340 1022 ἔκτισε

1285 1039 1402 1086 πόλιν,
1423 1038 1499 1086 ἥτις
1519 1039 1568 1078 ἔτι
1588 1039 1649 1078 καὶ
1676 1043 1734 1078 νῦν
1764 1040 1808 1078 δι’
1834 1038 1966 1084 ἐκείνας
1994 1040 2255 1094 Παρθενόπολις
2282 1041 2372 1158 ’ti-³

1286 1099 1426 1145 κληται.
1443 1116 1459 1132 n

1790 1171 1851 1208 13.
2366 1170 2372 1175 ’

1341 1240 1447 1276 Idem
1471 1253 1480 1275 ε
1510 1238 1652 1290 Σκύδρα
1666 1268 1676 1286 ,
1704 1239 1932 1287 Μακεδονικὴ
1950 1237 2070 1291 πόλις,
2093 1241 2141 1284 ὡς
2164 1239 2344 1293 Θεαγένης

1288 1298 1323 1335 ἐν
1347 1298 1613 1341 Μακεδονικοῖς.

1790 1364 1850 1403 14.

1342 1428 1449 1464 Idem
1471 1439 1479 1466 ε
1499 1425 1647 1479 Τίρσαι,
1661 1427 1760 1471 πόλις
1778 1426 1978 1479 Μυγδονίας
1997 1429 2058 1474 τῆς
2077 1428 2112 1465 ἐν
2128 1427 2343 1481 Μακεδονία,

1290 1485 1360 1523 ἀπὸ
1373 1486 1524 1538 Τίρσης,
1548 1492 1630 1536 μιᾶς
1646 1490 1715 1525 τῶν
1735 1488 1907 1537 γυναικῶν
1926 1490 1986 1524 τοῦ
2006 1485 2129 1529 παιδὸς
2149 1484 2343 1536 Μύγδονος,

1290 1547 1336 1587 ὡς
1355 1544 1534 1595 Θεαγένης
1551 1543 1653 1601 φησί..

1791 1623 1805 1645 1
1816 1609 1850 1647 5.

1343 1679 1450 1715 Idem
1466 1692 1475 1714 t
1493 1676 1634 1721 Φύσκος
1647 1708 1656 1725 ,
1675 1677 1774 1722 πόλις
1787 1677 2017 1730 Λοκρίδος....
2035 1675 2142 1717 Ἔστι
2157 1677 2218 1716 καὶ
2233 1677 2336 1732 ἑτέρα

1291 1736 1434 1780 Φύσκος
1452 1736 1551 1780 πόλις
1565 1740 1627 1783 τ’ῆς
1642 1736 1840 1788 Καρίας....
1859 1735 1964 1775 Ἔστι
1985 1736 2045 1775 καὶ
2065 1737 2156 1784 ἄλλη
2174 1734 2372 1777 Μακεδονιῖ

1290 1795 1383 1846 νίας,
1404 1789 1446 1841 ἧς
1462 1793 1638 1845 μέμνηται
1655 1794 1835 1846 Θεαγένης
1853 1796 1887 1832 ἐν
1905 1796 2172 1839 Μακεδονικοῖς.

1718 1902 1919 1940 ΚΑΡΙΚΑ.

1792 1989 1853 2025 16.

1349 2063 1454 2099 Idem
1487 2077 1495 2100 :
1528 2062 1736 2114 Κασταλία,
1764 2062 1865 2106 πόλις
1897 2063 2069 2106 Κιλικίας.
2100 2062 2279 2112 Θεαγένης
2309 2065 2345 2102 ἔν

1296 2120 1476 2173 Καρικοῖς.

1294 2295 1453 2335 gantibus.
1470 2298 1574 2337 Atque
1585 2297 1725 2328 Deorum
1739 2298 1771 2328 et
1784 2297 1956 2336 Gigantum
1970 2305 2108 2336 pugnam
2121 2295 2346 2337 impugnatam

1295 2357 1362 2380 esse
1379 2348 1575 2381 fabulantur.
1589 2349 1773 2390 Theagenes
1786 2349 1819 2381 in
1840 2349 2064 2381 Macedonicis.

1795 2423 1852 2455 12.
2367 2454 2372 2461 .

1339 2489 1589 2530 Parthenopolis,
1597 2488 1793 2522 Macedoniae
1802 2489 1878 2521 urbs
1890 2497 1909 2520 a
1918 2488 2044 2520 filiabus
2050 2488 2184 2520 Geraesti
2193 2486 2349 2529 Mygdone
2364 2481 2372 2503 ⁴

1295 2541 1380 2578 nati,
1394 2541 1483 2572 utait
1496 2541 1677 2580 Theagenes
1688 2541 1720 2572 in
1732 2540 1947 2573 Macedonicis
1962 2553 1970 2573 ε
1985 2553 2000 2568 «
2016 2539 2104 2572 Filiae
2120 2541 2228 2572 antem
2245 2547 2346 2580 quum
2364 2547 2372 2559 ⁴

1295 2595 1434 2631 agrestes
1449 2593 1515 2624 vita
1527 2594 1632 2624 essent
1653 2594 1685 2625 et
1702 2593 1743 2624 ab
1759 2593 1926 2624 hominum
1944 2592 2105 2624 consortio
2120 2591 2347 2631 abhorrerent,
2367 2602 2372 2627 ς

1296 2644 1408 2675 urbem
1424 2644 1461 2676 iis
1475 2644 1618 2676 condidit
1639 2653 1713 2685 quae
1729 2644 1769 2677 de
1785 2644 1824 2676 iis
1838 2643 2082 2685 Parthenopolis
2096 2645 2274 2676 etiamnum
2290 2651 2348 2675 vo·
2364 2679 2372 2694 γ

1296 2697 1424 2727 catur.›

1792 2736 1849 2774 13.

1338 2805 1478 2845 Scydra‚
1496 2805 1572 2838 urbs
1589 2805 1802 2845 Macedoniae,
1820 2806 1857 2837 ut
1877 2805 2059 2846 Theagenes
2075 2804 2108 2837 in
2122 2786 2372 2845 Macedonem}

1791 2882 1848 2914 14.

1340 2945 1458 2986 Tirsae‚
1487 2946 1664 2986 Mygdoniae
1683 2946 1760 2978 urbs
1790 2947 1823 2978 in
1847 2946 2050 2986 Macedonia,
2070 2954 2090 2977 a
2114 2946 2202 2978 Tirsa
2229 2866 2372 3002 nomenti

1298 2997 1434 3037 habens,
1450 3007 1522 3039 quae
1542 3007 1604 3030 una
1616 2998 1677 3030 ruit
1690 3007 1730 3030 ex
1741 2998 1909 3039 Mygdonis
1922 2998 2098 3039 uxoribus,
2113 3000 2150 3031 ut
2165 2998 2346 3040 Ttieagenoe
2367 2990 2372 3033 ἶ

2188 3058 2199 3068 .
2361 3043 2372 3067 i

1297 3050 1403 3081 refert.

1794 3095 1809 3126 1
1817 3094 1851 3127 5.

1263 3124 1269 3311 1
1341 3160 1519 3200 Physcus...
1532 3159 1627 3192 etiam
1641 3159 1835 3192 Macedoniae
1849 3160 1925 3192 urbs
1934 3161 2000 3199 est,
2011 3161 2046 3193 ut
2054 3160 2234 3201 Theagenes
2245 3141 2372 3205 1018Ιῆἶ

1298 3211 1330 3243 in
1348 3211 1566 3244 Macedonicis.
2314 3261 2317 3264 .
2362 3249 2372 3278 ἲ

1722 3277 1907 3316 CARICA
1915 3306 1923 3316 .
2364 3281 2372 3321 Ξ

1794 3371 1851 3404 16.

1341 3436 1478 3469 castalia
1490 3460 1499 3477 ,
1510 3436 1588 3469 urbs
1605 3436 1735 3469 ciliciae.
1753 3436 1936 3477 Theagenes
1946 3434 1978 3467 in
1994 3435 2126 3468 caricis.

2365 3372 2372 3399 1

2360 3402 2372 3437 1

2365 3439 2372 3454 ι
