2372 3704
1002 234 1337 276 FRAGMENTA.

87 318 298 372 Θευδέριχον
325 316 581 371 προχειρίζεται
593 349 603 367 ,
614 318 671 357 τὸν
680 320 933 373 ’ἐπιλεγόμενον
954 322 1132 375 Στραὸὸν,

87 379 231 431 δωρεαῖς
247 392 284 416 τε
301 378 406 415 αὐτὸν
419 378 565 421 πολλαῖς
593 378 782 430 σύμμαχον
805 381 863 418 καὶ
895 380 992 431 φίλον
1010 380 1134 428 ἐποιή-

86 453 186 476 σατο.
201 436 247 477 Ὅ
259 436 294 475 δὲ
304 436 434 480 Ἰλλοῦς
450 435 508 474 τὸν
527 436 589 486 μὲν
604 436 784 477 Ἔπίνικον
806 438 897 477 κατὰ
925 439 989 487 τὴν
1011 439 1134 478 Ἰσαύ-

86 511 154 548 ρων
187 494 323 548 ἔπεμψε
358 494 614 548 φυλάττεσθαι,
647 495 750 540 αὐτὸς
781 496 817 535 δὲ
851 497 1043 548 λαὸόμενος
1073 501 1133 536 τοῦ

83 554 244 593 τεθνάναι
271 555 303 593 οἱ
335 553 393 592 τὸν
429 553 575 606 ἀδελφὸν
596 553 804 602 Ἀσπάλιον,
837 555 950 600 ἔξοδον
985 556 1133 603 αἰτήσας

83 612 183 666 παρὰ
209 615 269 651 τοῦ
289 611 480 665 βασιλέως,
507 613 707 666 ἀφορμήθη.
744 614 816 653 Καὶ
841 614 933 653 κατὰ
953 613 1015 661 τὴν
1038 616 1131 666 ἐνεγ-

83 671 242 722 κειμένην
271 670 475 722 γενόμενος,
502 671 562 708 καὶ
589 674 639 724 τῷ
663 671 836 725 Ἐπινίκῳ
874 672 1051 725 ἐντυχὼν,
1073 672 1133 712 καὶ

83 729 184 782 γνοὺς
210 728 244 774 ἐξ
268 730 374 768 αὐτοῦ
400 728 445 767 τὰ
468 732 530 776 τῆς
556 713 744 777 ἐπιδουλῆς
773 732 869 806 αὐτῷ
897 731 965 770 ὑπὸ
984 731 1133 785 Βηρίνης

84 789 316 839 συνταγέντα,
342 787 625 840 προσεποιήσατο
654 788 754 841 ἄχρις
781 784 819 828 ου
849 770 993 837 Ζήνων,
1022 805 1129 841 μετα-

82 848 310 901 πεμψάμενος
323 846 439 894 αὐτὸν,
450 848 489 885 ἐκ
508 863 569 893 της
588 847 802 898 συμὸοίσηςε
790 848 856 886 υπὸ
873 851 1025 899 σεισμῶν
1040 864 1132 899 συμ-

82 913 189 959 φορᾶς
219 906 251 946 ⁴⁶.
286 905 349 950 Ὡς
383 905 419 944 δὲ
447 905 506 944 τὸν
539 906 778 959 Παμπρέπιον
810 907 1025 958 ἐπαγόμενος
1057 908 1131 947 Ἰλ-

81 966 183 1013 λοῦς,
201 963 310 1016 ἄνδρα
328 966 367 1003 ἐκ
386 966 447 1011 τῆς
468 963 586 1008 Πανὸς
613 963 822 1016 ὡρμημένον
852 964 988 1010 πόλεως
1020 965 1129 1017 Αἷγύ·

82 1037 195 1069 πτου,
216 1021 468 1075 γραμματικὴν
491 1021 527 1060 δὲ
545 1021 727 1073 μετιόντα,
747 1024 807 1062 καὶ
832 1025 870 1062 ἐκ
890 1026 1019 1063 πολλοῦ
1040 1024 1130 1063 κατὰ

81 1080 144 1127 τὴν
164 1080 346 1128 “Ελλήνων
367 1080 579 1132 οἰκήσαντα,
599 1075 704 1128 ἧκεν·
721 1084 845 1134 πρῶτα
857 1082 920 1133 μὲν
937 1083 1041 1122 αὐτὸν
1058 1084 1131 1130 Ζή-

81 1156 148 1179 νων
166 1139 379 1192 ἀποδέχεται
400 1138 461 1177 σὺν
488 1145 576 1178 πᾶσι
603 1143 675 1184 τοῖς
695 1139 889 1194 τέλεσιπρὸ
909 1142 1127 1189 πεντήκοντά

81 1215 149 1238 που
169 1199 319 1238 σταδίων
336 1201 399 1245 τῆς
412 1198 638 1246 Χαλκηδόνος
651 1215 659 1223 ·
678 1198 798 1238 ἔπειτα
812 1199 888 1252 [τὰ]
902 1202 940 1239 ἐκ
951 1204 1010 1239 τοῦ
1033 1201 1132 1240 Ἐπι-

81 1258 176 1297 νίκου
205 1257 375 1311 λεχθέντα
399 1257 636 1309 ἀπαγγείλας,
666 1257 727 1296 καὶ
759 1258 1048 1310 διαλογισάμενος
1067 1261 1130 1298 οὐκ

82 1315 234 1370 ἀσφαλὲς
253 1311 341 1355 εἶναι
362 1317 458 1369 αὐτῷ
474 1315 666 1354 ἐπιὸαίνειν
678 1319 720 1368 τῇ
733 1317 998 1356 Κωνσταντίνου
1011 1348 1021 1366 ,
1044 1318 1130 1364 ἐξαι-

80 1377 133 1414 τεῖ
147 1375 210 1422 τὴν
231 1374 403 1427 Βηρίναν·
421 1374 482 1413 καὶ
501 1373 619 1413 λαὸὼν
638 1374 747 1421 αὐτὴν
766 1375 864 1428 παρὰ
884 1379 944 1414 τοῦ
970 1376 1129 1423 Ζήνωνος

79 1435 231 1481 ἔκδοτον,
249 1435 492 1486 Ματρωνιανῷ
514 1433 740 1472 κατατίθεται
759 1437 808 1486 τῷ
837 1437 899 1481 τῆς
919 1437 1042 1473 ἑαυτοῦ
1064 1452 1129 1486 γα-

80 1496 186 1544 μετῆς
200 1493 359 1546 ἀδελφῷ·
377 1491 489 1535 ὃς-ἐπὶ
509 1491 572 1539 τὴν
592 1491 767 1544 Ἰσαυρίαν
789 1491 849 1531 σὺν
869 1492 995 1539 πλήθει
1010 1495 1130 1547 πολλῷ

78 1551 210 1599 ταύτην
231 1548 386 1603 ἀγαγὼν,
407 1551 443 1588 ἐν
458 1551 502 1601 τῇ
516 1549 608 1587 κατὰ
624 1549 767 1602 Ταρσὸν
781 1550 951 1603 ἐκκλησίᾳ
962 1555 1128 1604 καθιεροῖ,

80 1610 208 1650 ἐκεῖθέν
224 1625 263 1649 τε
282 1611 316 1653 ἐς
332 1607 554 1647 Δαλίσανδον
571 1607 743 1661 ἐφρούρει.

132 1683 164 1709 ³.
197 1668 269 1708 Καὶ
291 1670 309 1706 ὁ
329 1667 463 1711 Ἰλλοῦς
487 1665 564 1717 ἅμα
588 1666 725 1713 Ζήνωνι
758 1667 819 1705 καὶ
847 1670 890 1720 τῇ
910 1667 1064 1720 βασιλίδι
1098 1670 1130 1712 ἐς

79 1727 144 1776 τὴν
166 1726 433 1768 Κωνσταντίνου
460 1725 562 1765 πόλιν
593 1725 894 1778 παραγενόμενος,
928 1727 1129 1779 παραυτίκα

78 1803 128 1840 τῳ
147 1786 322 1839 Ἐπινίκῳ
341 1783 403 1833 τὴν
426 1784 572 1824 καθοδον
589 1784 816 1838 διεπράξατο,
839 1802 901 1832 της
920 1787 1129 1837 καταμηνύ-

80 1860 167 1890 σεως
185 1845 305 1898 χάριν.
326 1847 388 1898 Tm
405 1844 441 1883 δὲ
446 1844 694 1919 γΠαμπρεπίῳ
713 1843 752 1884 τὸ
771 1844 923 1884 λοιπὸν’
908 1861 941 1883 εν
958 1845 1056 1897 πάσῃ
1072 1848 1131 1886 εὐ-

81 1904 158 1958 ροία
175 1905 218 1945 τὰ
232 1903 425 1958 πράγματα
445 1897 502 1954 ην,
530 1904 712 1976 τιμηθέντι
727 1904 788 1943 καὶ
817 1905 858 1956 τῇ
879 1908 938 1944 τοῦ
953 1906 1130 1945 κοιαίστο-

81 1979 137 2016 ρος
157 1962 249 2016 ἀξία.
272 1963 432 2010 Συνεστη
459 1961 495 2000 δὲ
517 1962 578 2001 καὶ
599 1963 750 2014 πόλεμος
783 1964 946 2016 ἐμφύλιος
974 1980 1060 2016 προς
1079 1968 1128 2017 τῷ

78 2022 169 2059 τέλει
189 2025 250 2069 τῆς
262 2021 420 2069 Ζήνωνος
444 2021 612 2066 ὑπατείας
637 2021 731 2075 (479),
757 2022 823 2060 ὑπὸ
844 2025 1050 2075 Μαρκιανοῧ
1069 2005 1129 2061 m}

79 2079 282 2131 Προκοπίου
305 2082 374 2119 τῶν
406 2081 577 2133 ἀδελφῶν,
598 2080 656 2119 διὰ
679 2080 742 2128 τὴν
767 2080 940 2134 πρόφασιν
962 2081 1126 2133 Βηρίνης.

81 2138 152 2178 Καὶ
175 2140 306 2185 πλῆθος
326 2137 546 2190 ἀθροίσαντες
567 2139 755 2191 βαρὸάρων
791 2139 866 2189 ἅμα
898 2140 1039 2184 πολλοῖς
1059 2143 1126 2177 τῶν

79 2199 232 2236 πολιτῶν
254 2197 339 2250 πρὸς
360 2196 422 2243 τὴν
450 2198 647 2250 Καισαρίου
671 2197 860 2250 λεγομένην
888 2197 999 2236 οἰκίαν
1017 2213 1128 2251 στρα-

79 2256 341 2295 τοπεδεύουσιν·
365 2255 492 2294 ἐκεῖθέν
512 2272 550 2294 τε
566 2260 583 2295 6
601 2255 663 2308 μὲν
684 2259 718 2294 ἐν
735 2257 804 2300 τοῖς
829 2256 1017 2308 βασιλείοις
1036 2255 1127 2295 κατὰ

79 2320 139 2355 τοῦ
160 2316 319 2363 Ζήνωνος
341 2314 593 2364 ἐπανίσταται,
613 2318 631 2353 6
652 2315 688 2353 δὲ
705 2314 817 2367 ἔτερος
836 2315 928 2353 κατὰ
957 2315 1071 2354 Ἰλλοῧ
1089 2317 1123 2353 ἐν

79 2380 150 2419 τοῖς
162 2373 358 2426 λεγομένοις
372 2373 573 2427 Οὐαράνου.
595 2371 693 2426 Ἄρτι
717 2389 754 2412 τε
774 2377 835 2420 τῆς
849 2373 980 2426 ἡμέρας
998 2373 1126 2424 μεσού-

81 2450 144 2482 σης
159 2464 169 2482 ,
189 2450 250 2472 και
271 2449 339 2471 των
365 2433 553 2484 βασιλείων
579 2431 813 2484 ἠρεμούντων,
835 2431 1017 2485 ἐφίσταται
1036 2432 1126 2470 κατὰ

79 2491 143 2539 τὴν
163 2508 223 2531 του
240 2491 421 2544 Δέλφακος
441 2490 557 2538 στοὰν,
575 2492 610 2528 ἐν
630 2494 652 2542 ᾑ
664 2492 694 2528 οἱ
711 2489 876 2543 Δελφικοὶ
892 2490 1000 2534 κίονες
1021 2490 1127 2538 ἑστή-

79 2566 184 2597 κασι,
208 2550 366 2589 ποικίλου
383 2548 567 2601 χρώματος
586 2548 691 2592 ὄντες.
711 2548 783 2588 Καὶ
807 2548 1042 2598 συμπεσόντες
1060 2552 1128 2593 τοῖς

81 2611 258 2662 φρουροῖς,
276 2607 424 2651 πολλοὺς
453 2607 704 2659 διεχειρίσαντο
720 2609 788 2645 τῶν
814 2607 921 2654 ἔνδον,
943 2607 1003 2646 καὶ
1023 2609 1127 2646 αὐτοῦ

81 2668 116 2706 δὲ
138 2671 198 2706 τοῦ
220 2666 390 2719 βασιλέως
414 2665 611 2718 ἐκράτησαν
630 2665 684 2713 ἂν,
708 2667 736 2703 εἷ
760 2665 809 2716 μὴ
835 2665 957 2718 μικρὸν
976 2665 1128 2719 ἀποδρὰς

81 2725 243 2774 διεσώθη.
266 2725 494 2777 Συνεμάχουν
515 2724 550 2763 δὲ
574 2724 705 2768 τούτοις
728 2724 932 2769 Βουσαλὸός
953 2741 1003 2769 τις
1018 2725 1128 2777 ἡγού-

81 2800 182 2836 μενος
198 2787 449 2838 στρατιωτικοῦ
470 2782 660 2834 τάγματος,
675 2783 735 2821 καὶ
748 2782 905 2829 Νικήτας
916 2783 1003 2822 καὶὸ
1017 2786 1128 2838 Τρια·

82 2845 156 2898 ρίου
175 2843 397 2896 Θευδέριχος.
422 2842 492 2882 Καὶ
513 2845 531 2880 6
550 2844 610 2888 τῆς
629 2842 763 2886 πόλεως
787 2841 906 2892 ὅμιλος
922 2843 961 2880 ἐκ
977 2845 1044 2881 τῶν
1064 2845 1129 2882 δω-

83 2903 203 2954 μάτων
217 2902 273 2941 διὰ
290 2902 407 2949 πάσης
420 2902 504 2949 ὕλης
529 2900 653 2954 ἐχώρει
683 2900 774 2939 κατὰ
791 2904 858 2939 τῶν
876 2901 962 2954 ὑπὲρ
980 2905 1040 2940 τοῦ
1062 2905 1127 2954 βα-

724 2953 745 2962 ιυ
809 2962 830 2970 n·
867 2954 886 2962 ω

82 2961 204 3010 σιλέως
221 2959 496 3012 ἀγωνιζομένων.
508 2958 610 3012 Ἄχρι
629 2958 691 3011 μὲν
707 2963 764 2997 οὖν
781 2976 851 3012 φως
864 2963 918 3007 ἠν,
932 2961 962 2998 οἱ
978 2960 1057 3010 περὶ
1071 2960 1128 2999 τὸν

82 3092 122 3097 -
139 3073 158 3114 §
175 3078 203 3105 2.
226 3074 336 3115 ἄχρις
355 3073 398 3105 οὔ
429 3074 497 3104 κτλ.
509 3071 532 3113 ].
564 3054 817 3104 Dixissefauetor
844 3072 969 3104 videtur
991 3081 999 3103 :

2165 253 2241 286 619

1201 326 1405 377 Μαρκιανὸν
1426 325 1568 364 ἐνίκων·
1584 327 1840 377 ἐπιλαὸομένης
1865 330 1900 368 δὲ
1918 333 1978 378 τῆς
2000 333 2137 380 νυκτὸς,
2169 335 2240 375 Ἰλ-

1197 382 1276 427 λοῦς
1300 384 1358 421 διὰ
1377 384 1540 435 προνοίας
1567 384 1645 429 τους
1665 388 1703 424 ἐκ
1722 389 1782 433 τ’ἧς
1812 389 2031 435 Χαλκηδόνος
2065 391 2240 445 Ἰσαύρους

1198 443 1387 487 πωλιανοῖς
1403 443 1582 481 διεὸίῧασε
1599 443 1745 491 πλοίοις,
1766 448 1833 483 τῶν
1844 448 1951 486 ἐκεῖσε
1969 449 2239 503 διαπορθμευόιΐ·

1198 516 1266 538 των
1281 502 1348 539 ὑπὸ
1370 505 1431 540 τοῦ
1454 504 1660 554 Μαρκιανοῦ
1678 506 2078 556 προκαταλελημμένων,
2101 509 2160 547 ἅτε
2181 526 2240 548 και

1198 559 1315 612 κυρίου
1333 559 1427 604 ὄντος
1451 576 1510 598 του
1527 561 1638 599 ἐκεῖσε
1670 561 1819 610 λιμένος.
1847 563 1918 602 Καὶ
1937 568 1980 615 τῇ
2000 568 2163 620 ὑστεραία
2180 584 2240 607 του

1200 618 1371 669 βασιλέως
1395 619 1473 663 τους
1491 620 1526 657 ἐν
1546 619 1638 658 τέλει
1659 620 1792 664 πάντας
1809 623 2076 674 συναγαγόντος,
2091 626 2150 664 και
2171 628 2243 664 ἐπι-

1198 676 1340 729 σχόντος
1359 679 1393 716 ἐν
1409 694 1484 722 ταις
1500 678 1687 731 βασιλείοις
1707 681 1849 727 αὐλαῖς,
1866 674 1940 719 εἶτα
1957 683 2015 720 καὶ
2030 698 2240 736 στρατιωτι-

1197 735 1297 781 κὴν’
1282 735 1470 789 επαφέντος
1482 740 1607 790 χεῖρα,
1628 737 1792 789 τρέπεται
1809 738 1848 776 τὸ
1865 743 1923 777 τοῦ
1942 742 2147 793 Μαρκιανου
2175 744 2240 793 με’-

1198 808 1270 843 ρος,
1301 777 1367 832 καὶι
1382 794 1520 847 φεύγει,
1549 797 1689 834 πολλῶν
1718 796 1751 841 ἐξ
1772 796 1945 850 ἑκατέρων
1973 800 2237 851 ἀναιρεθέντων.

1197 852 1331 904 Ὀλίγο·.
1348 853 1384 892 δέ
1400 869 1488 898 τινες
1505 857 1573 893 τῶν
1590 855 1751 907 φυγάδων
1772 855 1832 894 καὶ
1844 856 1906 903 τὴν
1928 857 2077 897 Ἰλλοῦ’
2062 859 2240 913 επίμπρα-

1195 927 1260 950 σαν
1274 912 1401 953 οἰκίαν.

1251 984 1280 1008 4.
1325 970 1435 1022 Ομὲν
1457 976 1515 1010 οὖν
1526 971 1662 1020 Ζήνων,
1677 975 1737 1019 τῆς
1754 973 1921 1026 ἐμφυλίου
1938 978 2095 1027 ταραχῆς
2105 993 2241 1016 πεπαυ-

1197 1028 1302 1079 μένης
1314 1059 1323 1076 ,
1338 1031 1398 1068 τὸν
1417 1030 1624 1082 Μαρκιανὸν
1639 1033 1672 1070 ἐν
1688 1037 1756 1075 τοῖς
1778 1033 1976 1083 λεγομένοις
1995 1035 2241 1087 πρεσὸυτέροις

1195 1088 1420 1136 κατατάττει,
1438 1089 1498 1127 καὶ
1514 1092 1562 1133 εἷς
1572 1088 1634 1136 τὴν
1647 1091 1897 1129 Καππαδοκῶν
1911 1093 2126 1145 Καισάρειαν
2141 1095 2241 1133 ἐλαύ-

1195 1162 1256 1194 νει,
1273 1146 1333 1185 καὶ
1353 1147 1414 1194 τὴν
1432 1147 1552 1186 τούτου
1563 1154 1711 1198 γυναῖκα
1730 1149 1895 1188 Λεοντίαν
1909 1153 1942 1188 ἐν
1955 1156 2023 1194 τοῖς
2039 1152 2236 1203 λεγομένοις

1195 1205 1411 1256 Ἀκοιμήτοις
1442 1210 1615 1258 φυγοῦσαν
1641 1208 1923 1257 καταλιμπάνει,
1947 1208 2026 1254 τοὺς
2043 1209 2078 1248 δὲ
2098 1211 2238 1256 λοιποὺς

1194 1263 1278 1315 πρὸς
1291 1264 1504 1316 Θευδέριχον
1521 1265 1740 1338 ἀποδράντας
1759 1268 1958 1319 ἀφαιρεῖται
1975 1271 2043 1306 τῶν
2058 1271 2237 1322 ὑπαρχόν-

1194 1338 1277 1362 των.
1296 1322 1399 1361 Κατὰ
1419 1324 1454 1361 δὲ
1474 1323 1531 1362 τὸν
1556 1325 1659 1362 αὐτὸν
1680 1325 1798 1378 καιρὸν
1819 1341 1879 1363 και
1899 1325 1952 1363 6⁰
1932 1342 2044 1378 ετερος
2072 1329 2238 1381 Θευδερι-

1194 1396 1275 1433 χος,
1296 1384 1314 1419 6
1333 1381 1553 1434 Οὖαλίμερος
1584 1382 1641 1420 ἐπὶ
1660 1382 1723 1429 τὴν
1748 1383 1827 1421 νέαν
1846 1383 2016 1435 Ἤπειρον
2043 1387 2239 1438 ἐκδραμων,

1196 1437 1365 1490 ἐγκρατὴς
1389 1439 1521 1490 γίνεται
1544 1440 1674 1484 πόλεως
1694 1441 1906 1492 Δυρραχίου,
1927 1440 2084 1494 Ἴσαυροί
2102 1460 2139 1482 τε
2156 1445 2240 1483 Κιίμ

1198 1512 1301 1549 ρυκον
1317 1497 1378 1534 και
1396 1497 1584 1544 Σεὸαστὴν
1599 1514 1660 1544 της
1681 1500 1842 1544 Κιλικίας
1859 1495 1961 1538 εἶλον.
1980 1501 2052 1539 Και
2070 1504 2240 1554 Μαρκια-

1194 1555 1249 1598 νὸς
1262 1554 1298 1592 δὲ
1316 1553 1469 1607 ἀποδρὰς
1487 1555 1564 1598 τους
1580 1560 1812 1608 φρουροῦντας
1823 1587 1833 1604 ,
1851 1557 1911 1594 καὶ
1927 1557 1988 1595 συν
2006 1560 2126 1597 πολλῶ
2142 1560 2239 1607 πλή-

1195 1616 1245 1651 θει
1271 1615 1451 1665 γεωργικῶ
1486 1614 1639 1652 ἐπελθων
1668 1617 1711 1666 τῇ
1740 1614 1831 1652 κατὰ
1860 1617 1888 1653 l
1890 1616 2037 1654 αλατίαν
2063 1617 2239 1670 Ἀγκύρα,

1196 1671 1429 1723 ἀπεκρούσθη,
1440 1672 1661 1724 Τροκούνδου
1674 1672 2005 1724 προκαταλαὸόντος
2018 1674 2085 1725 [τὸ]
2098 1673 2241 1727 χωρίον,

1194 1730 1254 1768 καὶ
1274 1729 1330 1768 διὰ
1360 1732 1428 1768 τῶν
1447 1731 1552 1768 αὐτοῦ
1573 1730 1770 1783 δορυφόρων
1793 1732 2008 1782 κρατηθέντα
2030 1736 2148 1771 τοῦτον
2166 1733 2242 1785 ἅμα

1193 1788 1331 1840 γυναικὶ
1351 1788 1412 1827 καὶ
1428 1788 1550 1827 παισὶν
1570 1789 1616 1832 εἴς
1630 1805 1663 1826 τι
1683 1789 1842 1843 φρούριον
1859 1793 1928 1828 τῶν
1946 1791 1980 1828 ἐν
1999 1790 2158 1845 Ἰσαυρία
2173 1808 2241 1829 κα-

1192 1847 1412 1894 ταστῆσαι*.
1430 1846 1540 1887 ’Όθεν
1553 1850 1570 1886 6
1584 1848 1746 1900 βασιλευς
1763 1850 1814 1888 Θε
1801 1850 1974 1901 ευδέριχον
1991 1865 2050 1888 τον
2072 1851 2241 1903 Τριαρίου

1193 1905 1402 1959 παραλύσας
1423 1922 1485 1954 της
1497 1909 1627 1958 ἀρχῆς,
1648 1906 1871 1959 Τροκούνδην
1889 1907 2162 1959 προχειρίζεται,
2181 1908 2242 1946 καὶ

1195 1965 1321 2004 Ἀέτιον
1339 1968 1409 2004 τῶν
1426 1967 1460 2003 ἐν
1477 1965 1636 2017 Ἰσαυρίᾳ
1657 1967 1767 2003 τελῶν
1785 1965 1994 2017 προκαθίξει.
2010 1966 2053 2004 'E
2056 1982 2072 2003 ν
2087 1969 2115 2018 ᾡ
2126 1966 2241 2018 χρόνῳ

1195 2024 1414 2075 συνωμοσίαν
1448 2023 1677 2073 ποιησάμενοι
1703 2022 1881 2066 Ἔπίνικός
1909 2037 1946 2060 τε
1973 2022 2032 2060 καὶ
2063 2022 2240 2067 Διονύσιος

1194 2082 1351 2134 ὕπαρχος
1371 2085 1433 2129 τῆς
1453 2080 1600 2127 αὐλῆς
1580 2097 1642 2132 ων,
1658 2080 1719 2119 καὶ
1747 2081 1982 2132 Θραυστήλας
2002 2079 2238 2133 στρατηγικὴν

1195 2140 1378 2185 ἀξίωσιν”
1360 2156 1462 2192 εχων,
1485 2140 1655 2183 ἁλόντες
1642 2139 1709 2176 υπὸ
1736 2143 1795 2177 τοῦ
1824 2139 2002 2211 ssuotmks'oeq
2020 2139 2240 2190 ἐτιμωρήθηι-

1195 2215 1274 2238 σοιν.
1307 2199 1380 2238 Καὶ
1413 2201 1435 2244 ἡ
1455 2214 1523 2236 των
1543 2198 1765 2250 Θευδερίχων
1795 2196 1937 2247 συζυγία
1958 2200 2051 2240 αὖθις
2069 2197 2113 2235 τὰ
2143 2197 2238 2236 Ῥω-

1195 2257 1308 2308 μαίων
1329 2257 1516 2308 ἐτάραττε,
1531 2257 1590 2294 καὶ
1607 2256 1668 2300 τὰς
1686 2271 1765 2308 περι
1787 2255 1848 2302 τὴν
1865 2255 2013 2308 Θράκην
2029 2256 2145 2299 πόλεις
2165 2255 2235 2300 ἐξε-

1191 2317 1328 2369 πόρθει,
1347 2318 1394 2360 ὡς
1409 2315 1736 2367 ἀναγκασθῆναιτὸν
1755 2314 1901 2361 Ζήνωνα
1915 2314 1991 2353 τότε
2012 2318 2147 2367 πρῶτον
2160 2314 2238 2359 τοὺς

1194 2375 1429 2426 καλουμένους
1445 2374 1666 2427 Βουλγάρους
1680 2376 1726 2417 εἷς
1744 2374 1951 2426 συμμαχίαν
1962 2374 2233 2426 προτρέψασθαι.

1245 2448 1276 2473 5.
1309 2433 1457 2480 Ἐπειδὴ
1472 2433 1507 2471 δὲ
1521 2432 1731 2486 Θευδέριχος
1744 2435 1761 2470 6
1776 2432 1943 2485 Τριαρίου
1959 2432 2134 2485 ἐπιτυχὼν
2152 2432 2236 2484 πρὸς

1193 2492 1271 2537 τοὺς
1290 2492 1423 2537 Οὔνους
1439 2491 1565 2545 ἔπραξε
1584 2491 1729 2544 πολέμῳ
1741 2523 1750 2539 ,
1776 2491 1836 2529 καὶ
1855 2493 1908 2530 ἐπ’
1930 2491 2037 2538 αὐτὴν
2057 2493 2119 2538 τὴν
2135 2493 2238 2532 Κων-

1191 2551 1371 2590 σταντίνου
1388 2552 1487 2590 πόλιν
1501 2550 1683 2602 ὥρμησεν·
1701 2550 1761 2589 καὶ
1781 2550 1909 2597 ταύτην
1929 2550 2053 2602 ῥᾳδίως
2078 2549 2119 2588 ἂν
2144 2551 2235 2597 ἐπη-

1194 2610 1319 2661 γάγετο
1330 2641 1339 2658 ,
1354 2612 1382 2648 εἷ
1407 2609 1455 2660 μὴ
1471 2613 1489 2648 6
1507 2609 1640 2653 Ἰλλοῧς
1656 2609 1935 2660 προκαταλαὸὼν
1949 2608 2011 2652 τὰς
2025 2609 2136 2652 πύλας
2153 2608 2234 2662 ἐφύ-

1192 2670 1334 2707 λαττεν·
1366 2668 1494 2708 ἐκεῖθέν
1517 2684 1555 2707 τε
1585 2668 1641 2707 ἐπὶ
1665 2667 1725 2712 τὰς
1744 2669 1932 2718 λεγομένας
1953 2667 2068 2711 Συκὰς
2092 2669 2235 2720 διαδρα-

1193 2727 1283 2778 μὼν,
1309 2722 1403 2771 αὖθις
1427 2731 1488 2774 τῆς
1516 2726 1744 2780 ἐγχειρήσεως
1765 2727 1938 2778 ἥμαρτεν·
1963 2730 2008 2771 ὡς
2035 2727 2154 2765 λοιπὸν
2175 2726 2234 2764 ἐπὶ

1191 2785 1249 2824 τὸν
1268 2786 1363 2839 Πρὸς
1382 2785 1540 2830 Ἑστίαις
1554 2785 1658 2824 τόπον
1676 2785 1784 2823 καὶτὸ
1799 2784 2011 2835 καλούμενον
2041 2785 2234 2826 Λωσθένιον

1192 2846 1348 2891 διελθεῖν,
1380 2844 1440 2883 καὶ
1471 2843 1815 2896 διαπορθμεύσασθαι
1853 2843 1944 2881 κατὰ
1975 2843 2038 2890 τὴν
2070 2843 2233 2883 Βιθυνίαν

1192 2904 1371 2955 ἐγχειρεῖν.
1389 2902 1494 2942 Ἀλλὰ
1513 2902 1571 2941 καὶ
1589 2901 1680 2940 κατὰ
1702 2901 1903 2954 ναυμαχίαν
1920 2902 2079 2950 ἡττηθεὶς
2092 2932 2102 2952 ,
2123 2901 2235 2955 ᾤχετο

1192 2961 1277 3014 πρὸς
1295 2960 1358 3008 τὴν
1375 2960 1519 3013 Θρᾴκην
1532 2976 1540 2984 ·
1563 2962 1690 2998 ἐκεῖθέν
1707 2976 1744 2998 τε
1765 2960 1821 2998 ἐπὶ
1847 2960 1910 3007 τὴν
1936 2960 2095 2999 Ἑλλάδα
2121 2962 2232 3013 ἀφορ-

2238 3049 2256 3064 f

1026 3085 1041 3100 «
1071 3073 1147 3104 {llus
1176 3073 1217 3103 ab
1239 3072 1369 3112 Epinico
1396 3072 1436 3103 de
1464 3072 1592 3104 verinae
1621 3072 1742 3104 insidiis
1764 3072 1916 3113 edoctus,
1943 3082 2009 3104 rein
2036 3071 2234 3104 dissimilavit

80 3129 184 3161 usque
200 3120 239 3152 ad
254 3120 332 3151 illud
361 3121 490 3160 tempus
504 3128 569 3159 quo
587 3115 713 3157 Zenon,
733 3121 803 3159 post
820 3120 914 3150 terrae
933 3121 1055 3151 motum
1074 3119 1348 3158 Constantinopoli
1365 3118 1603 3150 Chalcedonem
1622 3119 1796 3157 profectus,
1813 3128 1886 3150 eum
1905 3118 2076 3150 revocavit.
2096 3131 2111 3145 n
2128 3120 2234 3149 Terrae

80 3170 188 3199 motus
201 3176 220 3199 a
236 3167 431 3207 Theophane
447 3175 478 3206 p.
497 3169 554 3198 198
569 3189 577 3204 ,
595 3170 607 3196 1
622 3166 799 3205 assignatur
812 3165 844 3196 d.
862 3170 901 3197 25
915 3167 1003 3205 Sept.
1018 3165 1093 3196 anni
1107 3165 1161 3205 qui
1179 3165 1317 3196 reditum
1341 3165 1476 3197 Zenonis
1497 3165 1689 3198 subsecutus
1705 3167 1771 3205 est,
1789 3166 1810 3197 i.
1828 3175 1856 3197 e.
1874 3166 1947 3197 anni
1969 3169 2028 3198 478
2055 3165 2119 3204 (ef.
2139 3165 2232 3196 Tille-

82 3215 184 3245 mont.
201 3221 231 3253 p.
249 3215 321 3244 491.
349 3212 441 3251 509).
456 3231 498 3238 —
522 3210 790 3252 Δαλίσανδον]
813 3211 915 3250 HuJus
931 3212 992 3242 loci
1009 3212 1104 3242 etiam
1129 3210 1242 3250 Capito
1260 3211 1293 3242 in
1319 3211 1401 3242 libro
1423 3213 1526 3251 primo
1549 3211 1759 3243 isauricorum
1783 3213 1976 3244 mentionem
2000 3212 2084 3243 facit.
2106 3212 2233 3242 Postea-

81 3268 180 3300 quam
198 3259 378 3290 Marcianus
403 3258 529 3290 rebellis
546 3258 579 3288 in
602 3258 765 3297 Papirium
790 3258 957 3289 castellum
979 3258 1120 3288 inclusus
1147 3258 1248 3297 esset,
1268 3257 1378 3289 eodem
1399 3259 1496 3289 etiam
1513 3258 1630 3290 Vei-ina
1648 3259 1787 3291 abducta
1803 3263 1867 3298 est,
1884 3261 1965 3290 testo
1982 3257 2149 3289 Theodoro
2172 3259 2232 3288 Le-

81 3309 171 3338 ctor-e
193 3315 224 3346 p.
245 3309 323 3345 557,
340 3305 409 3338 aliis
427 3306 480 3344 (V.
499 3305 682 3337 Tillemont.
708 3314 739 3345 p.
768 3306 861 3345 509).
881 3321 919 3327 —
939 3305 958 3345 §
975 3308 1003 3337 4.
1032 3302 1299 3344 Καισάρειαν]
1326 3304 1371 3335 sic
1395 3305 1491 3336 etiam
1509 3306 1654 3337 Eustath.
1668 3306 1783 3346 Epiph.
1801 3307 1838 3338 fr.
1860 3310 1889 3345 3,
1908 3315 1937 3347 p.
1959 3308 2025 3337 140.
2047 3303 2233 3336 Theodorus

81 3354 196 3386 Lector
214 3353 246 3382 et
264 3351 472 3390 Theophanes
488 3359 545 3390 pro
562 3352 705 3382 caesarea
721 3351 883 3391 Papirium
900 3352 1066 3382 castellum
1086 3351 1264 3382 memorant
1275 3375 1283 3389 ,
1301 3352 1347 3382 uti
1361 3351 1439 3383 dixi.
1456 3372 1497 3379 —-
1513 3353 1529 3383 ὁ
1546 3353 1644 3393 ἕτερος
1662 3353 1865 3394 Θευδέριχος]
1880 3355 1896 3384 ὁ
1913 3355 1938 3384 ἑ.
1957 3352 2138 3391 θεοδώριχος
2157 3351 2227 3382 cod.

81 3401 131 3432 Cf.
151 3398 265 3431 Malchi
280 3398 318 3428 fr.
338 3400 368 3428 8.
383 3398 466 3428 Cum
480 3397 518 3427 iis
537 3405 609 3436 quae
623 3396 772 3436 deinceps
785 3397 824 3428 de
842 3397 1003 3428 Marciano
1019 3399 1190 3428 narrantur
1203 3399 1243 3428 cs.
1260 3397 1394 3429 Candidi
1417 3399 1527 3439 fragm.
1543 3418 1583 3424 —
1598 3400 1864 3440 καταστῆσαι]
1883 3401 1938 3439 leg.
1958 3398 2229 3435 καταστήσαντος,

82 3447 141 3480 nisi
157 3445 274 3486 aliquid
297 3444 426 3476 excidit.
453 3462 490 3466 ——
510 3447 581 3475 τῶν
599 3444 866 3485 Θευδερίχων]
892 3454 918 3475 τ.
948 3444 1140 3484 Θεοδωρίχων
1167 3444 1237 3475 cod.
1263 3444 1381 3476 Eadem
1398 3446 1555 3486 scriptura
1580 3446 1611 3477 in
1636 3455 1720 3486 seqq.
1741 3445 1832 3478 redit.
