2326 3724
129 263 202 296 230

120 343 276 394 ἁσμένως
288 372 299 394 ,
314 342 392 387 τοὺς
410 342 446 382 δὲ
466 343 508 391 δὴ
525 342 689 396 πρέσὸεις
704 345 771 381 τῶν
786 342 953 396 Τούρκων
966 342 1097 396 ἔφασκε
1115 341 1164 394 μὴ

121 402 283 455 πρότερον
297 418 360 449 της
379 405 425 447 ὡς
445 402 548 442 αὐτὸν
566 403 701 441 εἰσόδου
719 407 853 454 τυχεῖν,
873 401 896 449 ἢ
912 401 1166 453 καταθεμενους

119 460 162 500 ‘tit
181 459 287 500 δ’πλα.
346 462 536 515 Τοιγάρτοι
555 462 614 500 καὶ
641 461 774 512 ἅμιλλα
796 461 914 505 αὐτοῖς
929 460 1065 511 ἐγένετο
1084 476 1165 513 περι

116 519 241 560 τούτου
261 520 320 559 ἐπὶ
337 521 473 574 ἡμέρας
487 524 598 574 τρεῖς,
614 520 674 560 καὶ
697 514 936 572 Ζημαρχος
913 536 973 567 ην
975 522 1044 558 τῶν
1065 521 1165 573 τριλο-

118 579 349 629 νεικουμένων
367 579 559 627 διαιτητής.
617 579 729 621 Τέλος
745 578 953 626 ἀποθέμενοι
969 577 1014 615 τὰ
1029 576 1121 616 ὅπλα
1135 580 1166 617 οἱ

124 639 292 688 Τοῦρκοι,
311 640 358 681 ὡς
379 637 552 690 Σαρωδίῳ
571 636 705 685 ἐδόκει,
728 638 774 680 ὡς
795 636 898 674 αὐτὸν
920 636 1163 689 ἐσεφοίτησαν.

120 694 166 734 ‘O
191 695 226 734 δὲ
244 695 285 742 δὴ
308 695 487 749 Σαρώδιος
507 693 769 747 παρενεγγύησε
785 699 855 738 τοῖς
874 694 953 747 περὶ
973 695 1167 748 Ζήμαρχον

121 753 176 792 διὰ
197 757 259 801 τ’ῆς
283 757 351 793 τῶν
372 755 617 804 Μινδιμιανῶν
649 755 809 806 ἀτραποῦ
830 752 960 800 ἥκιστα
986 752 1091 801 ἰέναι,
1118 756 1167 806 τῷ

120 813 212 851 κατὰ
228 813 291 860 τὴν
306 813 480 853 Σουανίαν
495 812 573 856 τοὺς
588 812 730 866 Πέρσας
743 811 930 864 ἐνεδρεύειν
941 827 949 836 ·
967 811 1109 863 ἄμεινον
1128 812 1164 851 δὲ

120 866 208 911 εἶναι
228 872 283 911 διὰ
304 875 366 919 τῆς
381 872 574 924 λεγομένης
601 874 772 924 Δαρεινῆς
791 874 947 924 ἀτραποῦ
973 871 1061 910 οἴκοι
1078 873 1165 909 ἀπο-

119 937 263 985 χωρεῖν.
320 934 446 971 Ταῧτα
468 931 542 970 ἐπεὶ
559 930 647 981 ἔγνω
661 933 678 968 6
694 930 906 983 Ζήμαρχος,
926 929 982 968 διὰ
1002 933 1063 977 τῆς
1077 933 1167 969 Μιν-

121 992 281 1041 διμιανῆς
301 990 452 1029 ἔστειλεν
483 989 695 1043 ἀχθοφόρους
719 990 802 1027 δέκα
823 988 976 1039 μέταξαν
1002 990 1165 1042 ἐπιφερο-

122 1048 268 1100 μένους,
288 1048 535 1097 ᾆπατήσοντας
550 1048 690 1101 Πέρσας
709 1050 759 1101 τῷ
777 1050 1091 1101 προεκπεμφθῆναι
1105 1048 1168 1095 τὴν

123 1107 275 1158 μέταξαν
296 1107 356 1146 καὶ
376 1110 590 1181 προτερῆσαι
612 1110 655 1160 τῇ
675 1107 744 1159 ὁδῷ
757 1137 767 1156 ,
786 1108 824 1144 ἐκ
844 1106 966 1145 τούτου
986 1122 1023 1144 τε
1043 1109 1169 1146 ὑποτο-

120 1170 234 1214 πῆσαι
254 1169 300 1211 ὡς
318 1169 351 1211 ἐς
379 1168 419 1205 τὸ
440 1167 557 1219 αὔριον
582 1165 758 1218 παρέσται
784 1181 843 1203 και
865 1165 1070 1219 Ζήμαρχος.
1097 1166 1169 1207 Καὶ

123 1228 154 1264 οἳ
171 1226 233 1277 μὲν
256 1226 443 1279 ἀχθοφόροι
459 1225 594 1279 ὤχοντο
613 1227 771 1269 ἀπιόντες
785 1255 795 1275 ,
812 1228 828 1263 ὁ
846 1226 1038 1278 Ζήμαρχος
1062 1226 1097 1264 δὲ
1113 1226 1169 1264 διὰ

110 1288 183 1335 ἱτ’ἧς
202 1288 371 1338 Δαρεινῆς
395 1285 606 1338 παρεγένετο
634 1285 668 1328 ἐς
689 1283 859 1337 Ἀγιλίαν,
879 1300 922 1335 τῃ
949 1285 1167 1336 Μινδιμιανῃ

121 1342 257 1396 χαίρειν
274 1343 397 1390 εἰπὼν,
422 1345 454 1387 ἔς
480 1343 525 1381 τὰ
544 1342 706 1393 εὐώνυμά
726 1358 764 1380 τε
783 1342 888 1386 ἐάσας
909 1342 1030 1394 αὐτὴν,
1050 1338 1071 1394 ’ᾖ
1093 1343 1168 1381 ἐπί-

123 1401 213 1446 δοξοι
243 1407 332 1450 ἦσαν
362 1401 588 1446 ἐπιθήσεσθαι
607 1404 638 1440 οἱ
664 1401 814 1471 Πέρσαι.
872 1402 944 1441 Καὶ
964 1397 1046 1449 ἧκεν
1071 1404 1103 1445 ἐς
1131 1401 1169 1440 τὸ

126 1461 364 1514 Ῥογατόριον,
394 1454 514 1512 (εἶτα)
547 1459 640 1498 κατὰ
674 1460 716 1507 δὴ
747 1461 804 1499 τὸν
835 1461 997 1506 Εὔξεινον
1024 1461 1171 1509 Πόντον,

123 1524 197 1558 εἶτα
219 1521 379 1560 ναυτιλια
397 1520 621 1574 χρησάμενος
641 1521 673 1563 ἐς
690 1522 809 1559 Φᾶσιν
825 1520 1002 1571 ποταμόν·
1016 1521 1154 1558 πάλιν’
1140 1536 1172 1564 ες

122 1581 389 1631 Τραπεζοῦντα·
419 1577 509 1616 ουτω
539 1593 577 1616 τε
607 1577 764 1630 δημοσίω
788 1577 887 1630 ι’ππῳ
919 1579 952 1622 ἐς
983 1578 1171 1623 Βυζάντιον

121 1638 242 1707 παρὰ..
250 1638 397 1691 βασιλεα
423 1636 586 1676 εἰσελθὼν
617 1636 748 1690 ἔφρασε
777 1637 816 1675 τὸ
841 1643 924 1677 πᾶν.
985 1637 1172 1690 Ζημάρχω

123 1697 186 1746 μὲν
203 1701 261 1736 οὖν
279 1699 313 1735 ἐν
335 1699 483 1736 τοιοῖσδε
501 1694 620 1742 ἔληξεν
642 1699 663 1742 ἦ
682 1695 808 1749 πορεία
826 1711 886 1734 και
903 1695 1099 1748 ἀποπορεία
1115 1696 1172 1734 ἐπὶ

121 1755 310 1809 Τούρκους.

614 1826 677 1862 23.

175 1904 324 1940 Ibidem
340 1917 380 1953 p.
404 1917 418 1939 1
432 1915 476 1939 10
495 1914 503 1940 ζ
519 1900 606 1941 ‘'Ott
623 1900 782 1953 Ἀὅάρων
802 1900 863 1938 καὶ
876 1900 1056 1952 ψράγκων
1071 1916 1171 1939 σπει-

123 1960 285 2012 σαμένων
302 1963 388 2014 πρὸς
407 1960 599 2011 ἀλλήλους,
620 1959 680 1997 καὶ
697 1962 758 2006 τῆς
778 1958 913 2011 εἰρήνης
937 1959 1172 2010 ἐμπεδώτατα

122 2019 292 2071 ἐχούσης,
309 2019 482 2070 ἐσήμηνεν
519 2021 536 2056 ὁ
567 2018 718 2062 Βαῖανὸς
760 2018 982 2071 Σιγισὸέρτῳ
1019 2020 1069 2070 τῷ
1102 2020 1172 2056 τῶν

122 2078 305 2130 Φράγκων
320 2077 467 2129 ἡγεμόνι
481 2071 537 2116 οἷα
551 2078 645 2130 λιμῷ
660 2077 863 2128 πιεζομένης
880 2079 975 2130 αὐτῷ
989 2079 1049 2124 τῆς
1063 2091 1169 2130 στρα-

121 2143 217 2185 τιᾶς,
237 2137 297 2176 καὶ
317 2140 363 2182 ὡς
382 2138 495 2190 χρεὼν
517 2135 570 2184 εἴη
590 2138 738 2189 βασιλέα
759 2139 984 2184 καθεστῶτα,
1007 2135 1067 2175 καὶ
1082 2138 1172 2189 πρός

121 2245 187 2284 pit,
204 2243 259 2275 sed
270 2245 451 2275 Ture-orum
462 2242 584 2283 legatos
597 2243 684 2283 prius
696 2267 705 2282 ‚
722 2251 820 2282 quarn
834 2251 922 2273 arma
933 2241 1171 2282 deposuissent,

121 2299 155 2329 in
179 2297 504 2339 suumnconspecturn
527 2295 637 2327 venire
658 2295 775 2327 noluit.
801 2295 944 2327 Maximo
972 2295 1070 2335 igitur
1091 2294 1174 2327 iuter

121 2351 208 2387 ipsos
221 2357 316 2389 super
330 2349 389 2380 hac
400 2357 433 2379 re
443 2350 514 2380 orto
524 2349 556 2380 et
567 2347 755 2380 continuato
770 2357 824 2388 per
836 2350 900 2380 tres
909 2347 976 2380 dies
986 2348 1172 2388 certamine,

121 2400 345 2434 dissidentium
373 2399 493 2432 arbiter
509 2400 570 2432 suit
595 2400 803 2431 Zemarchus.
819 2399 962 2432 Tandem
973 2423 982 2439 ,
997 2400 1094 2432 armis
1116 2399 1172 2431 de·

123 2454 243 2494 positis,
264 2454 300 2485 ut
320 2452 452 2485 Sarodio
469 2453 650 2493 placuerat,
677 2462 750 2485 eum
769 2453 928 2485 adierunt.
949 2453 1102 2485 Sarodius
1114 2462 1173 2484 au-

121 2511 188 2540 tem
205 2506 330 2538 monuit
348 2506 579 2545 zetum-chuni,
599 2515 640 2538 nc
659 2515 714 2546 per
738 2506 964 2538 Mindimianos
980 2507 990 2547 (
1007 2508 1171 2539 Misimia-

123 2568 182 2591 uos
202 2567 265 2591 sec.
282 2558 397 2599 Agath.
413 2557 495 2598 )iter
513 2558 649 2597 faceret,
667 2559 835 2599 propterea
850 2558 936 2598 quod
967 2561 1071 2590 Persae
1090 2558 1173 2589 circa

123 2613 274 2644 suaniam
290 2611 323 2643 in
336 2610 457 2643 insidiis
469 2611 575 2643 essent
594 2623 601 2642 :
620 2611 798 2643 consultius
813 2611 930 2642 faceret
941 2636 950 2651 ‚
968 2612 1066 2651 siper
1078 2611 1172 2644 Dari-

122 2674 185 2697 nen
200 2666 270 2696 iret.
286 2664 342 2696 His
354 2662 504 2703 cognitis,
520 2663 714 2694 Zemarclius
728 2672 784 2703 per
803 2663 1045 2695 lvlindimianam
1062 2663 1172 2694 decern

123 2725 223 2758 equos
239 2715 343 2756 misit,
367 2715 468 2747 serico
481 2715 630 2754 onustos,
647 2715 702 2755 qui
717 2716 827 2746 Persas
840 2715 1004 2753 fallerent,
1018 2715 1107 2755 quasi
1122 2724 1171 2746 se-

123 2771 227 2800 ricum
242 2765 443 2808 praemissum
458 2767 558 2805 esset,
574 2767 606 2798 et
617 2765 675 2806 ipsi
689 2766 852 2806 praeirent,
867 2765 952 2798 unde
969 2766 1173 2805 conjicerent,

125 2819 336 2852 Zemarclium
350 2818 490 2850 crastino
509 2817 560 2850 die
576 2819 774 2850 secuturum.
794 2820 834 2850 Et
851 2818 882 2849 hi
894 2817 1022 2858 quidem
1040 2817 1173 2858 profecti

123 2873 212 2904 sunt.
225 2870 422 2903 zemarchus
432 2878 507 2902 vero
516 2878 570 2910 per
584 2870 723 2901 Darinen
737 2869 770 2901 iu
779 2869 926 2910 Apsiliam
941 2869 1042 2908 venit,
1056 2869 1173 2901 Mindi-

124 2925 232 2954 miana
250 2922 291 2954 ad
306 2922 421 2953 laevam
438 2921 548 2952 relicta
562 2922 572 2960 (
584 2921 642 2952 hac
656 2921 740 2953 enim
755 2923 844 2961 parte
862 2921 999 2961 suspicio
1014 2923 1083 2952 erat
1103 2922 1173 2952 Per-

125 2984 174 3006 sas
189 2973 319 3005 insidias
334 2973 497 3014 struere),
515 2974 548 3004 et
571 2973 780 3013 Rogatorium
800 2973 953 3013 accessit,
973 2972 1013 3004 ad
1029 2973 1171 3004 Pontum

126 3026 288 3058 Euxinum
298 3048 308 3064 ,
322 3024 436 3056 deinde
453 3024 591 3056 navibus
607 3034 683 3056 usus
696 3033 799 3064 usque
814 3025 854 3056 ad
869 3025 997 3064 Phasin,
1011 3025 1082 3056 turn
1095 3026 1172 3056 Tra-

125 3078 296 3118 pezuntem
311 3077 468 3116 pervenit,
484 3076 568 3108 unde
581 3085 664 3116 equo
675 3076 803 3117 publico
817 3077 1004 3117 Byzantium
1018 3076 1057 3107 ad
1071 3076 1172 3116 impe-

125 3131 265 3160 ratorem
291 3128 433 3168 delatus,
448 3128 493 3159 illi
515 3128 621 3159 omnia
645 3129 798 3160 narravit.
824 3130 883 3160 llic
905 3129 999 3169 igitur
1019 3128 1173 3168 profectio

125 3183 157 3212 et
171 3179 291 3212 reditus
307 3179 473 3211 zemarchi
487 3179 581 3211 linem
596 3180 730 3220 accepit.

656 3236 713 3267 23.

169 3291 278 3326 Quum
294 3291 412 3320 Avares
422 3289 454 3320 et
467 3289 579 3319 Franci
592 3289 709 3320 foedera
721 3289 859 3320 invicem
873 3290 1051 3322 sanxissent
1064 3291 1096 3322 et
1112 3298 1171 3330 pax

128 3343 221 3374 firma
237 3342 319 3373 inter
346 3350 400 3373 eos
412 3342 512 3380 esset,
541 3341 696 3379 Baianus,
720 3346 860 3374 Avarum
878 3343 963 3382 dux,
987 3344 1174 3384 significavit

130 3393 301 3434 sigisberto
314 3417 323 3432 ,
342 3395 541 3425 Francorum
562 3392 634 3424 duci
646 3417 654 3433 ,
678 3402 772 3425 suurn
788 3395 963 3426 exercitum
977 3397 1176 3427 commeatus

130 3447 235 3487 inopia
259 3446 403 3478 laborare
422 3458 429 3478 :
445 3446 556 3479 decere
574 3455 647 3478 eum
659 3471 667 3487 ,
689 3448 743 3487 qui
762 3456 817 3480 rex
841 3450 921 3479 esset
935 3450 966 3480 et
983 3448 1065 3480 inter
1081 3457 1173 3488 suos,

875 255 1054 295 MENAN
1063 255 1150 295 DRI
1182 255 1532 295 PROTECTORIS

1227 360 1268 396 γε
1303 343 1517 398 αὐτόχθονα,
1557 343 1606 395 μὴ
1642 345 1806 397 περιιδεῖν
1843 344 2044 396 στράτευμα
2073 343 2270 382 ἔνσπονδον.

1227 400 1392 456 Ἔφασκε
1407 402 1443 441 δὲ
1453 434 1464 451 ,
1481 405 1528 447 ὡς
1540 432 1550 451 ,
1569 402 1639 455 εἴγε
1654 401 1840 456 ἕπιρρώσει
1859 405 1926 440 τῶν
1942 401 2100 455 Ἀὅάρων
2115 401 2154 440 τὸ
2168 401 2275 455 στρά-

1233 476 1346 511 τευμα
1362 466 1432 506 τοῖς
1446 461 1649 512 ἀναγκαίοις
1661 492 1671 512 ,
1691 463 1730 500 οὐ
1749 460 1855 500 πλέον
1869 459 1892 508 ἢ
1910 463 2001 511 τρεῖς
2019 460 2152 512 ἡμέρας
2169 462 2274 499 αὐτοῦ

1229 519 1465 573 ἐνδιατρίψει,
1511 515 1586 559 εἶτα
1622 520 1930 572 ἀπαλλαγήσεται.
1988 522 2113 559 Ταῦτα
2154 517 2275 566 ἐπειδὴ

1230 579 1430 630 ἀπήγγελτο
1444 581 1494 631 τῷ
1509 579 1731 633 Σιγισὸέρτῳ
1743 609 1752 626 ,
1770 582 1994 632 παραχρῆμα
2007 578 2026 616 6¹
2037 594 2076 629 γε
2095 577 2225 632 ἄλευρά
2238 593 2276 616 τε

1232 637 1364 676 ἔστειλε
1382 641 1453 682 τοῖς
1471 637 1631 691 Ἀὅάροις
1649 638 1709 677 καὶ
1727 637 1856 690 ὄσπρια
1876 637 1937 677 καὶ
1951 638 2001 682 ὄϊς
2017 637 2076 676 καὶ
2097 636 2195 690 βόας.

1281 700 1339 735 De
1355 698 1497 735 foedere
1518 700 1755 736 Francorum
1778 699 2024 748 Avarumque
2047 711 2087 734 v.
2113 698 2274 748 Gregor.

1229 758 1320 793 Tur.
1342 758 1413 803 IV,
1436 757 1500 793 23.

1719 831 1784 870 24.

1284 903 1383 939 Ibid.
1406 915 1414 938 :
1432 898 1519 940 “Otr
1533 900 1708 945 Ἀλὸούιος
1725 903 1744 940 6
1756 903 1823 940 τῶν
1839 899 2280 953 Λογγιὸάρδωνλμόναρχος

1232 960 1242 1009 (
1256 960 1294 998 οὗ
1309 959 1376 1012 γὰρ
1394 961 1489 1013 αὐτῷ
1509 958 1684 1011 ἀπέληγεν
1701 963 1722 1008 ἡ
1741 959 1826 1013 πρὸς
1842 959 2078 1010 Κονιμοῢνδον
2092 958 2277 1012 ἀπέχθεια,

1231 1019 1308 1056 ἀλλ’
1318 1020 1356 1056 ἐκ
1367 1018 1494 1063 παντὸς
1505 1018 1632 1071 τρόπου
1643 1018 1731 1072 ᾤετο
1742 1020 1810 1057 δεῖν
1821 1017 2202 1071 καταστρέψασθαιτὴν
2209 1022 2279 1058 τῶν

1232 1077 1423 1123 Γηπαίδων
1448 1077 1688 1131 ἐπικράτειαν)
1711 1078 1821 1130 ταύτῃ
1841 1093 1894 1116 τοι
1910 1076 2071 1129 πρέσὸεις
2084 1075 2276 1131 ἐξέπεμψεν

1231 1138 1278 1179 ὡς
1293 1135 1351 1174 τὸν
1370 1136 1539 1188 Βαῖανὸν,
1558 1137 1592 1180 ἐς
1609 1136 1805 1188 ὁμαιχμίαν
1823 1136 2056 1188 παρακαλῶν.
2074 1136 2281 1187 Παραγενο-

1233 1194 1345 1245 μένων
1366 1194 1402 1233 δὲ
1421 1198 1490 1234 τῶν
1509 1195 1704 1248 πρέσὸεων,
1717 1194 1919 1243 ἠντιὸόλουν
1936 1194 1985 1246 μὴ
2007 1195 2175 1247 περιιδεῖν
2190 1201 2280 1248 σφᾶς

1233 1253 1299 1292 ὑπὸ
1319 1254 1509 1301 Γηπαίδων
1526 1254 1571 1293 τὰ
1593 1253 1769 1300 ἀνήκεστα
1788 1253 2020 1301 πεπονθότας,
2042 1252 2198 1303 μάλιστα
2216 1252 2277 1292 καὶ

1232 1312 1419 1363 Ῥωμαίων
1437 1315 1505 1351 τῶν
1524 1314 1612 1366 ἄγαν
1633 1312 1802 1365 ἐχθίστων
1820 1313 1854 1352 'A
1862 1311 1981 1364 ὃάροις
1998 1310 2280 1364 συμμαχούντων

1234 1372 1304 1416 τοῖς
1329 1372 1520 1419 Γήπαισιν.
1577 1372 1786 1413 Ἐδίδασκον
1807 1371 1862 1420 δὲ,
1881 1373 1927 1415 ὡς
1944 1371 1982 1410 οὐ
2009 1369 2102 1409 κατὰ
2119 1373 2281 1409 τοσοῦτον

1231 1431 1317 1484 πρὸς
1354 1434 1383 1471 Γ
1385 1431 1537 1478 ήπαιδας
1571 1431 1629 1470 τὸν
1669 1433 1823 1482 πόλεμον
1859 1429 2099 1484 ἀναρρίψωσι,
2134 1429 2281 1469 καθόσον

1234 1490 1415 1543 Ἰουστίνῳ
1437 1490 1683 1543 μαχήσονται,
1706 1491 1844 1542 βασιλεῖ
1863 1491 1912 1543 τῷ
1928 1492 1995 1528 τῶν
2020 1488 2177 1541 Ἀὅᾶρων
2192 1488 2282 1527 ἔθνει

1234 1549 1267 1592 ἐς
1285 1548 1330 1587 τὰ
1351 1551 1506 1599 μάλιστα
1525 1548 1794 1602 δυσμενεστάτῳ
1810 1564 1849 1599 γε
1863 1547 1954 1595 ὄντι,
1977 1547 2012 1591 ὃς
2028 1547 2282 1599 παρωσάμενος

1232 1607 1294 1652 τὰς
1310 1608 1556 1647 Ἰουστινιανοῦ
1572 1612 1632 1646 τοῦ
1648 1607 1893 1661 μητραδέλφου
1909 1606 2062 1652 σπονδὰς
2076 1606 2163 1659 πρὸς
2178 1607 2283 1646 ’364-

1235 1682 1311 1718 ρους
1337 1669 1376 1704 ἐκ
1400 1668 1532 1705 πολλοῦ
1553 1667 1787 1719 γεγενημένας
1815 1670 1883 1705 τῶν
1906 1666 2075 1705 εἰωθότων
2098 1665 2278 1718 ἐστέρησε.

1234 1725 1500 1777 Προσετίθησαν
1531 1726 1585 1774 δὲ,
1612 1729 1678 1773 ὡς,
1705 1726 1736 1764 εἴ
1764 1741 1803 1778 γε
1825 1725 1958 1764 ἔσοιντο
1981 1724 2056 1775 ἅμα
2083 1725 2284 1778 Λογγιὸάρ-

1233 1785 1315 1834 δοις,
1334 1785 1609 1837 ἀκαταμάχητοι
1622 1783 1829 1835 γενήσονταί
1846 1799 1932 1832 πως,
1948 1783 2009 1822 καὶ
2023 1786 2069 1828 ὡς
2087 1799 2282 1836 καταστρε-

1234 1843 1379 1897 φόμενοι
1410 1844 1591 1890 Γήπαιδας
1611 1847 1670 1882 τοῦ
1689 1860 1726 1882 τε
1755 1842 1906 1882 πλούτου
1935 1845 2044 1896 σφῶν,
2079 1842 2128 1881 ἔτι
2148 1858 2187 1894 γε
2214 1841 2282 1893 μὴν

1232 1903 1292 1940 καὶ
1307 1906 1368 1949 τῆς
1383 1902 1519 1940 ἐκείνων
1535 1906 1631 1954 κοινῇ
1648 1902 1858 1955 κρατήσουσι
1873 1902 2008 1954 χώρας,
2021 1902 2080 1941 καὶ
2093 1904 2170 1950 ὡςὴ
2189 1904 2284 1942 Σκυ-

1233 1961 1289 1999 θία
1306 1964 1344 1999 τὸ
1362 1961 1481 1999 λοιπὸν
1500 1963 1614 2005 αὐτοῖς
1632 1960 1842 2013 εὖημεροῧσί
1856 1977 1896 2012 γε
1915 1962 1950 2004 ἐς
1967 1959 2044 2011 ἀεὶ,
2061 1959 2122 1999 καὶ
2137 1961 2200 2012 μὲν
2220 1955 2278 1999 οὖν

1235 2023 1258 2067 ἦ
1277 2019 1406 2074 Θρᾴκη
1422 2019 1510 2067 αὐτὴ
1527 2019 1627 2058 ἔσται
1642 2020 1844 2064 εὐεπίὸατος
1855 2050 1866 2071 ,
1881 2020 1940 2058 καὶ
1955 2020 2075 2064 ἁπλῶς
2091 2018 2149 2065 ξὺν
2169 2019 2282 2058 οὐδενὶ

1236 2077 1332 2132 πόνῳ
1354 2081 1392 2117 ἐκ
1410 2079 1571 2131 γειτόνων
1593 2079 1790 2133 ὁρμώμενοι
1817 2079 1879 2126 τὴν
1896 2078 2085 2130 Ῥωμαίων
2102 2078 2284 2132 καταδρα-

1237 2141 1402 2187 μοῦνται,
1426 2138 1486 2177 καὶ
1508 2140 1554 2182 ὡς
1570 2137 1670 2191 ἄχρις
1688 2139 1792 2176 αὐτοῦ
1811 2153 1850 2190 γε
1866 2137 1908 2186 δή
1927 2154 1994 2177 που
2013 2141 2072 2176 τοῦ
2089 2137 2280 2184 Βυζαντίου

1235 2242 1367 2274 minime
1380 2242 1538 2283 negligere
1554 2243 1732 2275 exercItum
1752 2243 1812 2275 sihi
1836 2242 1954 2274 foedere
1967 2242 2188 2283 conjunctum.
2209 2243 2286 2274 Pro-

1234 2294 1383 2326 mittebat
1398 2295 1525 2335 autem,
1539 2294 1566 2326 si
1582 2295 1760 2326 exercitum
1777 2299 1918 2327 Avarum
1933 2294 2118 2327 necessariis
2130 2293 2226 2326 rebus
2238 2303 2286 2326 re-

1234 2347 1389 2386 creasset,
1407 2355 1441 2379 se
1458 2346 1553 2378 tertio
1570 2346 1621 2378 die
1647 2348 1752 2378 castra
1776 2347 1962 2386 moturum,
1979 2354 2084 2387 neque
2105 2345 2225 2378 diutius
2252 2346 2286 2379 in

1235 2398 1283 2430 his
1297 2398 1374 2430 locis
1389 2400 1676 2431 commoraturum.
1696 2401 1774 2431 llaec
1786 2398 1840 2430 ubi
1853 2398 2026 2439 sigisberto
2039 2399 2115 2430 sunt
2124 2398 2284 2438 nuntiata,

1233 2451 1342 2483 statim
1367 2450 1520 2491 ianuam,
1547 2451 1707 2492 legumina
1719 2475 1728 2491 ,
1748 2460 1825 2483 oves
1840 2452 1872 2483 et
1885 2451 1984 2483 boves
1993 2450 2035 2483 ad
2050 2454 2170 2484 Avares
2185 2452 2282 2484 misit.

1726 2507 1786 2539 24.

1275 2561 1449 2600 Alboinus,
1471 2561 1756 2601 Longohardorum
1773 2570 1848 2601 rex,
1873 2560 2075 2601 inimicitias,
2102 2569 2185 2602 quas
2210 2569 2284 2594 cum

1234 2613 1440 2644 cunimundo
1450 2639 1459 2653 ,
1471 2614 1668 2655 Gepidarum
1682 2623 1772 2654 rege,
1790 2614 1978 2654 exercebat,
1993 2613 2126 2646 minime
2141 2614 2284 2656 depone·

1235 2665 1301 2704 bat,
1313 2666 1369 2698 sed
1378 2675 1585 2708 quacumque
1598 2667 1721 2699 ratione
1731 2667 1924 2707 Gepidarum
1937 2675 2014 2707 opes
2026 2666 2085 2698 sibi
2098 2667 2286 2700 evertendas

1234 2717 1386 2749 ducebat.
1402 2719 1516 2758 ltaque
1530 2719 1649 2759 legatos
1663 2719 1704 2750 ad
1727 2719 1882 2751 Baianum
1901 2718 2006 2758 misit,
2022 2718 2140 2759 quibus
2151 2727 2227 2751 eum
2242 2718 2283 2751 ad

1234 2779 1399 2801 armorum
1427 2771 1614 2802 societatem
1636 2771 1873 2803 adhortaretur.
1897 2771 2003 2811 Legati
2021 2780 2122 2811 quum
2137 2771 2282 2805 advenis-

1234 2823 1316 2861 sent,
1332 2821 1479 2862 precihus
1491 2831 1564 2853 cum
1579 2823 1699 2854 Baiano
1713 2823 1858 2862 agebant,
1874 2832 1915 2854 ne
1928 2831 1962 2855 se
1975 2824 2214 2863 contemneret,
2227 2824 2284 2865 qui

1234 2873 1372 2904 nefanda
1396 2874 1504 2905 omnia
1531 2883 1550 2905 a
1566 2874 1696 2914 Gepidis
1714 2875 1795 2914 passi
1826 2875 1949 2914 essent,
1978 2875 2155 2914 praesertim
2180 2884 2282 2915 quum

1234 2926 1330 2957 etiam
1346 2926 1500 2966 Romani,
1517 2930 1658 2959 Avarum
1676 2927 1761 2967 genti
1778 2935 1875 2967 quam
1902 2925 2116 2966 infestissimi,
2143 2927 2283 2967 Gepidas

1234 2979 1318 3011 bello
1332 2979 1507 3019 Juvassent.
1522 2982 1633 3020 Neque
1646 2981 1713 3012 tam
1727 2980 1760 3011 in
1768 2979 1906 3020 Gepidas
1919 2978 2003 3011 bello
2024 2979 2096 3011 ferri
2113 2979 2280 3020 dicebant,

1234 3039 1330 3072 quam
1349 3033 1462 3062 contra
1483 3031 1647 3063 Justinum
1665 3039 1806 3070 pugnare
1817 3031 1986 3070 cuperent,
2003 3030 2117 3069 'regem
2139 3033 2282 3063 Avarum

1234 3083 1318 3122 genti
1330 3083 1594 3123 inimicissimum,
1607 3083 1660 3124 qui
1674 3082 1792 3114 soedera
1802 3091 1877 3113 cum
1887 3085 1906 3114 J
1910 3082 2067 3114 ustiniano
2076 3106 2086 3122 ,
2097 3081 2166 3122 ejus
2178 3091 2282 3115 avun-

1234 3137 1308 3168 culo
1321 3161 1329 3176 ,
1341 3136 1407 3176 Jam
1424 3135 1547 3176 pridem
1563 3135 1726 3167 transacta
1744 3143 1802 3175 pro
1817 3134 1919 3166 nihilo
1932 3134 2054 3166 babens
2070 3137 2189 3166 Avares
2203 3143 2282 3166 con-

1233 3188 1331 3221 suetis
1345 3187 1532 3219 muneribus
1547 3187 1697 3227 privaret,
1715 3186 1858 3225 Adjecit,
1872 3186 1899 3217 si
1920 3195 1994 3217 cum
2015 3185 2230 3226 Longobardis
2247 3195 2282 3220 se

1234 3239 1480 3279 conjungerent,
1496 3238 1562 3270 fore
1576 3239 1613 3269 ut
1631 3238 1742 3270 invicti
1758 3239 1882 3277 essent,
1906 3239 1956 3275 et,
1973 3237 2103 3277 Gepidis
2126 3237 2280 3270 extermi-

1234 3292 1336 3331 natis,
1358 3300 1470 3323 eorum
1495 3291 1609 3331 opibus
1633 3292 1666 3322 et
1693 3290 1821 3330 regione
1844 3289 2062 3321 communiter
2087 3289 2279 3330 potirentur.
2324 3289 2326 3291 ’

1234 3347 1316 3376 Tum
1331 3342 1450 3384 pacatis
1463 3343 1495 3374 et
1503 3341 1682 3382 conjunctis
1695 3341 1768 3382 ipsis
1777 3341 1866 3373 facile
1880 3341 1949 3372 sore
1959 3341 2122 3381 Scythiam
2136 3342 2169 3373 et
2178 3340 2279 3382 ipsam

1234 3395 1401 3429 Thraciam
1423 3403 1592 3435 occupare,
1615 3396 1646 3426 et
1666 3403 1706 3426 ex
1725 3394 1836 3426 vicinis
1857 3395 1934 3426 locis
1958 3395 2125 3426 moventes
2145 3393 2279 3426 minimo

1236 3447 1360 3488 negotio
1379 3449 1595 3479 Romanorum
1616 3446 1758 3486 regiones
1779 3446 1876 3477 armis
1896 3453 2082 3486 percurrere
2095 3445 2125 3477 et
2153 3446 2276 3485 Byzan-
