2326 3724
940 238 1321 279 FRAGMENTUM.

108 345 138 370 4.
171 326 551 383 Στρατοπεδευομένων
570 326 605 365 δὲ
631 327 745 365 αὐτῶν
770 328 831 372 τῆς
855 325 989 370 πόλεως
1002 327 1096 373 πλη-

56 390 145 441 σίον,
169 387 330 442 βασιλεὺς
350 385 517 440 Χοσρόης
546 385 634 439 ἄρας
659 386 698 424 ἐκ
718 384 928 428 Βαὸυλῶνος
959 384 1036 435 ἅμα
1052 386 1101 437 τῷ

55 450 124 486 τῶν
144 447 277 495 Μήδων
301 448 452 499 στρατῷ,
472 443 533 484 καὶ
551 443 675 496 Τίγριν
702 442 861 493 ποταμὸν
885 441 1020 491 διαὸὰς,
1038 441 1100 488 τήν

55 522 93 546 τε
109 505 251 560 πορείαν
270 504 328 544 διὰ
346 507 408 551 τ’ἠς
417 503 550 558 ἐρήμου
570 505 635 555 γῆς
656 501 875 553 ποιούμενος,
889 503 935 546 ὡς
953 501 1101 552 μηδαμῆ

56 565 247 616 Ῥωμαίοις
267 563 435 607 ἔκπυστος
466 565 487 609 ἦ
518 565 578 600 τοῦ
601 562 772 614 βασιλέως
788 560 922 612 γένοιτο
942 559 1076 607 κίνησις
1090 591 1100 607 ,

21 652 30 659 .
56 623 177 673 ἐπειδὴ
208 623 355 672 πλησίον
377 621 562 675 Ἀμὸαρὼν
584 622 759 673 Περσικοῦ
782 619 919 671 γέγονεν
940 618 1103 672 φρουρίου

57 683 286 738 (ἀφειστήκει
306 682 342 721 δὲ
358 685 459 721 τοῦτο
487 681 620 724 πόλεως
646 678 838 732 Κιρκησίου
867 677 944 717 ὁδὸν
963 678 1105 730 ἡμερῶν

57 742 160 782 πέντε
177 744 203 795 ),
215 741 273 782 τὸν
291 741 354 793 μὲν
371 738 630 792 Ἀδααρμάνην,
651 737 741 777 οὕτω
761 737 975 788 καλούμενον
997 752 1103 790 στρα-

57 801 176 853 τηγὸν,
196 800 322 840 αὐτόσε
337 815 406 839 που
439 798 497 838 τὸν
521 798 710 852 Εὐφράτην
730 795 967 850 περαιωθέντα
982 826 991 842 ,
1013 794 1105 834 κατὰ

55 861 163 914 τάχος
179 859 378 912 ἐκπέμπει,
401 858 489 911 [τὴν
512 856 702 908 Ῥωμαίων
729 858 852 907 suppl.
872 856 987 906 Has]
1014 855 1103 906 δῃώ-

57 934 161 959 σοντα
181 922 261 970 γῆν,
276 917 438 972 χιλιάδας
462 916 496 962 ἓξ
515 918 610 969 αὐτῷ
627 914 896 968 παρασχόμενος
909 914 1046 961 Μήδων
1070 929 1107 952 τε

56 978 116 1017 καὶ
146 980 216 1017 τῶν
236 976 396 1028 νομάδων
428 975 635 1029 βαρὸάρων·
667 973 767 1017 αὐτὸς
799 972 834 1011 δὲ
862 973 919 1012 τὸν
940 971 1107 1025 Ἄὸόρραν

57 1035 311 1091 [παραμείὸων
328 1034 502 1086 ποταμὸν,
523 1031 796 1086 ἀπροσδοκήτως
815 1033 1001 1079 ἐπιστῆναι
1018 1045 1107 1082 mgo

56 1096 210 1148 suppL]
226 1097 296 1139 τοῖς
306 1093 368 1141 τὴν
388 1092 528 1134 Νίσιὸιν
551 1093 776 1144 πολιορκοῦσι
796 1090 988 1142 Ῥωμαίοις
1007 1089 1108 1137 ἠπεί-

57 1171 151 1207 γετο.
174 1153 221 1194 Ὁ
249 1153 311 1204 μὲν
333 1147 390 1193 οὖν
404 1151 648 1204 Ἀδααρμάνης
665 1150 858 1204 Κιρκησίου
876 1150 1007 1194 πόλεως
1018 1151 1109 1196 πλη-

58 1213 130 1252 σίον
159 1211 217 1251 τὸν
246 1210 436 1265 Εὖφράτην
468 1210 592 1254 διαὸὰς
618 1209 662 1248 τὰ
688 1207 877 1260 Ῥωμαίων
900 1208 1110 1261 προενόμευε

59 1271 272 1325 πράγματα,
292 1269 483 1313 κωλύοντος
502 1267 650 1312 οὐδενός.
679 1267 772 1307 ‘rub
796 1267 863 1320 γὰρ
891 1270 953 1314 τῆς
974 1268 1110 1320 προλα-

57 1330 186 1376 ὅούσης
204 1329 343 1383 εἰρήνης
361 1328 421 1367 καὶ
439 1329 606 1380 ἡσυχίας,
622 1322 663 1374 ἧς
677 1328 805 1371 ἱκανῶς
819 1325 875 1364 ἐπὶ
894 1329 955 1373 τῆς
968 1326 1111 1366 Ἰουστι-

57 1393 176 1428 νιανοῦ
200 1386 379 1442 βασιλείας
395 1385 694 1436 ἀπολελαύκασιν,
718 1384 898 1430 ἐξελέλυτο
917 1383 977 1435 μὲν
996 1385 1111 1428 αὐτοῖς

58 1450 81 1494 ἡ
103 1450 172 1486 τῶν
203 1447 404 1497 πολεμικῶν
431 1443 660 1498 παρασκευὴ,
681 1443 721 1482 τὸ
754 1443 790 1482 δὲ
811 1444 966 1496 ἀνδρεῖον
987 1442 1111 1487 τελέως

57 1505 256 1559 διέφθαρτο.
275 1503 440 1552 Μηδενὸς
458 1498 516 1542 οῦν
536 1506 569 1548 ἐς
585 1504 705 1556 χεῖρας
721 1502 808 1541 ἰέναι
827 1503 897 1546 τοῖς
922 1501 1111 1554 βαρὸάροις

56 1564 315 1618 θαρρήσαντας,
347 1562 592 1615 Ἀδααρμάνης
630 1562 783 1614 ἄγχιστα
817 1562 950 1605 πόλεως
981 1561 1110 1600 Ἀντιο-

54 1624 152 1677 χείας
167 1622 333 1676 γεγονὼς,
353 1622 430 1666 τούς
447 1637 483 1661 τε
505 1621 784 1674 παρακειμένους
802 1623 845 1673 τῇ
863 1620 964 1659 πόλει
982 1620 1110 1664 τόπους

55 1698 93 1722 τε
115 1683 176 1722 καὶ
193 1682 320 1736 ἀγροὺς
341 1681 554 1735 διαφθείρας,
572 1681 630 1719 ἐπὶ
648 1680 712 1727 τὴν
735 1679 865 1727 Κοίλην
886 1679 1022 1719 ἐλαύνει
1040 1682 1109 1719 Συ·

58 1741 147 1795 ρίαν.
165 1740 357 1792 Ἀπαμείας
371 1739 408 1779 δὲ
418 1739 554 1784 πόλεως
573 1738 728 1790 μεγάλης
744 1739 782 1777 οὗ
803 1737 982 1791 πόρρωθεν
1000 1730 1108 1791 ⁶¹⁹9oe-

54 1798 372 1851 τοπεδευσάμενος,
393 1801 463 1838 τῶν
481 1814 518 1837 τε
535 1799 687 1837 πολιτῶν
710 1796 1029 1850 πρεσὸευσαμένων
1051 1795 1110 1834 καὶ

60 1857 133 1911 [τὰ
151 1862 213 1907 τῆς
231 1858 367 1902 πόλεως
399 1857 509 1911 λύτρα
541 1857 833 1910 προτεινομένων,
875 1856 995 1908 ἀπάτῃ
1032 1855 1109 1899 τοὺς

57 1918 186 1970 ἄνδρας
201 1933 290 1970 mgo
310 1921 435 1968 suppl.
453 1918 467 1969 ]
489 1915 678 1970 περιελθὼν
702 1915 761 1954 καὶ
781 1915 843 1962 τὴν
870 1915 970 1953 πόλιν
987 1917 1106 1961 ἀπαθῆ

56 1977 302 2030 διαφυλάττειν
344 1977 641 2029 ἐπαγγειλάμενος
653 2006 662 2023 ,
697 1974 816 2022 ἐπειδὴ
853 1975 979 2022 ταύτης
1012 1974 1106 2018 ἐντὸς

59 2034 231 2087 ἐγεγόνει,
250 2035 480 2087 διαρπάζουσι
496 2035 558 2083 μὲν
573 2037 604 2073 οἱ
625 2036 745 2081 Μῆδοι
760 2033 803 2071 τὰ
821 2033 1030 2086 πράγματα,
1043 2032 1103 2070 καὶ

55 2094 134 2137 τοὺς
155 2095 373 2138 ἐνοικοῦντας
393 2093 727 2146 ἀνδραποδίσαντες,
747 2093 809 2139 τήν
832 2108 869 2130 τε
886 2092 988 2129 πόλιν
1012 2090 1107 2129 ἅπα-

2132 251 2205 285 275

1160 342 1224 365 σαν
1245 326 1326 380 πυρὶ
1352 326 1585 380 παραδόντες,
1604 329 1649 371 ὡς
1673 328 1824 380 τάχιστα
1844 331 1876 374 ἐς
1897 330 1952 377 τὴν
1974 332 2100 370 οἰκείαν
2123 333 2207 371 ἐπα-

1159 385 1251 423 νίασι
1271 388 1350 436 γῆν.
1370 384 1513 425 Τούτων
1532 384 1568 423 δὲ
1580 384 1670 424 οὕτω
1686 387 1923 439 πραχθέντων,
1940 390 2099 440 βασιλεὺς
2116 391 2210 431 Ἰου-

1161 446 1273 489 στῒνος
1294 444 1453 484 Ἀκάκιον
1484 444 1669 498 ἐκπέμψας
1698 445 1908 498 (Ἀρχελάου
1930 447 1964 485 δὲ
1982 452 2100 487 τοῦτον
2119 449 2210 489 Ῥω-

1163 503 1259 554 μαῖοι
1279 502 1550 557 προσονομάζειν
1573 503 1759 555 εἰώθεσαν)
1782 505 1987 557 Μαρκιανὸν
2002 506 2053 545 ἔτι
2072 508 2211 547 Νίσιὸιν

1162 563 1412 616 πολιορκοῦντα
1437 561 1614 615 παρέλυσε
1640 565 1701 610 τῆς
1718 564 1843 616 ἀρχῆς,
1861 564 2086 610 ὑποτοπήσας
2109 567 2212 605 αὐτὸν

1163 622 1394 669 ἐθελοκακεῖν,
1411 623 1443 665 ἐς
1459 621 1522 667 τὴν
1541 624 1602 668 τῆς
1630 621 1761 665 πόλεως
1788 621 1942 674 κατοχὴν
1962 623 2097 666 οὐδενὸς
2112 641 2212 675 γεγο-

1162 680 1271 724 νότος.

1219 755 1247 779 5.
1270 741 1352 779 Τῶν
1370 739 1405 778 δὲ
1421 738 1611 789 Ῥωμαίων
1622 740 1995 792 ὑπαναχωρησάντων,
2009 739 2041 784 ἔς
2052 757 2088 779 τε
2104 742 2214 795 φρού-

1167 815 1236 852 ριον
1257 800 1291 837 ἐν
1324 798 1395 851 ὄρει
1424 798 1581 849 κείμενον
1617 798 1850 851 ἀφικομένων,
1882 799 2030 852 Μάρδης
2059 800 2127 838 ὑπὸ
2145 804 2213 839 τῶν

1167 857 1389 897 ἐνοικούντων
1417 856 1683 908 ὀνομαζόμενον,
1707 856 1870 909 βασιλεὺς
1901 858 2062 910 Χοσρόης
2092 859 2215 904 ἐξαπί-

1166 934 1303 964 νης....,
1327 915 1528 969 πολιορκίαν
1557 915 1761 963 καθίστησιν
1791 916 1978 958 ἑαυτὸν....
2007 917 2067 956 καὶ
2096 918 2218 966 τὸτῆς

1166 976 1298 1020 πόλεως
1313 976 1405 1028 ὕδωρ
1422 991 1530 1025 με....
1551 990 1632 1028 φους
1649 990 1685 1013 τε
1704 975 1876 1027 μεγάλους
1905 976 2215 1028 παροικοδομήσας

1167 1038 1217 1089 τῷ
1238 1034 1346 1087 τείχει
1366 1034 1426 1073 καὶ
1443 1037 1513 1078 τοῖς
1530 1034 1690 1083 ἐμὸόλοις
1706 1034 1928 1088 χρησάμενος
1945 1035 2215 1087 μηχανήμασιν,

1168 1095 1287 1140 ἐπειδὴ
1318 1093 1425 1144 μηδὲν
1447 1091 1568 1137 ἔξωθεν
1593 1093 1626 1136 ἐς
1655 1093 1855 1146 ἐπικουρίαν
1886 1093 2005 1146 γέγονε
2028 1097 2096 1133 τῶν
2127 1097 2218 1134 ἐνοι-

1168 1153 1335 1203 κούντων,
1358 1155 1450 1205 αἱρεῖ
1470 1151 1532 1198 τὴν
1555 1151 1668 1199 πόλιν,
1693 1152 1752 1206 βία
1771 1155 1839 1190 τῶν
1866 1152 2000 1199 Μήδων
2022 1154 2216 1193 ἐπιὸάντων

1168 1216 1227 1250 τοῦ
1248 1212 1394 1264 τείχους.
1426 1211 1551 1250 Πᾶσάν
1566 1227 1602 1249 τε
1625 1211 1734 1259 αὐτὴν
1751 1211 1980 1262 ληισάμενος,
2006 1213 2066 1252 καὶ
2083 1214 2161 1258 τούς
2180 1230 2217 1253 τε

1170 1271 1294 1315 ἄλλους
1325 1270 1593 1323 ἀνδραποδίσας,
1612 1271 1662 1309 ἔτι
1687 1271 1723 1309 δὲ
1753 1271 1812 1309 καὶ
1831 1271 1996 1319 Ἰωάννην
2023 1272 2081 1312 τὸν
2107 1275 2141 1313 Τ
2145 1289 2218 1324 ιμο-

1170 1331 1318 1382 στράτου
1351 1331 1482 1380 παῖδα,
1512 1330 1657 1380 δυνάμει
1683 1347 1720 1368 τε
1750 1330 1810 1368 καὶ
1837 1329 1976 1376 ἀξιώσει
1996 1331 2216 1385 προῦχοντα,

1170 1389 1229 1428 καὶ
1246 1388 1308 1436 τὴν
1329 1391 1391 1436 τῆς
1410 1388 1543 1432 πόλεως
1564 1388 1675 1441 ἀρχὴν
1709 1389 1768 1428 καὶ
1791 1388 1959 1437 διοίκησιν
1984 1391 2217 1442 ἀναδεδεγμέ-

1169 1457 1238 1489 νον,
1254 1442 1403 1495 φρουράν
1421 1457 1458 1479 τε
1477 1440 1539 1488 τὴν
1561 1443 1776 1494 ἀποχρῶσαν
1790 1443 2008 1491 καταλιπὼν,
2029 1444 2218 1497 ἀπεχώρη-

1171 1517 1227 1539 σεν
1248 1502 1301 1538 ἐπ’
1323 1500 1438 1548 οἴκου,
1466 1500 1657 1551 Ῥωμαίων
1687 1501 1738 1539 ἔτι
1769 1503 1802 1544 ἐς
1821 1501 1860 1539 τὸ
1881 1501 2027 1554 Μάρδης
2058 1504 2218 1557 φρούριον

1171 1559 1419 1611 διαιτωμένων,
1441 1559 1589 1611 Μάγνου
1613 1575 1671 1607 τε,
1690 1559 1726 1603 ὃς
1751 1561 1820 1598 τῶν
1851 1563 2043 1611 βασιλικῶν
2072 1561 2218 1614 ἐπετρό-

1170 1635 1252 1657 πευε
1273 1618 1482 1671 χρημάτων,
1501 1618 1561 1656 καὶ
1583 1621 1643 1655 τοῦ
1663 1618 1792 1662 παντὸς
1809 1619 1871 1665 τὴν
1885 1619 2073 1670 ἠγεμονίαν
2094 1619 2219 1658 ἐπεπί-

1170 1693 1306 1716 στευτο.
1330 1676 1501 1730 Ἡμέραις
1514 1676 1550 1715 δὲ
1571 1677 1711 1729 ὕστερον
1727 1679 1764 1716 οὐ
1781 1679 1924 1722 πολλαῖς
1938 1677 2101 1729 βασιλεὺς
2118 1678 2215 1717 Ἰου-

1171 1738 1296 1783 στῒνος,
1311 1735 1472 1782 ἐξαπίνης
1490 1735 1591 1774 νόσου
1609 1738 1658 1788 τῷ
1678 1735 1816 1787 σώματι
1837 1736 2127 1788 προσγενομένης,
2138 1737 2219 1789 περὶ

1171 1799 1231 1834 τοῦ
1246 1794 1373 1838 παντὸς
1393 1793 1528 1841 δεδιὼς,
1545 1794 1732 1847 ἀνακωχὴν
1758 1799 1816 1832 τοῦ
1838 1795 2007 1848 παρόντος
2026 1795 2121 1840 ἔτους
2135 1796 2219 1848 πρὸς

1173 1852 1314 1906 Πέρσας
1344 1852 1547 1900 ἐποιήσατο.
1580 1855 1654 1901 Τῆς
1680 1854 1780 1892 νόσου
1811 1853 1846 1891 δὲ
1868 1855 1963 1907 αὐτῷ
1983 1855 2218 1907 παρενοχλού-

1173 1929 1256 1961 σης,
1270 1911 1446 1965 Τιὸέριον,
1466 1911 1500 1956 ὃς
1514 1914 1581 1950 τῶν
1605 1911 1775 1964 βασιλέως
1800 1907 1886 1964 ἦρχε
1908 1913 2219 1965 σωματοφυλάκων

1169 1971 1331 2023 (κόμητα
1348 1971 1383 2010 δὲ
1403 1975 1523 2010 τοῦτον
1545 1970 1791 2023 ἐξκουὸιτόρων
1816 1971 1989 2021 Ῥωμαῖοι
2010 1974 2213 2023 καλοῦσιν),

1170 2031 1240 2069 υἱὸν
1259 2030 1409 2069 ἀνειπὼν
1425 2033 1485 2076 τῆς
1505 2029 1683 2082 βασιλείας
1692 2030 1854 2068 κοινωνὸν
1873 2033 2036 2082 αἱρεῖται,
2054 2031 2219 2084 Καίσαρα
2239 2038 2242 2040 ’

1174 2094 1291 2128 τοῦτον
1312 2088 1567 2140 ἀναγορεύσας,
1591 2087 1650 2131 τάς
1661 2104 1698 2125 τε
1718 2091 1779 2134 τῆς
1793 2090 1904 2141 ἀρχῆς
1927 2089 2108 2142 φροντίδας
2125 2090 2219 2141 αὐτῷ

96 2210 127 2239 4.
151 2207 199 2239 Ita
210 2216 312 2248 quum
333 2206 373 2239 ad
388 2206 541 2248 oppidum
563 2209 667 2239 castra
686 2207 856 2245 haberent,
871 2206 1029 2239 chosroes
1048 2214 1105 2238 rex

54 2267 130 2290 eum
149 2261 316 2291 Persarum
329 2259 473 2291 exercitu
489 2259 650 2300 Babylone
660 2259 837 2299 profectus,
847 2256 997 2299 superato
1009 2257 1105 2298 Tigri,

53 2311 166 2343 itinere
181 2319 240 2351 per
263 2310 451 2343 solitudines
467 2311 569 2350 sacto,
592 2319 633 2342 ne
650 2310 808 2343 adventus
828 2309 909 2350 regis
921 2309 1068 2350 cognosci
1087 2318 1103 2341 a

55 2362 207 2394 Romanis
227 2361 294 2393 ullo
311 2361 409 2394 modo
440 2363 564 2403 posset,
584 2363 754 2403 postquam
772 2361 902 2402 propius
917 2361 958 2393 ad
985 2361 1104 2393 Amba·

54 2423 131 2455 ron,
159 2413 326 2445 castellum
344 2414 524 2454 Persicum,
539 2415 715 2446 accesserat
729 2413 782 2454 (id
799 2422 818 2445 a
830 2413 970 2445 Circesio
988 2413 1105 2453 oppido

53 2465 196 2506 quinque
213 2465 339 2497 dierum
358 2465 470 2497 itinere
495 2466 626 2505 abest),
650 2465 765 2497 ducem
792 2465 1024 2497 Adaarmanem
1044 2474 1103 2496 no-

54 2518 157 2558 mine,
175 2518 230 2559 qui
251 2518 446 2559 Euphratem
471 2518 514 2549 ibi
538 2518 725 2557 trajecerat,
753 2517 897 2558 protinus
923 2517 1043 2556 mittit,
1070 2518 1105 2548 ut

53 2571 273 2602 Romanorum
301 2569 380 2602 fines
405 2570 625 2610 popularetur.
651 2570 735 2602 Huic
758 2578 815 2602 sex
840 2569 940 2601 millia
960 2569 1105 2601 attribuit

54 2629 153 2662 quum
171 2623 337 2653 Persarum
362 2623 432 2653 tum
455 2621 663 2653 barbarorum
683 2621 876 2659 nomadum;
900 2621 966 2661 ipse
993 2621 1104 2653 itinere

39 2671 230 2704 secundum
258 2672 414 2704 Aborram
440 2672 559 2704 numen
589 2673 673 2704 facto
693 2674 858 2704 Romanos
882 2672 1004 2704 Nisibin
1023 2673 1103 2704 obsi-

53 2723 164 2755 dentes
179 2724 369 2764 necopinato
385 2724 565 2764 opprimere
579 2724 781 2764 properabat.
797 2725 884 2756 Inter
904 2725 974 2756 haec
988 2724 1104 2756 Adaar-

54 2784 180 2815 manes,
195 2776 358 2816 Euphrate
384 2785 449 2807 non
468 2776 559 2815 longe
574 2776 614 2807 ab
641 2776 758 2817 oppido
775 2776 913 2808 Circesio
935 2778 1083 2816 superato
1095 2801 1104 2815 ,

54 2827 206 2859 ditionem
242 2829 478 2867 Romanorum,
514 2828 603 2858 nullo
632 2827 823 2867 obsistente,
855 2827 1106 2868 praedationibus

55 2880 203 2912 vexabat.
222 2882 300 2913 Nam
326 2882 454 2921 propter
482 2889 592 2921 pacem
616 2882 713 2921 atque
737 2881 1023 2922 tranquillitatem,
1041 2890 1106 2921 qua

54 2932 236 2964 Justiniano
244 2932 421 2972 imperante
433 2932 560 2963 abunde
571 2933 660 2964 erant
671 2933 718 2964 usi
729 2957 738 2971 ,
749 2941 813 2963 non
823 2933 926 2964 solum
935 2935 1106 2972 apparatus

55 2983 210 3016 militares
225 2983 370 3015 dissoluti
386 2984 495 3022 erant,
521 2983 576 3014 scd
601 2984 696 3015 etiam
714 2984 817 3016 bellici
832 2983 961 3024 spiritus
976 2984 1105 3016 omnino

53 3035 213 3067 exstincti.
229 3037 275 3067 lta
291 3043 394 3075 quum
412 3043 509 3067 nemo
523 3044 655 3080 manum
669 3044 835 3067 conserere
859 3036 1002 3067 barbaris
1023 3038 1105 3067 esset

54 3095 152 3119 ausus
164 3111 175 3126 ,
192 3086 408 3119 Adaarmanes
430 3087 575 3127 proxime
598 3087 711 3119 urbem
730 3087 932 3119 Antiochiam
951 3089 1104 3126 accessit;

54 3138 128 3171 inde
139 3138 271 3170 vastatis
289 3138 367 3170 locis
391 3138 538 3179 agrisque
550 3139 870 3179 circumjacentibus,
892 3139 1051 3170 convertit
1074 3149 1107 3171 se

54 3190 88 3223 in
97 3190 317 3230 Coelesyriam.
333 3189 517 3230 castrisque
535 3198 600 3221 non
616 3190 707 3230 longe
722 3199 741 3221 a
757 3199 871 3230 magno
891 3189 1008 3230 oppido
1025 3193 1106 3230 Apa-

55 3249 137 3274 meae
161 3241 289 3282 positis,
315 3241 453 3281 incolas,
480 3241 536 3281 qui
551 3242 646 3273 missa
674 3242 830 3281 legatione
857 3241 1107 3281 redemptionem

27 3312 32 3329 ι
55 3292 283 3334 promiserant,
306 3292 428 3324 fallacia
456 3293 689 3332 circumvenit,
719 3295 751 3324 et
773 3293 926 3333 oppidum
949 3293 1109 3324 incolume

55 3353 182 3378 servare
199 3345 376 3385 pollicitus,
396 3346 505 3377 tamen
518 3345 719 3377 intromissus
729 3345 944 3385 diripiendum
958 3345 1023 3376 suis
1037 3354 1107 3385 per-

8 3396 13 3401 ”
56 3397 153 3429 misit.
176 3396 414 3429 Habitatorihus
426 3397 458 3428 in
471 3398 662 3428 servitutem
675 3396 811 3428 redactis
821 3421 829 3435 ‚
848 3397 963 3437 oppido
972 3396 1110 3428 {lammis

5 3437 17 3466 Τ
58 3449 194 3489 tradito,
217 3451 320 3482 Persae
334 3449 478 3481 celeriter
491 3449 523 3481 in
537 3450 616 3481 {ines
628 3458 662 3481 se
675 3449 927 3489 suosrecipiunt.
950 3449 1003 3480 His
1015 3449 1108 3481 rebus

1165 2204 1283 2245 gestis,
1314 2203 1461 2236 Justinus
1488 2203 1661 2243 imperator
1688 2202 1785 2234 misso
1810 2202 2016 2242 Acacio(cui
2044 2211 2220 2243 cognomen

1166 2256 1312 2288 Archelai
1335 2254 1470 2288 Romani
1489 2253 1688 2294 indiderant)
1709 2253 1872 2286 Marciano
1897 2253 2080 2286 etiamnunc
2097 2254 2220 2286 Nisibin

1166 2308 1325 2341 obsidenti
1349 2308 1518 2349 imperium
1535 2308 1686 2348 abrogat,
1705 2309 1885 2349 suspicatus
1903 2316 1979 2340 eum
2004 2309 2117 2349 sponte
2137 2309 2220 2340 male

1167 2369 1325 2401 pugnare,
1343 2360 1432 2392 nulla
1448 2369 1482 2392 re
1501 2360 1584 2392 facta
1608 2360 1647 2392 ad
1664 2360 1854 2401 capiendum
1866 2360 2031 2401 oppidum.

1209 2419 1239 2445 5.
1255 2414 1303 2444 lta
1318 2421 1419 2453 quum
1437 2413 1571 2444 Romani
1584 2412 1657 2445 inde
1670 2413 1799 2454 digressi
1819 2412 1859 2444 ad
1878 2413 2047 2445 castellum
2066 2414 2097 2445 in
2111 2415 2220 2446 monte

1168 2466 1306 2506 positum
1323 2466 1483 2498 venissent
1494 2490 1503 2505 ,
1534 2466 1621 2507 quod
1635 2465 1759 2498 Mardos
1774 2465 1815 2497 ab
1834 2465 1946 2498 incolis
1962 2467 2108 2506 vocatur,
2123 2467 2221 2499 Chos-

1168 2527 1238 2550 roes
1262 2528 1316 2550 rex
1338 2519 1445 2550 subito
1465 2518 1554 2560 [sese
1581 2518 1620 2550 ad
1642 2521 1734 2550 Darae
1762 2519 2032 2560 oppugnationem
2062 2520 2218 2560 applicat;

1165 2580 1283 2610 aquam
1305 2572 1347 2603 ab
1372 2572 1452 2604 urbe
1470 2572 1622 2611 secludit;
1642 2571 1823 2612 aggeribus]
1842 2571 1962 2612 magnis
1976 2581 2033 2612 pro
2052 2581 2146 2604 muro
2162 2581 2219 2604 ex-

1165 2624 1287 2662 citatis,
1305 2623 1505 2664 admotisque
1518 2624 1685 2664 operibus,
1705 2632 1808 2664 quum
1825 2623 2023 2656 extrinsecus
2038 2623 2115 2655 nihil
2130 2623 2220 2656 fieret

1166 2675 1206 2707 ad
1216 2676 1337 2707 incolas
1349 2676 1543 2715 liberandos,
1560 2678 1677 2708 Daram
1691 2677 1865 2716 expugnat,
1882 2676 1982 2708 Persis
1995 2676 2026 2708 vi
2043 2676 2074 2708 in
2088 2685 2218 2708 murum

1165 2729 1369 2761 enitentibus.
1392 2730 1474 2761 Toto
1493 2729 1609 2770 oppido
1630 2731 1771 2766 vastato,
1787 2729 1874 2760 omni
1897 2729 2102 2762 multitudine
2119 2731 2218 2762 servi-

1165 2781 1226 2813 tuti
1243 2781 1389 2821 addicta,
1416 2782 1513 2822 inque
1531 2791 1569 2813 ea
1587 2784 1709 2813 Joanne
1735 2781 1920 2814 Timostrati
1940 2782 1960 2813 t.
1985 2782 2099 2823 opibus
2123 2784 2220 2823 atquc

1166 2834 1358 2866 auctoritate
1381 2836 1498 2875 praeter
1516 2836 1639 2866 ceteros
1667 2834 1862 2874 excellente,
1883 2835 1937 2875 qui
1957 2835 2219 2875 gubernationem

1166 2886 1273 2927 oppidi
1292 2888 1389 2926 atque
1409 2886 1718 2918 administrationem
1742 2888 1942 2926 susceperat,
1964 2895 2038 2918 eum
2059 2887 2218 2926 praesidio,

1167 2938 1255 2978 quod
1265 2938 1340 2969 satis
1350 2946 1418 2969 esse
1430 2938 1532 2968 visum
1544 2938 1603 2974 est,
1618 2938 1741 2976 relicto,
1756 2937 1889 2969 domum
1900 2938 2056 2977 discessit,
2068 2938 2219 2970 Romanis

1167 2989 1353 3020 etiamnunc
1387 2988 1471 3019 circa
1501 2988 1667 3019 castellum
1698 2988 1806 3020 Marde
1827 2990 2117 3028 commorantibus,
2144 2998 2218 3021 cum

1169 3042 1299 3079 Magno,
1324 3039 1467 3079 pecuniae
1486 3039 1657 3079 imperialis
1682 3042 1906 3080 procuratore,
1928 3041 1979 3072 cui
2005 3043 2073 3072 erat
2094 3050 2219 3073 summa

1168 3101 1276 3123 rerum
1290 3091 1434 3123 omnium
1449 3091 1643 3124 concredita.
1662 3094 1731 3124 Non
1742 3081 1852 3124 multis
1865 3093 1978 3125 diebus
1991 3094 2061 3133 post
2075 3092 2219 3126 ,lustinus

1170 3143 1356 3183 imperator,
1376 3142 1489 3174 morbo
1503 3143 1608 3174 subito
1617 3143 1767 3183 afflictus,
1786 3144 1926 3176 fortunae
1942 3145 2064 3185 imperii
2078 3145 2216 3182 veritus,

1170 3194 1315 3225 inducias
1327 3194 1359 3224 in
1374 3194 1460 3225 hunc
1467 3202 1587 3225 annum
1598 3203 1673 3226 cum
1691 3195 1796 3227 Persis
1805 3195 1890 3228 fecit.
1906 3197 1982 3228 Mox
1992 3204 2092 3236 quum
2106 3195 2218 3226 morbo

1169 3245 1349 3284 urgeretur,
1362 3244 1524 3276 Tiberium
1534 3269 1542 3285 ,
1552 3246 1669 3277 scholis
1682 3246 1827 3286 palatinis
1841 3247 2027 3287 praefectum
2041 3246 2217 3285 (Comitem

1171 3296 1396 3328 excubitorum
1421 3297 1553 3328 Romani
1577 3298 1724 3337 vocant),
1754 3297 1940 3338 adoptatum
1971 3298 2004 3328 in
2033 3297 2217 3328 societatem

1172 3346 1297 3387 imperii
1316 3346 1451 3378 adscivit
1466 3347 1599 3379 Caesaris
1616 3348 1709 3380 titulo
1721 3373 1730 3388 ‚
1754 3349 2016 3388 curationemque
2036 3347 2217 3387 reipublicae

1170 3398 1217 3429 illi
1233 3397 1341 3429 tradit.
1370 3397 1404 3428 ld
1433 3398 1600 3430 consilium
1623 3399 1781 3438 optimum
1806 3401 1838 3431 et
1857 3400 1948 3439 longe
1972 3397 2216 3430 saluberrimum

1170 3458 1211 3481 ex
1230 3449 1397 3489 omnibus,
1422 3458 1635 3490 quaecumque
1659 3451 1804 3483 Justinus
1824 3452 1891 3483 toto
1911 3449 2031 3489 imperii
2051 3449 2119 3488 ejus
2139 3452 2217 3481 tem-

2000 3505 2038 3530 ιε.
