2372 3704
139 228 212 263 594

134 310 194 348 καὶ
213 311 372 363 δακρύων
392 311 451 351 καὶ
470 311 619 366 τρέμων,
638 315 698 351 τοῦ
720 327 757 351 τε
784 313 982 366 Μαξιμίνου
1009 320 1071 363 τῆς
1097 319 1180 356 ἀπι-

135 369 233 413 στίας
249 371 453 423 κατηγόρει,
470 371 529 410 καὶ
554 369 632 415 τους
657 372 794 416 νεανίας
819 372 916 424 ἔλεγε
937 379 1048 413 ταῦτα
1068 377 1179 428 [προ-

135 431 247 472 πετῶς
269 429 330 468 καὶ
350 426 543 487 ἐπιόρκοις]
567 432 839 480 τετολμηκέναι,
862 433 983 470 δώσειν
1003 448 1040 471 τε
1065 434 1179 473 πάντα

134 490 335 539 ὑπισχνεῖτο
351 483 416 527 ὅσα
434 489 532 527 αὐτοὶ
554 489 746 541 βούλοιντο

186 560 218 587 4.
250 546 313 591 Ὡς
341 547 377 586 δὲ
400 550 418 585 ὁ
444 547 639 598 Μαξιμῖνος
658 547 754 600 ὤφθη
784 549 945 597 πλησίον,
968 549 1032 600 βοή
1053 565 1090 588 τε
1120 550 1181 588 καὶ

132 600 218 658 ἦχος
235 606 444 654 ἐξηκούσθη,
465 607 571 645 πάλιν
588 609 606 644 ὁ
633 606 851 659 Ἀλέξανδρος
870 607 949 652 τους
967 609 1180 661 στρατιώτας

133 665 312 726 ἐλιπάρει,
333 667 529 718 προμαχεῒν
549 665 609 704 καὶ
641 666 762 711 σώζειν
783 665 820 704 ὃν
850 666 1101 720 ἀνεθρέψαντο,
1121 667 1180 705 καὶ

134 722 188 776 υφ’
217 741 246 777 ῳ
269 724 486 776 βασιλεύοντι
517 723 836 776 τεσσαρεσκαίδεκα
857 724 966 763 ἔτεσιν
987 724 1180 778 ἀμέμπτως

135 762 383 832 βεὸιώκεισαν·
399 782 532 826 πάντας
548 799 584 821 τε
602 785 647 826 εἷς
662 787 777 821 οἶκτον
794 799 852 821 και
871 782 966 823 ἔλεον
984 783 1180 835 προκαλού-

134 857 253 892 μενος,
274 841 508 887 ὁπλίζεσθαι’
494 858 549 880 εκε
536 841 687 881 ’.λευσεν
707 843 752 880 Οἱ
767 841 802 879 δὲ
823 857 1033 895 στρατιωται
1052 841 1096 880 τὰ
1117 842 1179 893 μὲν

131 902 255 952 πρῶτα
277 903 526 952 ὑπισχνοῦντο,
556 902 634 938 κατ’
665 899 799 951 ὀλίγους
825 899 860 937 δὲ
887 900 1099 952 ἀνεχώρουν,
1120 901 1180 938 καὶ

132 956 208 995 οὐδὲ
225 956 317 996 ὅπλα
336 959 457 996 λαὸεῖν
477 958 616 1008 ἤθελον,
635 956 725 996 ἀλλὰ
745 957 806 995 καὶ
826 960 885 996 τὸν
902 958 1103 1011 ἐπάρχοντα
1121 959 1180 997 καὶ

131 1015 208 1059 τοὺς
224 1018 368 1061 οἰκείους
394 1017 615 1069 Ἀλεξάνδρου
637 1017 741 1069 ᾔτουν
762 1016 848 1069 πρὸς
866 1017 1054 1070 ἀναίρεσιν.
1076 1020 1180 1068 (Πα-

131 1075 252 1119 πιανὸς
269 1075 304 1113 δὲ
321 1070 362 1122 ἦν
378 1078 396 1113 ὁ
411 1074 635 1126 νομοθέτης.)
651 1076 696 1113 Οἱ
713 1074 749 1112 δὲ
767 1075 825 1112 καὶ
843 1073 904 1121 τὴν
922 1076 1056 1128 μητέρα
1073 1075 1180 1126 ἐμέμ-

130 1149 244 1185 φοντο.
261 1132 332 1173 Καὶ
342 1132 446 1185 μέχρι
459 1133 520 1176 μέν
531 1148 620 1176 τινος
629 1136 774 1170 τοιαῦτα
794 1136 940 1185 βοῶντες
950 1133 1177 1186 προσέμενον.

181 1206 212 1230 5.
245 1191 310 1235 Ὡς
331 1191 365 1229 δὲ
383 1195 401 1229 ὁ
420 1195 479 1230 τοῦ
500 1191 698 1242 Μαξιμίνου
723 1191 870 1243 στρατὸς
889 1193 1044 1243 ἤγγισεν,
1066 1193 1180 1245 [καὶ]

131 1253 277 1302 βοῶντες
300 1252 331 1289 οἷ
349 1250 483 1288 νεανίαι
506 1251 768 1303 προύκαλοῦντο
787 1250 864 1295 τοὺς
896 1252 1178 1304 συστρατιώτας,

128 1311 335 1348 καταλιπεῖν
358 1308 420 1359 μὲν
440 1309 580 1360 γύναιον
600 1308 808 1362 μικρολόγον
827 1309 887 1348 καὶ
908 1306 1088 1363 μειράκιον
1109 1312 1180 1349 δει-

127 1369 187 1407 λὸν
203 1368 309 1421 μητρὶ
325 1369 497 1415 δουλεῦον,
513 1367 694 1420 προσιέναι
708 1367 743 1406 δὲ
758 1369 1000 1421 συστρατιώτῃ
1014 1371 1049 1407 ἐν
1063 1369 1180 1412 ὅπλοις

129 1428 182 1465 ἀεὶ
210 1426 270 1465 καὶ
296 1428 497 1477 πολεμικοῖς
531 1426 641 1478 ἔργοις
671 1427 869 1480 διητημένῳ
882 1443 891 1451 ·
923 1428 1118 1472 πεισθέντες
1148 1430 1179 1466 οἱ

129 1488 360 1539 στρατιῶται,
393 1485 450 1523 τὸν
485 1484 546 1536 μὲν
565 1485 798 1538 ,Ἀλέξανδρον
836 1487 1177 1536 καταλιμπάνουσιν,

129 1547 226 1583 αὐτοὶ
246 1544 282 1582 δὲ
310 1543 476 1596 προσίασι
496 1546 546 1596 τῷ
567 1543 778 1596 Μαξιμίνῳ·
798 1545 1025 1596 αὐτοκράτωρ
1051 1561 1088 1583 τε
1113 1545 1179 1584 ὑπὸ

126 1603 269 1641 πάντων
299 1604 425 1646 ἐκεῖνος
445 1601 704 1654 ἀναγορεύεται.
725 1602 769 1640 Ὁ
789 1603 823 1640 δὲ
852 1602 1069 1655 Ἀλέξανδρος
1088 1604 1177 1657 τρέ-

129 1678 204 1711 μων
222 1661 281 1699 καὶ
298 1662 536 1714 λειποψυχῶν,
556 1659 655 1709 μόλις
677 1661 723 1704 εἷς
747 1659 810 1707 τὴν
839 1661 969 1708 σκηνὴν
987 1661 1179 1714 ἐπανέρχε-

126 1735 203 1767 ται,
218 1719 277 1757 καὶ
293 1723 334 1771 τῇ
356 1719 460 1771 μητρὶ
478 1718 705 1770 περιπλακεὶς
720 1719 779 1757 καὶ
800 1719 1056 1771 ἀποδυρόμενός
1072 1736 1107 1758 τε
1121 1721 1179 1758 καὶ

128 1779 330 1828 αἰτιώμενος
347 1777 467 1824 αὐτὴν,
486 1778 628 1827 ἀνέμενε
645 1777 701 1815 τὸν
720 1777 942 1831 φονεύσοντα.

175 1851 210 1877 6.
235 1837 287 1876 '‘O
309 1837 344 1874 δὲ
375 1835 568 1886 Μαξιμῒνος
589 1835 656 1874 ὑπὸ
675 1836 816 1874 πάντων
843 1836 1021 1881 Σεὲαστὸς
1045 1854 1180 1890 προσα-

125 1896 317 1948 γορευθεὶς,
332 1894 463 1945 πέμπει
486 1893 582 1937 τινὰς
602 1895 679 1937 τοὺς
697 1894 925 1947 φονεύσοντας
944 1896 1002 1934 τὸν
1022 1897 1179 1942 Ἀλέξαν-

127 1957 204 2008 δρον
223 1954 282 1993 καὶ
308 1954 370 2000 τὴν
393 1951 529 2005 μητέρα
542 1982 552 2000 ,
574 1952 634 1990 καὶ
656 1951 689 1990 εἴ
702 1969 790 1997 τινες
808 1955 1012 1993 ἀνθίσταντο
1029 1958 1096 1992 τῶν
1119 1954 1179 1992 σὺν

127 2016 235 2066 αὐτῷ.
259 2015 305 2052 Οἱ
324 2013 357 2050 ’δὲ
383 2012 663 2059 ἐπιπηδήσαντες
681 2015 724 2062 τῇ
743 2015 879 2064 σκηνῇ,
903 2013 1005 2050 αὐτόν
1023 2029 1061 2050 τε
1083 2015 1179 2050 ἀναι·

128 2075 223 2123 ροῦσι
239 2071 299 2109 καὶ
313 2070 373 2117 τὴν
392 2069 546 2122 μητέρα,
563 2070 623 2108 καὶ
638 2068 669 2107 εἴ
681 2085 770 2113 τινες
783 2070 922 2109 ἐδόκουν
938 2071 1058 2124 ἐκείνῳ
1073 2071 1180 2124 φίλοι,

126 2133 219 2177 πλὴν
239 2133 307 2168 τῶν
325 2129 410 2182 πρὸς
430 2130 544 2180 ὀλίγον
565 2134 682 2181 φυγεῖν
705 2129 918 2174 δυνηθέντων
931 2146 940 2154 ·
960 2132 1095 2174 πάντας
1113 2130 1181 2182 γὰρ

127 2193 145 2227 ὁ
162 2189 358 2234 Μαξιμῖνος
379 2187 454 2238 μετ’
471 2190 508 2225 οὐ
526 2187 615 2224 πολὺ
634 2187 821 2226 συλλαίῖὼν
839 2188 1054 2228 ἀπέκτεινεν.
1072 2189 1182 2232 Τέλος

127 2248 189 2297 μὲν
209 2246 250 2294 δὴ
274 2251 409 2286 τοιοῦτο
428 2245 602 2286 κατέλαὸε
620 2245 677 2283 τὸν
695 2245 917 2299 Ἀλέξανδρον
946 2247 1006 2284 καὶ
1026 2246 1088 2294 τὴν
1111 2263 1182 2297 μη-

126 2306 208 2359 τέρα
223 2337 233 2357 ,
258 2305 514 2357 βασιλεύσαντα
535 2304 626 2343 ἔτεσι
648 2304 705 2353 ιδ’,
724 2304 803 2343 ὅσον
829 2306 913 2358 πρὸς
929 2305 1007 2349 τοὺς
1027 2306 1180 2358 ἀρχομέ-

128 2380 225 2412 νους,
263 2364 457 2415 ἀμέμπτως
487 2363 547 2402 καὶ
581 2364 776 2413 ἀναιμωτί·
812 2364 917 2417 φόνου
950 2381 988 2403 τε
1020 2364 1087 2417 γὰρ
1121 2365 1181 2403 καὶ

127 2424 306 2473 ὠμότητος
327 2422 475 2476 ἀκρίτων
500 2438 538 2460 τε
555 2421 664 2474 ἔργων
694 2422 872 2475 ἀλλότριος
900 2423 1056 2474 ἐγένετο,
1078 2423 1125 2467 εἴς
1144 2439 1181 2462 τε

127 2481 166 2519 τὸ
184 2482 427 2533 φιλάνθρωπον
446 2480 506 2518 καὶ
527 2481 740 2532 εὐεργετικὸν
763 2482 962 2533 ἐπιρρεπής.
980 2483 1081 2521 Πάνυ
1098 2486 1180 2534 γοῦν

128 2540 207 2592 [ἂν]
220 2543 243 2586 ἦ
257 2539 479 2591 Ἀλεξάνδρου
501 2538 661 2591 βασιλεία
677 2539 903 2590 εὐδοκίμησεν
919 2542 966 2584 εἷς
981 2540 1019 2578 τὸ
1037 2540 1180 2588 ὁλόκλη-

129 2614 199 2652 ρον,
219 2600 248 2636 εἷ
269 2597 317 2649 μὴ
341 2598 546 2644 διεὸέὸλητο
567 2599 661 2650 αὐτῷ
692 2596 736 2635 τὰ
755 2601 817 2644 τῆς
838 2598 968 2651 μητρὸς
989 2599 1034 2642 εἷς
1051 2600 1180 2651 φιλαρ-

127 2659 250 2710 γυρίαν
266 2673 303 2695 τε
318 2657 378 2695 καὶ
397 2657 635 2710 μικρολογίαν.

611 2745 696 2784 142.

500 2822 809 2860 ΜΑΞΙΜΙΝΟΣ.

186 2906 276 2941 Exc.
298 2906 355 2940 De
375 2906 462 2942 virt.
483 2918 524 2953 p.
555 2905 630 2941 830
656 2916 665 2942 ε
685 2902 773 2942 εὈτι
797 2902 992 2951 Μαξιμῒνος
1017 2904 1180 2954 παραλα-

133 2961 203 2999 &dm
230 2961 294 3008 τὴν
329 2962 453 3013 ἀρχὴν,
480 2961 612 3008 πολλὴν
651 2961 713 3007 τὴν
743 2961 941 3012 μεταὸολὴν
971 2961 1179 3008 ἐποιήσατο,

132 3071 205 3112 --§
227 3074 258 3104 4.
275 3073 516 3109 Παπιανὸς...

936 202 1150 270 JbANle
1178 230 1492 272 ΑΝΤιοοιιΕΝι

1243 319 1446 372 τραχύτατα
1462 320 1522 359 καὶ
1547 320 1636 372 μετὰ
1656 323 1787 360 πολλοῦ
1808 321 1915 375 φόὸου
1932 325 1975 376 τῇ
1994 321 2130 378 ἐξουσία
2147 323 2292 379 χρώμε-
2331 327 2334 330 ’

1242 394 1319 427 νος,
1345 378 1384 417 ἔκ
1411 395 1449 418 τε
1474 379 1606 432 ἡμέρου
1638 381 1816 433 βασιλείας
1835 383 1882 424 εἷς
1900 383 2098 444 τυραννίοος
2122 385 2290 434 ὠμότητα

1244 442 1454 489 μεταγαγεῖν
1485 438 1602 476 πάντα
1625 440 1799 491 ἐπειρᾶτο.
1831 439 1946 478 Φύσει
1979 442 2014 479 δὲ
2046 445 2088 490 ἠν
2122 442 2162 480 τὸ
2192 437 2290 490 ηθος,

1243 493 1363 548 ὥσπερ
1383 495 1443 534 καὶ
1462 495 1502 534 τὸ
1521 496 1616 548 γένος
1628 527 1639 548 ,
1665 498 1861 549 βάρὸαρος,
1878 498 1915 536 τό
1932 514 1968 536 τε
1989 500 2126 552 φονικὸν
2147 501 2291 555 πάτριον

1244 553 1348 604 ἔχων.
1374 553 1511 598 Εὐθέως
1537 549 1595 592 οὐν
1614 555 1691 599 τούς
1709 571 1747 594 τε
1772 556 1889 609 φίλους
1905 556 2060 608 πάντας,
2079 557 2112 596 οἳ
2138 562 2291 606 συνῆσαν

1243 614 1293 649 τῶ
1311 611 1542 665 Ἀλεξάνδρῳ,
1566 612 1723 666 σύνεδροί
1739 630 1776 652 τε
1793 614 1860 652 ὑπὸ
1884 618 1946 662 τ’ῆς
1965 616 2161 665 συγκλήτου
2175 619 2292 656 ἐπιλε-

1243 650 1398 720 χθέντες,
1420 669 1706 726 ἀπεσκευάσατο,
1729 670 1830 720 μόνος
1846 675 1934 710 εἶναι
1955 673 2200 724 βουλόμενος’
2185 691 2220 713 εν
2240 677 2292 729 τῷ

1244 730 1402 780 στρατῶ,
1422 728 1482 766 καὶ
1499 727 1632 778 μηδένα
1650 730 1744 767 αὐτῶ
1763 730 1926 782 παρεῖναι
1941 746 1981 768 εκ
1994 730 2222 778 συνειδήσεως
2237 734 2292 772 εὐ-

1242 789 1358 836 γενοῦς
1375 785 1602 837 [κρείττονα].
1621 786 1812 830 Πλείστους
1830 786 1866 824 δὲ
1884 788 1998 825 αὐτῶν
2017 788 2077 826 καὶ
2094 789 2292 828 ἀπέκτεινεν

1243 843 1430 886 ἐπιδουλὰς
1444 843 1662 884 ὑποπτεύων.
1679 843 1750 882 Τόν
1765 860 1802 882 τε
1815 844 1883 898 γὰρ
1898 845 2042 897 Μάγνον
2058 846 2118 885 καὶ
2133 846 2212 891 τοὺς
2229 847 2291 886 σὺν

1243 903 1338 953 αὐτῷ
1360 901 1417 939 διὰ
1436 900 1499 948 τὴν
1525 901 1610 955 πρὸς
1630 902 1830 955 Γερμανοὺς
1854 908 2076 953 νομισθεῖσαν
2103 906 2292 959 προδοσίαν

1244 961 1390 999 ἀνεῖλεν.
1414 959 1541 1012 Εἴχετο
1557 960 1624 1012 γὰρ
1644 964 1705 1008 τῆς
1723 961 1807 1014 πρὸς
1826 961 1950 1006 αὐτοὺς
1967 962 2099 1016 μάχης.

1732 1046 1746 1068 1
1757 1033 1804 1076 [53
1812 1061 1820 1070 ·

1295 1102 1389 1150 Exc.
1414 1100 1471 1137 De
1488 1102 1557 1140 ins.
1580 1115 1621 1151 p.
1646 1107 1696 1150 49
1720 1115 1728 1138 ;
1747 1099 1834 1140 εὈτι
1854 1100 1911 1139 ἐπὶ
1934 1101 2130 1152 Μαξιμίνου
2148 1106 2208 1142 τοῦ
2227 1106 2293 1155 βα·

1243 1157 1365 1199 σιλέως
1386 1158 1523 1210 ἐγένετό
1541 1175 1592 1203 τις
1611 1159 1671 1197 καὶ
1701 1159 1904 1211 Ὀσροηνῶν
1922 1160 2132 1208 ἀπόστασις,
2149 1161 2182 1200 οἳ
2200 1162 2294 1200 πάνυ

1243 1218 1425 1268 ἀλγοῦντες
1441 1217 1498 1255 ἐπὶ
1514 1221 1556 1270 τῇ
1575 1218 1796 1271 Ἀλεξάνδρου
1811 1220 1971 1272 τελευτῇ,
1989 1220 2055 1257 τινὶ
2072 1221 2292 1273 Κουαρτίνῳ,

1241 1276 1304 1320 τὴν
1332 1274 1463 1313 ὕπατον
1484 1275 1595 1327 ἀρχὴν
1616 1275 1834 1324 διανύσαντι,
1864 1277 1953 1331 φίλῳ
1973 1276 2008 1316 δὲ
2031 1279 2206 1331 γενομένῳ
2233 1283 2292 1318 τοῦ

1242 1332 1478 1386 Ἀλεξάνδρου,
1492 1334 1686 1406 πορφυρίδα
1704 1350 1741 1372 τε
1759 1335 1917 1387 ὀλεθρίαν
1934 1335 2183 1410 περιέὸαλον”
2160 1352 2293 1384 ακοντι,

1242 1391 1300 1429 καὶ
1332 1392 1571 1445 αὐτοκράτορα
1600 1393 1804 1443 ὠνόμασαν.
1840 1394 1994 1437 Ἐκεῖνος
2021 1394 2083 1445 μὲν
2103 1388 2160 1432 ουν
2184 1397 2219 1432 ἐν
2251 1398 2294 1447 τῇ

1243 1452 1353 1501 σκηνῇ
1369 1450 1544 1487 καθεύδων
1564 1449 1819 1495 ε’πιὸουλευθεις
1832 1451 1967 1503 νύκτωρ
1985 1452 2165 1504 ἀνῃρέθη*
2152 1453 2220 1491 υπό
2233 1469 2293 1493 του

1243 1508 1399 1551 σύνοντος
1417 1509 1511 1560 αὐτῷ
1531 1509 1630 1559 φίλου
1647 1509 1729 1561 πρὸς
1745 1509 1848 1562 χάριν
1867 1515 1926 1549 τοῦ
1944 1510 2156 1562 Μαξιμίνου.

1727 1585 1811 1625 144·

1296 1650 1386 1686 Exc.
1409 1651 1465 1685 De
1486 1650 1571 1687 virt.
1599 1662 1640 1698 p.
1665 1649 1775 1688 833:
1795 1647 1882 1688 ‘'Ott
1903 1649 1964 1688 καὶ
1993 1650 2204 1695 ἀποστάσεις
2222 1651 2298 1704 ἐγί-.

1241 1722 1339 1744 νοντο
1358 1705 1415 1744 επὶ
1436 1705 1651 1757 Μαξιμίνου.
1677 1706 1760 1746 Ἔτι
1779 1708 1846 1760 γὰρ
1866 1710 1914 1752 εἷς
1934 1709 2138 1761 τραχύτητα
2160 1711 2294 1760 μᾶλλον

1242 1765 1336 1803 md.³
1318 1763 1486 1814 ωμότητα
1506 1764 1683 1812 ἠκόνησαν
1699 1764 1762 1812 τὴν
1782 1770 1842 1804 τοῦ
1861 1765 2059 1816 Μαξιμίνου
2078 1766 2211 1820 ψυχὴν,
2232 1767 2293 1805 καὶ

1242 1823 1407 1875 πρότερον
1429 1822 1519 1862 οὕτω
1538 1829 1746 1877 πεφυκυῖαν.
1767 1818 1838 1863 Ἦν
1859 1823 1895 1862 δὲ
1915 1825 1975 1863 καὶ
1990 1824 2052 1872 τὴν
2079 1826 2156 1878 ὄψιν
2184 1825 2293 1879 φοὸε-

1245 1882 1395 1934 ρώτατος
1415 1882 1474 1919 καὶ
1495 1880 1655 1932 μέγιστος
1674 1881 1713 1920 τὸ
1734 1898 1852 1934 σωμα.

1726 1959 1814 1998 145.

1297 2025 1394 2061 Ibid.
1425 2038 1464 2074 p.
1490 2024 1564 2061 833
1593 2035 1602 2063 ἓ
1623 2022 1709 2063 εὈτι
1733 2024 1791 2063 ἐπὶ
1820 2023 2018 2075 Μαξιμίνου
2045 2024 2159 2072 πολλή
2181 2039 2233 2070 τις
2250 2019 2293 2072 ἦν

1243 2081 1325 2134 περὶ
1342 2081 1420 2126 τοὺς
1437 2082 1609 2128 ὑπηκόους
1626 2083 1856 2136 ἅπανθρωπία
1872 2084 1931 2122 καὶ
1947 2083 2042 2137 φόνοι
2058 2083 2194 2121 πολλοί.
2206 2082 2294 2122 Ἀνε·

1246 2140 1363 2187 σείσθη
1381 2139 1448 2192 γὰρ
1465 2146 1563 2178 πᾶσα
1581 2143 1602 2187 ἡ
1621 2140 1812 2190 Ῥωμαίων
1831 2141 1989 2180 πολιτεία
2006 2141 2236 2194 συκοφάνταις
2255 2157 2294 2180 τε

1244 2198 1303 2236 καὶ
1325 2198 1456 2243 δούλοις
1485 2200 1678 2240 ἐκδοθεῖσα.
1699 2199 1876 2247 Ἑκάστης
1894 2204 1974 2251 γοῦν
1994 2199 2129 2252 ἡμέρας
2145 2194 2186 2248 ἦν
2210 2200 2293 2238 ἰδεῖν

1245 2257 1322 2301 τοὺς
1341 2257 1420 2310 χθὲς
1436 2257 1622 2302 πλουσίους
1639 2262 1902 2308 μεταιτοῦντας.
1923 2258 2089 2304 Τοσαύτη
2110 2274 2160 2302 τις
2175 2253 2216 2306 ἧν
2231 2261 2293 2305 τῆς

1245 2316 1442 2369 τυραννίδος
1474 2319 1496 2363 ἡ
1536 2318 1811 2370 φιλοχρηματία.
1849 2316 1995 2356 Πολλοί
2014 2317 2050 2355 δὲ
2081 2317 2140 2354 καὶ
2169 2317 2293 2370 φυγαῖς

1245 2375 1304 2413 καὶ
1325 2375 1486 2419 θανάτοις
1510 2377 1727 2427 ἐζημιοῦντο.
1754 2375 1869 2427 (Καὶ)
1893 2377 1945 2429 ἐφ’
1975 2374 2054 2414 ὅσον
2073 2374 2136 2426 μὲν
2156 2371 2214 2414 οὐν
2247 2377 2293 2419 εἷς

1243 2432 1320 2477 τοὺς
1334 2433 1410 2471 καθ’
1431 2433 1489 2471 ἕνα
1510 2438 1622 2472 ταῦτα
1637 2434 1852 2486 ἐπράττετο,
1871 2435 1908 2471 οὐ
1928 2433 2018 2472 πάνυ
2032 2449 2066 2471 τι
2085 2438 2153 2476 τοῖς
2170 2433 2293 2483 δήμοις

1245 2491 1365 2542 ἔμελε·
1383 2492 1426 2530 τὰ
1445 2491 1512 2545 γὰρ
1531 2495 1599 2530 τῶν
1621 2493 1835 2543 εὐδαιμονεῖν
1858 2492 2048 2530 δοκούντων
2069 2491 2091 2538 ἢ
2117 2491 2291 2530 πλουσίων

1243 2550 1449 2601 πταίσματα
1467 2550 1550 2604 πρὸς
1569 2552 1636 2588 τῶν
1657 2550 1772 2603 ὄχλων
1790 2553 1827 2589 οὐ
1848 2551 1949 2601 μόνον
1971 2552 2174 2600 ἀμελεῖται,
2199 2549 2291 2588 ἀλλά

1243 2625 1337 2653 τινας
1352 2613 1421 2648 τῶν
1441 2609 1623 2657 κακοήθων
1641 2611 1700 2647 καὶ
1717 2610 1859 2663 φαύλων
1880 2609 1951 2648 ἔσθ’
1970 2609 2026 2648 ὅτε
2042 2609 2102 2647 καὶ
2118 2607 2291 2662 εὐφραίνει

1243 2670 1292 2721 τῷ
1312 2668 1438 2721 φθόνῳ.
1464 2668 1570 2707 Ἐπεὶ
1590 2667 1624 2706 δὲ
1654 2670 1672 2707 ὃ
1691 2668 1887 2719 Μαξιμῖνος
1914 2667 1992 2712 τοὺς
2019 2667 2202 2710 πλείστους
2221 2669 2291 2705 τῶν

1243 2726 1384 2771 ἐνδόξων
1402 2725 1504 2764 οἴκων
1523 2728 1569 2771 εἷς
1588 2727 1709 2765 πενίαν
1737 2727 1971 2780 περιστήσας,
1999 2726 2096 2779 ᾠήθη
2115 2725 2290 2777 μετελθεῖν

1242 2787 1289 2829 εἷς
1305 2786 1348 2822 τὰ
1371 2784 1544 2836 δημόσια,
1574 2785 1634 2823 καὶ
1650 2786 1681 2824 εἴ
1698 2802 1775 2824 τινα
1794 2786 1963 2838 χρήματα
1983 2780 2023 2831 ἦν
2045 2783 2207 2823 πολιτικὰ
2231 2783 2292 2822 καὶ

1243 2845 1289 2886 εἰς
1303 2843 1494 2890 εὐθηνίαςῆ
1513 2843 1620 2893 νομὰς
1637 2846 1704 2882 τῶν
1719 2845 1878 2894 δημοτῶν
1896 2843 2128 2895 ἦθροισμένα,
2146 2844 2192 2886 εἷς
2209 2843 2292 2880 {mu-

1241 2902 1298 2939 τὸν
1318 2902 1515 2953 μετήγαγε,
1538 2904 1629 2940 ναῶν
1651 2918 1686 2941 τε
1706 2902 1915 2951 ἀναθήματα
1932 2901 1991 2939 καὶ
2012 2901 2203 2952 ἀγάλματα
2221 2900 2291 2938 πό-

1241 2961 1345 3011 λεων,
1364 2960 1424 2998 καὶ
1443 2960 1474 2998 εἴ
1491 2975 1524 2998 τι
1544 2959 1781 3011 καλλώπισμα
1810 2955 1865 3008 ἦν,
1886 2958 2073 3012 ἐχωνεύετο
2095 2958 2205 3012 (ὅπερ
2221 2958 2290 3009 μά-

549 3073 784 3114 νομοθέτης]
802 3075 878 3105 Haec
897 3081 962 3104 non
984 3073 1059 3104 sunt
1081 3080 1132 3112 ap.
1158 3070 1385 3103 Herodianum.
1399 3073 1424 3102 E
1443 3071 1584 3112 margine
1600 3070 1795 3111 irrepserint.
1810 3088 1851 3093 —
1871 3069 1935 3110 §5
1962 3068 2290 3110 προύκαλοῦντο]

133 3122 224 3159 Her„
241 3130 370 3160 προσεκ.
389 3119 461 3151 cod.
479 3138 519 3145 —
532 3121 613 3151 δειλ
623 3119 681 3160 ὸν]
698 3121 805 3161 μικρὸν
824 3121 898 3151 Her.
916 3137 957 3142 -
967 3117 1178 3160 φονεύσαντα]
1206 3119 1292 3158 Her„
1308 3118 1500 3159 φονεύσαντα
1516 3117 1588 3150 cod.
1602 3135 1645 3141 —
1658 3117 1677 3158 ξ
1693 3123 1723 3149 6.
1742 3118 1817 3157 πρὸς
1830 3115 1958 3157 ὀλίγον]
1977 3118 2052 3148 fler.
2065 3139 2075 3155 ,
2091 3115 2288 3157 προσολίγων

133 3167 205 3199 cod.
223 3180 263 3188 -
276 3166 422 3203 πάντας
440 3166 529 3207 γὰρ]
546 3167 597 3203 οὓς
610 3166 726 3202 πάντας
745 3169 820 3199 Her.

175 3215 226 3244 Fr.
248 3215 317 3245 142.
337 3213 457 3244 Eadem
477 3213 591 3245 suidas
608 3222 640 3244 v.
656 3215 837 3254 Μαξιμῖνος.
861 3212 944 3245 Vide
958 3212 1129 3245 Herodian.
1147 3215 1448 3252 V¹1‚1,1-20.-
1462 3212 1610 3253 μηδένα
1633 3210 1760 3252 αὐτῷ]
1787 3210 1924 3251 Herod.;
1950 3211 2043 3251 μηδὲν
2067 3209 2151 3251 αὐτῷ
2168 3208 2239 3241 cod.
2257 3210 2290 3240 et

135 3259 259 3292 Suidas.
281 3262 357 3292 Mox
376 3259 536 3300 κρείττονα
549 3268 590 3291 ex
606 3260 785 3291 Herodiano
805 3261 960 3300 supplevi
978 3278 1018 3283 —
1032 3260 1098 3291 τόν
1117 3270 1156 3291 τε
1173 3260 1244 3301 γὰρ
1261 3258 1417 3299 Μάγνον
1431 3260 1497 3290 κτλ.
1513 3258 1614 3299 JHfflc
1633 3267 1698 3289 om.
1716 3257 1842 3290 Suidas.

176 3309 230 3339 Fr.
259 3309 326 3339 143.
355 3308 394 3337 V.
417 3306 588 3338 Herodian.
607 3308 685 3346 Vll,
708 3311 742 3346 1,
761 3313 810 3338 21.
826 3326 867 3331 —
882 3306 1135 3349 Κουαρτίνῳ]
1149 3306 1268 3338 Herod.
1277 3305 1494 3346 ,Κουαρτίωνι
1511 3304 1628 3335 codex.

178 3356 232 3385 Fr.
260 3355 330 3385 144.
352 3355 392 3384 V.
411 3353 585 3385 Herodian.
603 3355 684 3392 vn,
709 3358 717 3384 l
735 3359 815 3393 2‚5‚
832 3356 886 3394 qui
904 3356 1074 3394 postquam
1091 3354 1131 3385 de
1148 3354 1305 3393 Quartino
1319 3352 1416 3384 verba
1432 3352 1524 3392 fecit,
1540 3351 1692 3390 subjicit:
1717 3352 1866 3382 Τοιαῦται
1892 3351 1946 3390 μὲν
1969 3351 2006 3389 δή
2029 3361 2107 3386 τινες
2131 3347 2288 3381 αἰτίαιέτι

138 3401 252 3440 μᾶλλον
267 3401 309 3436 εἷς
323 3400 501 3441 τραχύτητα
516 3401 569 3430 καὶ
584 3399 733 3439 ὠμότητα
747 3401 813 3431 κτλ.
825 3402 886 3439 ‚ut
899 3409 976 3440 ap.
967 3403 1129 3432 Nostrum.

179 3449 232 3479 Fr.
261 3449 331 3479 145.
352 3449 391 3479 V.
412 3445 582 3478 Herodian.
603 3449 739 3484 V11,3‚
763 3450 792 3476 1-
800 3450 847 3478 17
869 3465 910 3472 -
933 3448 1005 3478 Καὶ
1027 3447 1076 3486 ἐφ’
1094 3446 1204 3486 ὅσον]
1225 3445 1274 3482 Ἐς
1291 3446 1365 3478 ὅσον
1393 3447 1466 3478 Her
1481 3443 1811 3485 -εὐδαιμονεῖν]
1831 3445 1907 3476 Her.
1921 3468 1930 3485 ‚
1959 3444 2130 3502 εὐδοκιμεῖν
2153 3441 2225 3475 cod.
2246 3460 2288 3468 —-

138 3493 342 3535 ἀγάλματα
364 3492 535 3534 πόλεων]
556 3494 586 3525 θε
590 3495 632 3524 ὠν
655 3493 706 3533 ἀγ.
726 3495 799 3525 Her.
818 3495 901 3525 Fori
922 3494 996 3524 ικαὶ
1016 3494 1041 3524 εἴ
1059 3505 1085 3524 τι
1101 3494 1267 3526 πὸὶεωνκ.
