2372 3704
127 210 201 242 432

117 289 305 329 Ἐκαλεῖτο
315 289 350 329 δὲ
366 289 616 335 Κνωπούπολις
628 291 698 329 ἀπὸ
707 291 869 331 Κνώπου.
879 294 994 343 Apud
1007 296 1166 336 Pausan.

121 351 204 398 VII,
229 350 267 396 3,
283 364 302 397 7
332 364 404 400 pro
422 349 572 393 Κνωπὸς
588 353 648 388 vel
669 352 820 394 Κνῶπος
845 361 1022 402 corrupte
1034 354 1173 403 legitur

121 407 323 452 Κλέοπος
343 411 361 446 ὃ
381 409 531 461 Κόδρου.
550 410 606 448 Cf.
624 412 810 447 Meursius
829 412 910 447 Att.
929 413 1036 448 Lect.
1058 415 1103 458 V,
1127 413 1174 463 83

121 468 258 516 Bayer.
289 469 477 517 Erythraei
501 470 608 504 numi
630 470 828 515 illustrati,
853 470 976 506 Conit.
1009 472 1164 520 Petrop.

120 527 202 565 Vet.
222 533 316 566 tom.
331 529 385 573 II,
399 540 440 576 p.
463 527 537 571 436
555 540 659 576 sqq.;
681 526 833 566 Missler.
849 529 945 566 Min.
963 541 1001 577 p.
1026 529 1116 578 399.

537 643 756 658 *000*-

360 737 935 796 HIPPOSTRATUS.
975 823 978 826 ἢ

175 860 445 908 Hippostratus
462 860 594 909 fragm.
610 858 631 895 5
648 859 862 908 appellatur
877 859 895 895 ὁ
911 855 955 894 τὰ
965 856 1053 910 Περὶ
1074 858 1178 896 Σικε-

121 915 199 960 λίας
219 918 448 969 γενεαλογῶν.
469 919 515 955 Et
543 919 591 955 ad
609 919 733 954 Sicula
750 918 943 966 pertinent
957 917 1003 956 fr.
1029 922 1064 961 4.
1081 917 1119 955 6.
1141 931 1177 964 7.

120 977 211 1024 Quae
225 979 401 1026 leguntur
415 977 455 1013 fr.
477 990 491 1013 1
504 1006 511 1013 .
531 990 567 1015 2.
584 977 604 1013 3
623 978 689 1013 etsi
698 976 802 1012 haud
815 976 991 1024 proxime
1008 983 1182 1024 spectant

120 1048 180 1072 res
197 1036 339 1072 Siculas
351 1063 362 1081 ‚
380 1037 433 1071 ita
449 1042 576 1071 tamen
594 1042 681 1071 sunt
695 1042 933 1083 comparata,
951 1035 1047 1070 utin
1065 1047 1181 1083 opere

126 1093 321 1133 Σικελικῶν
340 1095 399 1131 vel
422 1093 657 1143 Γενεαλογιῶν
678 1093 873 1130 Σικελικῶν
893 1093 1023 1129 locum
1039 1093 1181 1129 habere

124 1153 334 1200 potuerint.
355 1154 597 1201 Quamquam
619 1151 701 1188 fieri
723 1153 835 1188 etiam
853 1158 979 1200 potest
997 1159 1040 1188 ut
1055 1153 1182 1188 Sicula

124 1211 188 1246 illa
206 1211 358 1248 nonnisi
377 1218 524 1260 partem
542 1210 695 1258 majoris
713 1210 1033 1259 Genealogiarum
1055 1211 1182 1258 operis

122 1269 275 1306 fuerint.
305 1270 411 1306 Alios
443 1271 711 1318 Hippostratos
737 1282 774 1304 v.
808 1281 868 1317 ap.
887 1269 1050 1307 Diodor.
1069 1270 1180 1315 XIX,

126 1327 189 1374 36,
204 1327 242 1373 53
262 1330 421 1365 Pausan.
440 1330 490 1374 ΙΙ,
507 1342 545 1377 2,
562 1327 582 1364 5
595 1342 604 1374 ;
619 1329 756 1364 Euseb.
776 1328 815 1363 in
832 1328 1182 1376 Olympionicarum

124 1388 299 1436 catalogo
320 1388 369 1424 ad
385 1389 444 1426 Ol.
467 1387 514 1431 54
537 1395 574 1424 et
590 1386 660 1432 553
678 1386 837 1424 Hesiod.
860 1399 922 1435 ap.
943 1388 1058 1424 schol.
1073 1389 1182 1425 Pind.

124 1447 185 1484 01.
199 1459 258 1494 10,
275 1448 322 1491 46
335 1461 344 1492 ;
358 1447 582 1496 Apollodor.
594 1448 625 1492 Ι,
639 1445 674 1492 8,
685 1450 721 1489 4ς
735 1446 1003 1495 Athenaeump.
1021 1445 1115 1497 557,
1129 1449 1182 1494 D3

125 1506 323 1544 Iamblich.
344 1508 419 1544 Vit.
441 1507 552 1555 Pyth.
573 1519 606 1543 c.
629 1505 691 1543 36.
709 1505 766 1543 Cf.
783 1513 865 1542 not.
886 1505 936 1542 ad
951 1506 995 1543 fr.
1016 1510 1053 1549 4.

474 1594 832 1634 ΓΕΝΕΑΛΟΓΙΑΙ.

641 1696 674 1722 1.

508 1757 619 1811 Περὶ
660 1756 803 1796 Μίνω.

181 1845 366 1894 Phlegon.
394 1845 532 1883 Mirab.
562 1844 609 1882 fr.
643 1843 693 1893 59
720 1843 834 1893 (tom.
861 1845 942 1890 ΙΙΙ,
969 1857 1010 1892 p.
1041 1843 1139 1893 623)
1168 1858 1176 1881 :

129 1901 385 1955 Ἱππόστρατος
405 1901 441 1939 δέ
461 1917 564 1954 φησιν
582 1904 615 1940 ἐν
632 1904 681 1953 τῷ
701 1901 779 1953 περὶ
798 1900 920 1949 Μίνω,
945 1901 1122 1953 Αἴγυπτον
1145 1904 1184 1940 ἐκ

131 1967 213 2011 μιᾶς
231 1960 393 2010 γυναικὸς
418 1960 602 2012 Εὐρυόπης
627 1963 687 2007 τ’ἧς
709 1960 836 1999 Νείλου
857 1959 1074 2006 πεντήκοντα
1094 1960 1187 2004 υἱοὺς

129 2022 306 2069 γεννῆσαι.
329 2018 464 2061 Δαναός
483 2034 519 2056 τε
540 2018 668 2068 ὁμοίως
689 2020 727 2057 ἐκ
745 2025 826 2069 μιᾶς
843 2018 1003 2069 γυναικὸς
1023 2021 1086 2066 τῆς
1103 2020 1186 2058 Νεί-

127 2079 189 2115 λου
211 2077 397 2128 Εὐρυόπης
414 2077 629 2123 πεντήκοντα
652 2076 843 2130 θυγατέρας
861 2076 959 2129 ἔσχε.

182 2139 330 2173 Tzetzes
345 2139 441 2176 Hist.
460 2139 544 2183 VII,
563 2151 600 2175 v.
624 2137 699 2174 368
724 2150 733 2174 :

211 2221 434 2262 Ἱππόστρατος
443 2223 496 2253 τὸν
510 2221 664 2263 Αἴγυπτον
679 2222 708 2258 ἐξ
723 2221 891 2263 Εὐρυρρόης
909 2221 1020 2253 Νείλου

214 2269 307 2309 μόνης
324 2269 408 2304 υἱοὺς
421 2270 611 2306 πεντήκοντα
624 2270 704 2309 λέγει
720 2270 951 2309 γεγεννηκέναι·

213 2316 268 2351 τὰς
285 2317 450 2356 Θυγατέρας
464 2316 568 2352 πάσας
579 2317 610 2347 δὲ
624 2317 675 2348 τὸν
690 2317 811 2348 Δαναὸν
823 2316 939 2357 ὁμοίως

215 2363 251 2393 ἐκ
263 2366 315 2399 τῆς
331 2363 480 2404 Εὐρώπης
494 2364 638 2405 θυγατρὸς
652 2367 706 2395 τοῦ
722 2364 882 2405 εἰρημένου
896 2363 1020 2396 Νείλου.

133 2434 189 2468 Ex
207 2434 338 2468 Tzetze
360 2434 463 2481 apud
490 2435 737 2482 phlegontem
764 2447 836 2482 pro
862 2432 1091 2484 Εὖρυόπης...
1113 2433 1189 2472 Εὖ-

137 2489 268 2541 ρυόπης
286 2493 551 2540 reponendum
574 2491 818 2543 Εὐρυρρόης...
842 2492 1024 2543 Εὐρώπης.
1045 2494 1191 2530 Fabula

135 2561 158 2584 a
184 2551 331 2598 vulgari
366 2551 569 2587 traditione
602 2553 715 2600 longe
739 2551 897 2587 recedit.
937 2553 1092 2600 Europa
1130 2552 1189 2600 (at

134 2621 214 2644 non
230 2610 305 2644 Nili
321 2608 416 2659 filia)
434 2611 654 2646 nominatur
667 2611 781 2646 etiam
794 2618 915 2646 mater
925 2611 1075 2648 Minois.
1092 2611 1190 2646 Num

134 2667 223 2704 hinc
250 2668 442 2716 profectus
472 2681 552 2704 rem
579 2676 770 2704 narratam
791 2669 969 2716 exposuit
990 2669 1024 2705 ἐν
1047 2670 1097 2720 τῷ
1113 2667 1193 2719 περὶ

139 2722 265 2762 Μίνωὶ)
280 2728 336 2761 De
356 2728 482 2762 Minoe
499 2739 590 2762 vero
605 2727 800 2776 quomodo
817 2727 855 2761 in
865 2727 998 2762 Siculis
1015 2728 1194 2775 genealo-

138 2784 209 2831 giis
225 2797 435 2821 sermonem
446 2786 567 2822 facere
582 2787 766 2834 potuerit,
779 2786 923 2821 indicat
936 2786 1068 2834 fragm.
1086 2784 1123 2824 5.
1140 2806 1193 2814 —

486 2918 848 2958 GENEALOGIAE.

652 2996 682 3029 1.

182 3053 406 3094 Hippostratus
440 3054 480 3087 de
511 3055 617 3088 Minoe
644 3066 739 3097 agens
766 3057 843 3089 dicit
866 3058 1038 3099 AEgyptum
1064 3066 1104 3090 ex
1129 3066 1194 3090 una

142 3108 297 3147 muliere,
312 3116 353 3139 ex
372 3109 553 3148 Euryrrboe
571 3109 631 3140 Nili
651 3111 686 3149 n,
704 3111 934 3151 quinquaginta
948 3111 1028 3143 filios
1037 3111 1191 3152 genuisse.

141 3160 292 3192 Similiter
311 3162 438 3192 Danaus
451 3169 490 3192 ex
507 3170 569 3191 una
579 3161 756 3202 eademque
767 3163 900 3196 nuiliere
910 3188 919 3203 ,
936 3165 1063 3204 Europe
1077 3163 1139 3195 Nili
1155 3163 1192 3203 f.‚

142 3212 376 3253 quinquaginta
390 3211 469 3243 filias
482 3212 632 3252 suscepit.

645 3269 679 3300 2.

184 3322 284 3354 Erant
296 3321 476 3354 Timandrci
487 3322 561 3354 filiae
574 3323 668 3354 cotto
679 3323 711 3354 et
725 3323 942 3364 Eurytbemis,
955 3333 1034 3365 quas
1047 3325 1196 3357 colebant

145 3373 340 3414 Heraclidae,
361 3373 448 3414 quod
461 3374 535 3414 ipsis
549 3373 581 3405 in
601 3374 855 3414 Peloponnesum
870 3376 1094 3408 invadentibus
1106 3377 1195 3409 auxi·

145 3426 256 3458 liarem
273 3434 402 3467 operam
418 3427 632 3466 navaverant,
652 3427 687 3458 ut
702 3425 926 3467 Hippostratus
938 3427 994 3460 ait.

1033 207 1374 249 HIPPOSTRATI
1389 237 1400 258 ‚

1241 297 1392 335 Tzetzes
1419 298 1508 344 VII,
1523 297 1599 341 646
1620 299 1909 347 Hippostratum
1925 299 2022 336 inter
2038 312 2102 336 eos
2124 307 2294 337 recenset

1241 356 1308 404 qui
1324 356 1492 393 fabulosa
1507 358 1626 393 multa
1641 357 1880 396 tradiderint.

1744 451 1780 477 2.

1294 513 1422 550 Schol.
1452 514 1643 552 Theocrit.
1668 516 1739 564 VI,
1759 519 1808 558 4ο
1836 507 1983 553 &How
2007 513 2042 552 δὲ
2068 514 2296 568 Τιμανδρέως

1241 570 1424 622 θυγατέρες
1446 569 1570 609 Κοττὼ
1598 570 1657 609 καὶ
1685 571 1899 623 Εὖρύθεμις,
1921 571 1961 615 ἃς
1989 572 2159 623 ἐτίμησαν
2180 572 2296 624 Ἥρα·-

1241 629 1396 675 κλεῖδαι,
1428 628 1483 666 διὰ
1511 628 1551 666 τὸ
1580 629 1883 680 συναγωνίσασθαι
1914 631 2028 674 αὐτοῖς
2055 629 2146 669 κατὰ
2168 630 2231 678 τὴν
2252 632 2299 674 εἷς

1244 687 1509 734 Πελοπόννησον
1529 686 1656 740 ἄφιξιν,
1669 689 1716 731 ὡς
1735 689 1766 725 οἱ
1785 688 1865 740 περὶ
1879 687 2133 741 Ἱππόστρατον
2153 689 2301 742 ἀποφαί-

1240 760 1368 783 νουσιν.
1396 746 1453 784 Cf.
1485 747 1653 783 Lobeck.
1685 748 1935 796 Aglaopham.
1963 761 2004 797 p.
2036 748 2150 786 1038.
2184 748 2297 787 Cotto

1240 805 1371 841 eadem
1392 818 1474 852 quae
1495 806 1610 854 vulgo
1639 803 1764 847 Κότυς.
1785 807 1838 842 Ut
1865 806 1968 854 apud
1986 807 2223 852 Corinthios,
2245 807 2298 844 sio

1239 865 1280 899 in
1300 864 1425 900 Sicilia
1441 865 1611 912 Cottytia
1631 865 1935 903 celebrabantur.
1966 866 2090 912 Quare
2109 867 2202 914 quin
2219 865 2299 904 haec

1242 933 1398 969 quoque
1419 933 1464 957 ex
1483 922 1617 958 Siculis
1629 922 1925 972 historiispetita
1941 924 2029 970 sint,
2046 924 2142 960 nihil
2159 925 2296 966 obstat.

1756 1008 1794 1045 3.

1297 1082 1553 1130 Harpocratio
1581 1093 1590 1122 :
1619 1080 1781 1135 Ἄὸαρις,
1811 1082 1921 1134 ὄνομα
1939 1083 2071 1136 κύριον.
2096 1086 2231 1136 Λοιμοῢ
2253 1083 2302 1138 ,δέ

1242 1154 1328 1192 φασι
1350 1138 1442 1177 κατὰ
1465 1145 1584 1178 πᾶσαν
1605 1140 1667 1187 τὴν
1697 1141 1902 1193 οἰκουμένην
1936 1142 2129 1195 γεγονότος,
2165 1144 2300 1181 ἀνεῖλεν

1243 1199 1262 1236 ὁ
1282 1197 1463 1237 Ἀπόλλων
1484 1199 1751 1250 μαντευομένοις
1769 1198 1925 1247 Ἕλλησι
1948 1201 2009 1239 καὶ
2033 1200 2221 1255 βαρὸἄροις
2239 1201 2297 1240 τὸν

1244 1255 1432 1302 Ἀθηναίων
1451 1257 1560 1308 δῆμον
1583 1256 1670 1311 ὑπὲρ
1699 1258 1839 1297 πάντων
1860 1258 1965 1311 εὐχὰς
1991 1263 2178 1300 ποιεῖσθαι.
2203 1261 2298 1311 Πρε-

1243 1314 1463 1366 σόευομένων
1484 1316 1519 1354 δὲ
1533 1317 1673 1355 πολλῶν
1690 1317 1794 1356 ἐθνῶν
1814 1317 1898 1371 πρὸς
1919 1316 2058 1367 αὗτοὲς,
2077 1317 2137 1357 καὶ
2154 1317 2301 1371 Ἀὅαριν

1244 1373 1279 1419 ἐξ
1298 1374 1543 1427 Ὑπερὸορέων
1563 1375 1780 1428 πρεσὸευτὴν
1793 1375 1977 1429 ἀφικέσθαι
1996 1375 2171 1428 λέγουσιν.
2195 1376 2239 1416 Ὁ
2263 1376 2298 1415 δὲ

1242 1432 1364 1485 χρόνος
1378 1435 1412 1471 ἐν
1427 1427 1455 1486 ᾧ
1472 1433 1691 1486 παραγέγονε
1707 1435 1949 1488 διαφωνεῖται·
1967 1434 2222 1488 Ἱππόστρατος
2237 1434 2301 1486 μὲν

1242 1491 1310 1544 γὰρ
1326 1491 1418 1530 κατὰ
1438 1491 1500 1538 τὴν
1514 1492 1546 1542 γ’
1565 1492 1648 1544 [νγ’]
1669 1492 1772 1531 αὐτὸν
1786 1493 2017 1544 Ὀλυμπιάδα
2035 1493 2128 1543 λέγει
2141 1509 2301 1546 παραγε-
2321 1498 2326 1502 “

1245 1549 1388 1599 νέσθαι,
1409 1553 1426 1588 ὁ
1446 1549 1482 1588 δὲ
1504 1550 1678 1603 Πίνδαρος
1697 1551 1787 1589 κατὰ
1810 1554 1958 1602 Κροῖσον
1978 1551 2036 1589 τὸν
2053 1553 2178 1598 Λυδῶν
2199 1555 2303 1604 βασι-

1245 1607 1308 1645 λέα
1321 1637 1331 1657 ,
1355 1607 1455 1645 ἄλλοι
1475 1606 1511 1645 δὲ
1531 1607 1623 1646 κατὰ
1647 1608 1709 1655 τὴν
1727 1609 1783 1647 κα’
1800 1609 2039 1660 Ὀλυμπιάδα.

1298 1665 1576 1719 Ἱππόστρατος]
1608 1668 1722 1706 codd.
1749 1675 1824 1704 tres
1850 1671 1919 1715 (A.
1943 1670 1986 1705 F.
2009 1671 2060 1705 K.
2094 1670 2300 1718 Bekkeri);

1244 1727 1382 1774 reliqui
1400 1724 1654 1776 Νικόστρατος,
1675 1727 1781 1775 quod
1797 1728 1942 1776 recepit
1957 1728 2117 1767 Bekker.
2135 1730 2301 1766 Primam

1244 1785 1358 1833 hujus
1389 1787 1465 1822 loci
1495 1793 1644 1835 partem
1673 1787 1808 1822 iisdem
1835 1787 1960 1822 verbis
1988 1786 2142 1823 exhibet
2167 1787 2303 1824 suidas

1244 1858 1282 1881 v.
1304 1841 1470 1894 'A60191;;
1491 1853 1684 1893 postrema
1699 1845 1852 1882 brevius
1872 1845 1986 1881 tradit
2002 1846 2055 1881 ita
2073 1858 2082 1881 :
2102 1843 2174 1882 Καὶ
2194 1843 2302 1882 Ἄδα-

1248 1917 1298 1954 ριν
1316 1901 1350 1946 ἐξ
1366 1901 1612 1954 Ἵ”περὸορέων
1627 1901 1844 1954 πρεσὸευτὴν
1860 1901 2193 1955 ἀφικέσθαιλέγουσι
2208 1904 2300 1940 κατὰ

1246 1960 1308 2007 τὴν
1327 1960 1357 2012 γ’
1369 1960 1609 2010 Ὀλυμπιάδα.
1627 1965 1684 1998 Ita
1698 1963 1851 2011 quidem
1864 1964 2037 2011 vulgata3
2056 1964 2191 2012 optimi
2211 1976 2302 2000 vero

1249 2023 1365 2060 codd.
1385 2024 1608 2059 Parisienses
1623 2036 1695 2072 pro
1709 2020 1799 2060 κατὰ
1810 2021 1873 2068 τὴν
1889 2021 1920 2073 γ’
1935 2021 2012 2061 Ὀλ.
2028 2024 2198 2071 praebent
2212 2021 2304 2060 κατὰ

1247 2077 1310 2126 τὴν
1341 2079 1392 2130 νγ’
1414 2079 1511 2127 Ὀλ.,
1537 2082 1653 2130 idque
1681 2082 1720 2121 in
1743 2089 1888 2117 textum
1907 2081 2176 2130 Bernhardyus
2206 2083 2302 2119 reci-

1248 2141 1431 2188 piendum
1454 2141 1581 2187 duxit;
1608 2148 1734 2187 recte,
1758 2142 1912 2189 opinor.
1933 2142 2017 2177 Hoc
2046 2142 2163 2190 igitur
2183 2142 2302 2179 modo

1250 2199 1403 2235 Pindari
1422 2207 1460 2235 et
1483 2200 1722 2248 Hippostrati
1745 2201 1912 2236 rationes
1932 2201 2130 2236 conciliari
2149 2201 2247 2237 inter
2266 2213 2305 2237 se

1250 2258 1359 2294 facile
1382 2266 1546 2306 possent.
1569 2259 1715 2294 Tertius
1732 2265 1933 2307 computus
1956 2258 2111 2295 fortasse
2130 2257 2239 2297 fluxit
2259 2272 2306 2296 ex

1249 2318 1376 2352 Timaei
1394 2318 1660 2366 chronologia,
1683 2329 1797 2365 quam
1813 2318 1911 2352 male
1931 2318 2180 2365 intelligentes
2203 2330 2301 2353 non-

1249 2377 1343 2412 nulli
1378 2378 1430 2413 ita
1466 2384 1641 2426 tempora
1681 2382 1971 2424 computarunt‚
2003 2383 2046 2411 ut
2073 2389 2094 2411 a
2123 2377 2306 2412 sententia

1251 2436 1416 2471 auctoris
1435 2437 1540 2471 annis
1558 2442 1708 2472 centum
1735 2442 1772 2471 et
1791 2435 2068 2483 quinquaginta
2085 2434 2323 2470 aberrarent-

1256 2493 1334 2542 (De
1354 2506 1480 2529 caussa
1499 2495 1638 2530 erroris
1652 2507 1689 2529 v.
1703 2495 1855 2542 Fragm.
1872 2493 2045 2528 chronol.
2058 2506 2099 2542 p.
2123 2492 2228 2542 125).
2245 2494 2306 2530 Sic

1252 2552 1458 2588 secundum
1486 2554 1666 2588 Timaeum
1697 2550 1777 2604 (ap.
1809 2553 1929 2590 schol.
1956 2551 2070 2590 Pind.
2090 2553 2150 2590 01.
2173 2556 2216 2598 4,
2239 2551 2305 2602 19)

1253 2611 1490 2647 Camarinam
1503 2618 1749 2647 restauratam
1764 2611 1896 2647 dicunt
1911 2611 1970 2648 Ol.
1990 2615 2038 2653 42
2054 2609 2151 2659 (612
2174 2622 2210 2647 a.
2227 2611 2307 2660 C.),

1255 2682 1373 2719 quum
1397 2670 1578 2719 ponenda
1607 2683 1667 2706 res
1697 2674 1790 2708 esset
1821 2670 1881 2706 Ol.
1911 2683 1975 2719 79,
2006 2670 2027 2707 3
2052 2669 2148 2721 (462
2169 2682 2202 2706 a.
2229 2668 2307 2719 C.)-

1255 2728 1423 2764 Eandem
1442 2730 1628 2765 rationem
1649 2730 1678 2764 si
1698 2728 1747 2765 ad
1768 2736 1943 2764 nostrum
1966 2729 2094 2764 locum
2113 2728 2309 2764 transferi-

1254 2800 1356 2832 mus,
1379 2800 1451 2836 pro
1480 2788 1631 2835 Olymp.
1665 2799 1727 2833 21,
1759 2800 1774 2822 1
1810 2785 1925 2836 (696)
1959 2787 2215 2823 obtinebimus
2244 2786 2306 2823 01.

1761 2900 1795 2932 3.

1296 2960 1425 3001 Abaris,
1444 2970 1562 2993 nomen
1577 2961 1752 3002 proprium.
1766 2961 1865 2993 Aiunt
1881 2961 1990 2993 autem
2005 2961 2092 3002 peste
2107 2969 2166 3002 per
2181 2959 2307 2992 univer-

1255 3023 1324 3046 sum
1341 3018 1497 3046 terrarum
1510 3015 1621 3046 orbem
1635 3015 1796 3054 grassante
1806 3037 1815 3053 ,
1830 3013 2005 3054 Apollinem
2016 3014 2048 3045 et
2059 3012 2178 3045 Groecis
2191 3014 2223 3044 et
2235 3012 2308 3045 bar-

1255 3066 1340 3098 baris
1362 3066 1528 3098 oraculum
1548 3065 1788 3097 consulentibus
1811 3064 2028 3105 respondisse,
2043 3065 2190 3105 oportere
2202 3073 2306 3105 popu-

1256 3118 1324 3150 lum
1348 3118 1572 3149 Atheniensem
1601 3125 1659 3157 pro
1675 3116 1824 3148 omnibus
1851 3117 1927 3147 vota
1944 3116 2058 3148 facere.
2075 3118 2186 3153 Quum
2212 3115 2307 3156 igitur

1257 3169 1369 3201 multae
1397 3170 1506 3209 gentes
1530 3169 1649 3208 legatos
1665 3167 1705 3199 ad
1729 3169 1813 3208 ipsos
1836 3168 2017 3206 mitterent,
2034 3167 2151 3200 Abarin
2176 3176 2307 3208 quoque

1256 3221 1297 3253 ab
1314 3220 1525 3261 Hyperboreis
1546 3220 1685 3259 legatum
1710 3228 1748 3251 eo
1773 3219 1904 3250 venisse.
1936 3220 1977 3251 At
1996 3219 2036 3251 de
2055 3221 2216 3260 tempore,
2240 3227 2306 3260 quo

1257 3273 1442 3313 advenerit,
1476 3273 1686 3312 dissentiunt;
1711 3273 1934 3313 Hippostratus
1957 3272 2041 3304 enim
2068 3272 2220 3304 accidisse
2237 3280 2305 3304 rem

1257 3325 1336 3358 dicit
1356 3324 1545 3366 Olympiade
1562 3323 1875 3366 [quinquaqesima]
1901 3323 2012 3362 tertia,
2033 3323 2186 3357 Pindarus
2204 3322 2306 3356 Groesi

1257 3379 1458 3420 temporibus
1467 3402 1476 3418 ,
1491 3377 1545 3410 alii
1559 3376 1749 3418 Olympiade
1764 3376 1914 3409 vicesima
1926 3377 2030 3409 tertia.
