2326 3724
380 142 1302 280 OLYMPIODORUS
1339 180 1913 269 THEssfflus.

136 573 434 626 olympiodorus
466 585 513 612 ex
547 570 713 621 AEgypto
742 570 924 607 Thebaeus
937 595 948 614 ‚
981 567 1130 617 gentilis

81 643 198 687 poeta
222 642 261 672 et
286 633 510 678 historicus,
540 630 734 679 Byzantii,
763 637 807 665 ut
835 628 1000 673 videtur,
1036 627 1132 662 vixit

83 693 319 742 temporibus
340 690 495 728 Arcadii
525 696 563 726 et
588 686 797 724 Theodosii
816 685 986 722 secundi.
1023 685 1132 721 Circa

85 764 226 790 annum
243 755 317 795 412
340 749 569 798 legafionem
591 747 724 783 obiens
745 746 794 782 ad
816 747 1010 782 Donatum
1031 744 1133 779 Hun-

82 806 222 847 norum
241 808 415 857 regulum
433 805 491 856 (v.
509 807 603 841 Exc.
627 805 738 840 Phot.
766 803 787 852 §
807 801 877 852 18)
902 802 1037 837 itinere
1051 812 1132 835 ma-

84 868 214 904 ritimo
231 877 354 913 eoque
373 862 693 913 periculosissimo
717 860 910 910 profectus
929 866 998 895 est.
1020 857 1135 894 Aliud

85 927 158 963 iter
171 925 423 968 maritimum,
443 934 521 970 quo
537 922 629 957 item
644 921 764 955 multa
781 926 914 955 auctor
937 929 1134 966 perpessus

86 986 155 1031 sit,
173 985 214 1020 in
225 982 420 1019 Photianis
434 980 622 1028 excerptis
642 978 687 1028 (S
706 978 754 1014 28
769 978 779 1027 )
795 983 1028 1013 memoratur
1038 976 1136 1011 inter

86 1056 146 1080 res
159 1055 242 1091 quae
255 1041 448 1091 pertinent
461 1039 511 1075 ad
523 1050 664 1074 annum
678 1042 698 1081 4
708 1036 752 1073 15
761 1065 768 1072 .
782 1036 940 1074 Videtur
955 1035 1134 1083 Byzantio

88 1110 171 1139 tum
185 1103 227 1137 in
241 1100 427 1137 Graeciam
438 1098 650 1145 trajecisse,
664 1094 976 1144 quandoquidem
995 1094 1137 1130 ibidem

89 1167 267 1197 narratur
297 1157 596 1206 olympiodorus
625 1156 789 1191 Athenas
823 1154 1011 1202 appulisse
1022 1179 1032 1198 ,
1069 1152 1137 1187 ubi

90 1219 297 1255 Leontium
314 1217 355 1252 in
382 1216 563 1252 thronum
585 1213 836 1263 sophisticum
865 1223 983 1260 opera
1008 1222 1076 1246 sua
1100 1217 1138 1246 et

90 1277 224 1313 studio·
254 1277 434 1312 evexerit.
471 1274 644 1320 Denique
674 1268 828 1308 tertium
857 1271 941 1318 iter,
977 1270 1017 1305 in
1059 1281 1136 1317 quo

90 1346 220 1371 rursus
238 1330 330 1369 κατὰ
362 1330 542 1369 θάλασσαν
575 1327 690 1367 πολλὰ
716 1326 836 1366 παθὼν
868 1329 886 1365 ὁ
921 1325 1138 1379 συγγραφεὺς

93 1391 193 1443 μόλις
227 1390 408 1434 διεσώζετο
443 1389 488 1439 (§
522 1387 570 1425 35
587 1388 619 1438 )‚
656 1389 759 1425 circa
801 1399 942 1423 annum
984 1391 1055 1428 421
1099 1386 1140 1421 in

90 1451 299 1500 AEgyptum
319 1449 509 1497 suscepit,
529 1447 751 1494 Thebasque
766 1445 931 1495 patriam
945 1445 1056 1494 visit,
1080 1445 1140 1479 in-

95 1510 219 1558 deque
250 1508 451 1544 meridiem
481 1518 610 1543 versus
639 1506 787 1553 Syenen
817 1503 1014 1541 contendit
1026 1529 1036 1548 ,
1069 1515 1139 1539 nec

91 1581 172 1606 non
197 1569 436 1615 Blemmyum
454 1567 651 1615 regionem
677 1565 866 1601 lustravit.
899 1565 1004 1599 Inter
1032 1562 1140 1598 fami·

91 1629 204 1667 liares
219 1627 299 1675 ejus
317 1626 519 1662 Philtatius
540 1624 698 1673 quidam
716 1630 796 1659 erat
807 1650 817 1668 ,
835 1622 964 1674 εὐφυῶς
983 1618 1064 1672 περὶ
1079 1617 1142 1665 τὴν

93 1682 344 1737 γραμματικὴν
365 1682 455 1734 ἔχων
476 1682 524 1733 (S
553 1682 653 1732 32¹),
680 1689 719 1718 et
743 1682 900 1718 fortasse
926 1681 1041 1717 etiam
1066 1682 1142 1717 Va-

93 1745 208 1781 lerius
220 1772 232 1792 ‚
247 1745 316 1792 qui
330 1744 401 1780 sub
417 1742 637 1781 Constantio
653 1741 748 1791 imp.
763 1740 963 1791 praefectus
975 1739 1144 1776 Thraciae

95 1803 219 1840 fuerat
238 1801 287 1852 (5
305 1801 399 1852 27).

149 1861 310 1910 Scripsit
324 1858 624 1909 Olympiodorus
639 1864 755 1907 atque
769 1857 986 1894 Theodosio
999 1855 1146 1904 juniori

98 1919 290 1956 dedicavit
307 1919 554 1955 historiarum
574 1918 694 1969 libros
711 1917 790 1953 sive
812 1915 934 1966 λόγους
953 1913 1146 1966 ἱστορικοὺς

98 1979 234 2028 viginti
244 1978 339 2015 duos
352 2005 362 2024 ,
375 1977 515 2026 quibus
527 1989 586 2013 res
601 1988 787 2013 annorum
803 1975 920 2012 ferme
932 1974 1148 2012 octodecim

101 2036 406 2081 continebantur,
425 2035 514 2072 inde
525 2035 572 2071 ab
584 2035 748 2071 Honorii
759 2046 859 2070 anno
875 2034 1024 2070 decimo
1036 2033 1148 2069 tertio

104 2094 207 2146 (407)
223 2107 344 2144 usque
359 2095 408 2132 ad
418 2107 559 2130 annum
576 2092 667 2139 425,
683 2105 761 2140 quo
778 2091 1063 2130 Valentinianus
1077 2097 1148 2127 ter-

105 2155 182 2190 tius
204 2153 367 2203 imperio
387 2153 534 2202 potitus
553 2158 622 2192 est.
644 2151 820 2188 Ceterum
849 2162 925 2185 non
951 2149 994 2185 id
1016 2156 1152 2185 auctor

102 2213 200 2262 egit,
220 2218 265 2248 ut
281 2223 378 2261 opus
395 2211 445 2247 ad
455 2209 565 2257 justae
582 2207 749 2245 historiae
762 2209 1003 2244 severitatem
1022 2207 1151 2243 elabo-
1170 2232 1172 2235 -

103 2278 208 2308 raret
221 2297 232 2317 ,
249 2271 316 2307 sed
334 2270 533 2307 materiam
547 2269 610 2305 vel
633 2269 766 2304 silvam
791 2267 976 2303 historico
1002 2266 1154 2302 uberri—

105 2342 208 2366 mam
238 2329 409 2379 praebere
424 2329 514 2364 satis
530 2327 679 2363 habuit.
702 2327 828 2373 Quare
852 2333 934 2362 tum
963 2325 1009 2362 de
1027 2337 1155 2362 rerum

107 2387 241 2424 ordine
271 2387 546 2435 chronologico
572 2386 698 2439 minus
722 2385 906 2422 sollicitus
932 2383 1024 2430 fuit,
1051 2390 1089 2420 et
1114 2384 1156 2421 in

106 2445 299 2482 fundenda
315 2445 488 2481 oratione
505 2444 616 2492 genio
633 2456 702 2479 suo
718 2442 888 2479 indulsit.

161 2506 302 2541 Praeter
318 2503 499 2540 Photium
514 2514 612 2538 unus
629 2502 799 2539 Zosimus
814 2501 930 2538 semel
947 2500 1001 2551 (V,
1017 2499 1080 2549 27)
1099 2499 1156 2536 di-

107 2570 246 2599 sertam
265 2561 377 2609 hujus
391 2562 589 2611 scriptoris
605 2561 839 2597 mentionem
860 2558 1008 2607 injecit.
1029 2558 1156 2595 Dubi—

68 2655 70 2657 .
109 2622 260 2671 tarique
295 2621 452 2669 nequit,
483 2619 577 2668 quin
606 2627 709 2656 recte
747 2619 1010 2655 Tillemontius
1043 2617 1156 2667 (Hist.

111 2681 179 2716 des
196 2692 315 2728 emp„
336 2685 430 2715 tom.
467 2679 514 2724 V,
533 2691 574 2728 p.
596 2677 701 2728 656)
726 2685 764 2714 et
789 2678 1061 2714 Reitemeierus
1085 2677 1160 2727 (ad

113 2740 201 2775 Zos.
236 2749 278 2787 p.
311 2736 413 2786 611)
434 2737 628 2773 Zosimum
657 2737 698 2772 in
724 2743 918 2786 postrema
949 2736 1076 2785 operis
1101 2736 1160 2772 sui

110 2803 220 2846 parte
238 2795 345 2845 (inde
363 2807 387 2831 a
410 2795 478 2831 lib.
503 2797 550 2841 V,
585 2794 658 2845 26)
691 2794 970 2844 Olympiodoro
998 2795 1160 2831 maxime

114 2867 152 2891 se
168 2854 355 2891 addixisse
373 2853 587 2890 statuerint.
613 2854 890 2890 Reitemeierus
916 2854 944 2890 1.
976 2853 1003 2889 1.
1033 2853 1080 2890 de
1102 2854 1161 2890 his

114 2915 168 2950 ita
182 2913 300 2949 habet
319 2924 329 2948 2
355 2925 373 2944 α
394 2913 440 2948 In
461 2919 655 2961 postrema
683 2911 754 2948 hac
769 2912 935 2948 historiae
954 2923 1028 2948 suae
1053 2919 1162 2961 parte

117 2973 309 3017 Zosimus,
329 2977 533 3020 postquam
550 2971 591 3006 in
613 2970 873 3020 superioribus
899 2970 1062 3006 maxime
1081 2972 1161 3006 Eu·-

115 3030 272 3079 napium
290 3029 426 3065 ducem
443 3028 600 3074 habuit,
619 3028 887 3078 Olympiodori
915 3041 1016 3064 nunc
1029 3055 1040 3074 ,
1069 3029 1162 3064 scri·

116 3089 239 3137 ptoris
257 3087 410 3136 aequalis
422 3111 433 3132 ,
453 3086 583 3123 diserti
598 3098 642 3123 ac
657 3085 733 3123 fide
752 3086 983 3136 dignissimi,
996 3087 1162 3135 vestigiis

118 3147 276 3191 institit,
305 3144 466 3193 ‚ejusque
506 3145 652 3193 sylvam
681 3146 737 3182 ita
761 3146 946 3193 sequitur,
979 3153 1162 3193 quantum

119 3205 264 3240 scilicet
286 3203 574 3253 comparatione
592 3204 768 3252 epitomae
787 3216 811 3240 a
825 3204 962 3240 Photio
982 3203 1161 3240 confectae

120 3270 158 3299 et
172 3263 338 3298 historiae
352 3262 530 3298 Zosimeae
546 3262 782 3311 intelligitur,
795 3269 839 3298 ut
850 3263 1036 3298 rationem
1048 3270 1085 3298 et
1103 3275 1162 3298 or-

115 3318 249 3357 dinem
267 3321 429 3357 eundem
444 3327 587 3366 servet,
605 3328 643 3357 et
657 3321 725 3357 ubi
742 3333 803 3357 res
826 3322 991 3357 naturali
1009 3321 1161 3356 vinculo

121 3379 225 3416 haud
251 3379 461 3426 conjunctae
488 3379 718 3429 explicandae
746 3387 855 3426 sunt,
875 3392 896 3416 a
914 3392 1042 3416 rerum
1068 3380 1162 3416 serie

1188 579 1275 603 cum
1306 578 1352 603 eo
1382 563 1578 610 deflectat,
1599 565 1716 601 veluti
1741 565 1782 600 in
1807 564 1966 601 historia
1994 563 2228 601 Constantini

1190 625 1360 672 tyranni,
1385 636 1468 671 quae
1493 623 1622 672 paullo
1649 623 1802 670 quidem
1830 624 1994 668 seriore,
2025 624 2227 659 commodo

1191 689 1316 718 tamen
1335 682 1424 718 loco
1444 677 1590 730 integra
1606 688 1644 717 et
1663 681 1744 717 aliis
1763 681 1868 717 haud
1892 682 2103 729 interrupta
2119 693 2230 717 cnar-

1190 748 1309 777 ratur.
1332 741 1484 777 Judicio
1516 740 1708 776 Zosimum
1727 752 1794 775 suo
1817 751 1894 775 esse
1922 751 2055 784 usum,
2075 751 2145 774 nec
2177 746 2229 775 te-

1190 811 1292 835 mere
1311 799 1577 835 auctoritatem
1597 798 1703 835 ducis
1722 799 1780 834 sui
1804 805 1994 842 secutum,
2011 805 2232 846 argumento

1193 865 1303 894 erunt
1321 859 1424 903 loca,
1440 859 1480 893 in
1505 858 1643 905 quibus
1668 858 1715 893 ab
1741 857 2020 905 Olympiodoro
2050 857 2231 901 discedit,

1193 925 1230 953 et
1247 918 1318 953 alia
1329 944 1338 962 ,
1357 929 1439 964 quae
1454 917 1514 952 vel
1530 917 1569 951 in
1581 916 1771 952 breviario
1780 916 1906 951 Photii
1915 916 2044 964 paullo
2052 917 2235 964 prolixius

1194 982 1280 1011 sunt
1296 975 1503 1023 explicata,
1523 974 1738 1022 docebunt,
1754 981 1939 1021 quantum
1957 975 2005 1009 sit
2026 975 2066 1009 in
2085 976 2235 1010 Zosimo

1193 1034 1391 1070 brevitatis
1410 1033 1595 1078 studium,
1627 1033 1732 1081 quod
1759 1033 1820 1069 vel
1845 1033 2116 1068 obscuritatem
2139 1046 2236 1068 non-

1195 1093 1307 1128 nullis
1336 1092 1489 1128 videtur
1519 1092 1696 1128 affudisse
1714 1090 1882 1140 locis(e.
1903 1104 1939 1140 g.
1959 1093 2002 1137 V,
2024 1092 2089 1137 34,
2112 1105 2149 1127 2.
2171 1093 2235 1138 37,

1197 1150 1235 1187 6.
1252 1152 1302 1188 VI
1318 1177 1330 1196 ,
1353 1150 1391 1195 8,
1418 1163 1432 1186 1
1448 1150 1474 1199 ).
1498 1151 1588 1197 Quae
1611 1151 1657 1187 de
1678 1163 1806 1186 rerum
1823 1152 1944 1187 causis
1967 1151 2144 1198 vitiisque
2163 1152 2238 1186 im-

1195 1216 1437 1257 peratorum,
1466 1209 1656 1257 rebusque
1683 1208 1949 1258 praefectorum
1975 1210 2150 1245 civilibus
2175 1218 2240 1245 aut

1196 1268 1422 1304 militaribus
1434 1267 1608 1315 judicata
1628 1269 1670 1304 in
1683 1269 1755 1305 hac
1779 1276 1888 1318 parte
1907 1269 2084 1317 legimus,
2110 1270 2240 1317 Olym·

1195 1326 1352 1376 piodori
1374 1328 1503 1376 potius
1528 1339 1608 1364 esse
1633 1339 1750 1376 quam
1778 1328 1826 1363 ab
1847 1328 1999 1364 Zosimo
2027 1328 2141 1362 animi
2161 1328 2242 1363 acic

1197 1386 1368 1431 inventa,
1389 1386 1640 1434 suspicamur,
1659 1379 1817 1434 eamque
1835 1386 1884 1422 ob
1902 1397 2055 1421 causam
2071 1398 2137 1430 ea,
2159 1399 2242 1433 quae

1199 1444 1245 1480 de
1264 1444 1481 1481 Stilichonis
1496 1444 1701 1480 virtutibus
1717 1456 1761 1480 ac
1782 1445 1885 1481 vitiis
1905 1445 1953 1480 ab
1978 1445 2081 1480 omni
2103 1445 2243 1491 iniqui-

1199 1510 1275 1539 tate
1290 1503 1433 1539 alienus
1445 1516 1458 1550 J
1465 1503 1738 1547 udicavit,non
1746 1504 1938 1551 Eunapio,
1952 1503 2018 1550 qui
2030 1510 2074 1538 ut
2085 1503 2245 1550 impium

1199 1563 1240 1597 in
1252 1561 1326 1609 maj
1334 1574 1443 1598 orum
1457 1573 1565 1598 sacra
1575 1560 1770 1597 hominem
1787 1574 1874 1598 eum
1888 1562 2164 1610 exagitaverat,
2180 1562 2246 1597 sed

1201 1620 1480 1669 Olympiodoro
1498 1620 1595 1656 duce
1610 1621 1775 1668 scripsit.
1802 1621 1877 1667 Qui
1894 1633 1981 1656 cum
2006 1620 2157 1656 Zosimo
2181 1619 2244 1655 hic

1203 1680 1420 1728 comparari
1444 1679 1650 1728 scriptores
1675 1679 1926 1726 adhiberique
1954 1678 2003 1714 ad
2022 1677 2103 1725 ejus
2122 1691 2248 1714 emen-

1204 1738 1397 1774 dationem
1412 1739 1578 1787 possint,
1601 1738 1629 1773 ii
1647 1744 1685 1773 et
1701 1738 1919 1786 paucissimi
1935 1744 2022 1773 sunt
2043 1743 2081 1772 et
2101 1737 2250 1771 minimi

1203 1797 1400 1834 momenti.
1423 1797 1578 1833 Orosius
1607 1795 1782 1844 quidem,
1809 1796 1881 1832 nisi
1904 1795 2008 1842 justo
2032 1796 2188 1844 parcior
2206 1807 2249 1830 ac

1203 1857 1358 1892 brevior
1374 1857 1415 1892 in
1429 1856 1543 1892 rebus
1560 1854 1778 1892 enarrandis
1794 1855 1924 1890 fuisset
1935 1883 1945 1903 ‚
1961 1855 2250 1901 indulsissetque

1204 1916 1329 1951 minus
1367 1916 1520 1964 ingenio
1563 1914 1826 1963 superstitioso
1840 1941 1851 1962 ,
1880 1921 1925 1949 ut
1962 1914 2113 1961 aequalis
2144 1920 2251 1948 aetate

1207 1973 1380 2021 adeoque
1405 1973 1568 2009 maxime
1594 1973 1821 2009 auctoritate
1847 1973 2017 2021 pollens,
2032 1972 2252 2007 utilissimus

1208 2032 1258 2068 ad
1276 2033 1375 2067 hunc
1401 2044 1512 2068 usum
1534 2031 1646 2067 foret.
1672 2031 1925 2080 Suppeditant
1947 2031 2150 2074 nonnulla,
2170 2043 2252 2077 quae

1207 2089 1283 2125 huc
1302 2089 1465 2138 faciunt,
1480 2095 1619 2138 praeter
1637 2088 1890 2124 Sozomenum
1909 2096 1947 2125 et
1961 2089 2254 2137 Philostorgium

1209 2154 1248 2185 et
1277 2148 1591 2197 chronographos
1627 2148 1890 2183 Marcellinum
1930 2154 1967 2183 et
2002 2148 2253 2195 Prosperum‚

1210 2206 1421 2242 Jornandes
1447 2213 1485 2242 et
1511 2206 1744 2254 Procopius,
1771 2205 1835 2242 hic
1869 2206 1910 2241 in
1936 2205 2098 2251 ultimis,
2125 2206 2188 2240 ille
2215 2206 2255 2240 in

1210 2265 1425 2315 prioribus,
1444 2265 1608 2312 denique
1631 2265 1882 2313 Augustinus,
1901 2264 2073 2312 aequalis,
2102 2275 2146 2299 ac
2173 2265 2255 2300 Fri·

1212 2325 1364 2373 geridus
1400 2324 1641 2360 Turonensis.
1679 2324 1825 2361 Ultimo
1866 2324 1953 2360 loco
1990 2323 2229 2360 monebimus
2243 2350 2253 2367 ,

1212 2382 1359 2418 hiatum
1392 2394 1470 2418 esse
1499 2381 1784 2430 quodammodo
1821 2382 1985 2417 historiae
2016 2393 2144 2418 rerum
2174 2394 2256 2428 quae

1214 2441 1313 2477 inter
1350 2453 1491 2476 annum
1527 2444 1601 2484 404
1637 2447 1676 2477 et
1717 2445 1789 2487 407
1835 2448 1945 2490 gestae
1977 2448 2098 2476 erant.
2131 2442 2257 2487 Quum

1216 2498 1317 2534 enim
1347 2499 1543 2548 Eunapius
1573 2499 1739 2535 historiae
1770 2511 1845 2535 suae
1881 2498 1995 2535 finem
2037 2511 2138 2534 anno
2183 2503 2256 2541 404

1217 2556 1371 2604 fecerit,
1402 2558 1702 2607 Olympiodorus
1733 2565 1860 2594 autem
1897 2570 2004 2593 suam
2043 2569 2142 2593 anno
2183 2562 2255 2602 407

1218 2628 1373 2652 exorsus
1390 2617 1457 2662 sit,
1475 2617 1651 2653 relictum
1667 2618 1715 2653 ab
1728 2618 1775 2653 iis
1788 2624 1843 2653 est
1858 2617 2022 2665 spatium
2034 2643 2044 2661 ‚
2060 2616 2166 2663 quod
2187 2617 2260 2650 nisi

1218 2675 1370 2711 aliunde
1388 2682 1532 2711 sartum
1555 2677 1727 2712 Zosimus
1744 2676 1919 2724 praestitit
1941 2687 1984 2711 ac
1998 2675 2111 2710 rebus
2133 2675 2173 2709 in
2194 2675 2258 2709 illo

1218 2734 1401 2783 temporis
1413 2734 1612 2770 intervallo
1623 2735 1735 2783 gestis
1746 2734 1922 2782 explevit,
1935 2733 2051 2782 ipsius
2062 2733 2260 2768 historiam

1218 2792 1479 2841 imperfectam
1505 2793 1665 2829 reddere
1693 2793 1839 2829 debuit.
1880 2792 2072 2839 Quantum
2103 2803 2260 2840 compa-

1218 2851 1340 2887 rando
1355 2858 1483 2899 potest
1495 2851 1654 2898 conjici,
1671 2863 1718 2887 ex
1737 2851 2014 2900 Olympiodoro
2025 2877 2035 2896 ,
2063 2850 2129 2897 qui
2153 2861 2261 2885 exor-

1221 2909 1326 2946 dium
1346 2909 1513 2945 historiae
1537 2922 1611 2945 suae
1635 2910 1764 2959 paullo
1784 2910 1895 2945 altius
1923 2908 2072 2945 duxisse
2092 2907 2259 2951 videtur,

1221 2979 1287 3013 ea,
1312 2980 1395 3015 quae
1419 2968 1466 3004 iis
1493 2969 1600 3004 annis
1630 2975 1717 3005 sunt
1740 2968 1909 3013 inclusa,
1933 2974 2084 3016 sumpta
2111 2970 2203 3002 sunt'
2223 2973 2261 3001 et

1222 3027 1413 3062 translata.
1435 3041 1451 3058 »
1471 3047 1523 3053 -—
1535 3027 1674 3062 Praeter
1687 3027 1879 3063 Zosimum
1896 3038 1974 3075 prae
1988 3025 2122 3062 ceteris
2144 3025 2261 3060 Sozo-

1220 3097 1352 3121 menus
1396 3085 1665 3134 Olympiodori
1708 3085 2000 3121 commentarios
2032 3083 2262 3120 consuluisse

1221 3143 1385 3180 videtur.
