2372 3704
889 263 1129 306 CRITONIS
1154 263 1486 304 FRAGMENTA.

86 374 126 411 p.
153 360 243 410 369,
271 359 315 406 33
346 358 546 396 Bendtsen.
574 357 765 394 Samothr.
795 357 836 392 in
867 357 1031 392 Miinteri
1064 356 1132 391 Mi-

85 420 188 456 scell.
213 418 327 455 Hafn.
351 425 443 454 tom.
466 418 505 462 Ι,
530 416 618 454 fasc.
643 428 685 461 2,
704 429 746 465 p.
767 415 831 464 96.
852 415 905 452 Cf.
925 415 1074 451 Servius
1094 415 1132 448 in

85 479 172 516 AEn.
190 479 241 522 ΙΙ,
265 475 338 514 325
367 489 375 512 ε
400 478 500 514 Ναηι
522 483 561 511 et
573 475 836 511 Samothraces
857 473 984 509 horum
1005 474 1131 509 Pena-

85 541 177 572 tium
197 539 382 572 antistites
405 548 488 571 suos
510 534 617 585 (Saos
635 547 664 570 s.
686 534 796 570 Saios
821 540 924 569 recte
939 545 1040 569 corr.
1059 534 1132 568 Lo-

84 595 194 634 beck.
218 595 405 644 Aglaoph.
441 607 483 644 p.
524 592 643 643 1292)
676 594 879 636 vocabant,
907 595 972 640 qui
998 599 1131 640 postea

85 667 111 690 a
129 654 411 690 RomanisSalii
428 654 612 702 appellati
629 660 726 690 sunt.
743 673 795 680 —
815 652 1034 699 ubicumque
1055 663 1135 686 ma-

84 711 199 762 nent]
221 713 446 748 illustratum
463 724 484 748 a
502 711 654 760 Cupero
678 711 835 749 observ,
866 711 933 755 IV,
953 723 974 745 2
995 717 1029 746 et
1054 711 1133 746 Da-

86 771 175 809 cier.
197 783 243 807 ex
262 772 371 807 titulo
391 783 454 820 ap.
471 771 624 808 Gruter.
642 783 684 819 p.
704 770 791 815 183,
811 770 927 806 Orell.
946 771 995 807 N.
1011 773 1130 814 ²244,

86 831 154 878 qui
186 834 395 866 mansiones
419 831 606 867 Saliorum
638 831 900 865 Palatinorum
916 829 1135 864 avcteribus

85 889 132 924 ob
144 902 330 925 armorum
347 891 524 925 ancilium
547 889 753 924 custodiam
767 891 982 924 constitutas
994 900 1135 923 memo-

85 954 160 983 rat.
181 964 196 980 »
220 949 398 984 Mamm.

95 1052 97 1055 ι
145 1008 256 1042 Hunc
271 1007 482 1043 Critolaum
501 1005 664 1042 eundem
677 1018 755 1042 esse
768 1013 863 1054 puto
885 1018 973 1042 cum
988 1005 1134 1040 Plutar-

88 1064 198 1100 cheo.
211 1067 269 1101 De
289 1065 526 1114 temporibus
546 1063 626 1111 ejus
646 1071 836 1100 constaret
849 1090 859 1108 ,
880 1064 910 1099 si
929 1064 1137 1111 intelligen-

88 1123 159 1160 dus
177 1124 276 1160 foret
295 1124 482 1161 Critolaus
500 1123 688 1159 Phaselita
714 1122 830 1174 (Plut.
847 1123 949 1160 Mor.
978 1135 1019 1171 p.
1041 1121 1133 1167 506,

92 1184 162 1233 B),
177 1185 470 1235 peripateticus,
497 1185 683 1220 Aristonis
699 1184 764 1220 Cei
778 1184 817 1219 in
834 1183 964 1220 schola
986 1195 1135 1219 succes-

87 1255 151 1278 sor
173 1243 271 1293 (Cic.
289 1244 374 1281 Fin.
393 1245 441 1288 V,
465 1242 509 1288 53
527 1243 696 1280 Clemens
707 1243 847 1280 Strom.
863 1244 897 1287 Ι,
914 1255 954 1291 p.
980 1242 1072 1291 301,
1086 1243 1134 1287 B3

87 1302 336 1349 Quinctil.II,
357 1301 419 1348 15,
445 1301 519 1350 17),
534 1298 601 1350 qui
615 1313 677 1337 an.
695 1300 769 1339 155
788 1313 827 1340 a.
847 1300 938 1339 Chr.
957 1300 1035 1348 jam
1048 1313 1137 1349 pro·

87 1368 217 1397 vectus
241 1367 349 1398 aetate
362 1374 450 1397 cum
468 1361 641 1410 Diogene
665 1368 702 1396 et
732 1359 926 1398 Carneade
950 1359 1137 1395 celebrem

87 1420 196 1455 istam
209 1420 260 1456 ad
273 1421 468 1456 Romanos
483 1420 713 1468 legationem
724 1419 822 1454 obiit
835 1418 933 1467 (Cic.
966 1420 1023 1454 De
1037 1425 1134 1453 orat.

89 1479 142 1524 ΙΙ,
161 1478 224 1525 37;
253 1480 324 1527 ΕΡ.
342 1478 392 1514 ad
410 1480 489 1515 Att.
509 1478 600 1522 XII,
620 1477 693 1522 233
715 1478 862 1513 Tuscul.
884 1477 950 1522 IV,
975 1476 1011 1513 3.
1035 1477 1128 1512 Plin.

89 1538 139 1573 H.
164 1538 211 1574 N.
226 1537 313 1581 VII,
333 1537 396 1573 30.
434 1536 629 1572 Plutarch.
650 1535 733 1574 Cat.
762 1549 811 1572 m.
833 1549 866 1573 e.
890 1548 954 1572 22.
989 1536 1131 1572 Gellius

87 1596 170 1640 VII,
201 1599 260 1641 14,
281 1594 325 1640 83
355 1596 487 1640 XVII,
511 1607 577 1640 21,
611 1594 673 1637 48.
700 1595 872 1632 Macrob.
901 1595 979 1630 Sat.
1013 1596 1056 1639 Ι,
1097 1593 1134 1629 5.

92 1653 226 1691 AElian.
241 1655 285 1691 V.
307 1655 357 1702 ῌ.
383 1655 464 1698 111,
503 1652 588 1702 17),
618 1665 811 1701 quemque
840 1665 910 1701 per
931 1652 979 1688 82
1020 1665 1139 1688 annos

89 1713 224 1748 vixisse
239 1712 355 1748 refert
373 1713 564 1749 Lucianus
586 1712 626 1747 in
644 1713 820 1750 Macrob.
843 1725 877 1750 c.
903 1725 968 1749 21.
989 1714 1038 1748 At
1057 1725 1140 1759 quae

92 1772 317 1808 Plutarchus
346 1783 392 1808 ex
421 1769 593 1807 Critolao
619 1770 732 1807 refert
755 1783 776 1807 a
801 1771 1034 1819 philosopho
1067 1772 1139 1806 isto

90 1831 185 1866 scito
214 1838 251 1866 et
276 1837 393 1866 terete
414 1828 530 1878 (Gell.
564 1830 591 1867 1.
615 1828 647 1879 l)
668 1842 823 1877 prorsus
842 1830 966 1866 aliena
989 1841 1066 1865 esse
1085 1830 1140 1864 vi·

92 1890 239 1926 dentur.
250 1891 329 1925 Nec
344 1889 497 1925 aliunde
511 1889 633 1936 liquet
643 1889 867 1924 historicum
883 1901 979 1936 opus
993 1900 1016 1924 a
1039 1889 1139 1937 peri-

91 1949 257 1997 patetico
269 1948 525 1996 compositum
541 1959 620 1983 esse
633 1974 644 1992 ‚
666 1948 838 1994 quamvis
865 1948 1030 1983 citentur
1048 1959 1142 1982 non-

97 2008 203 2043 nulla
219 2020 302 2055 quae
324 2007 373 2043 ad
386 2007 584 2043 historiam
596 2007 826 2055 pertineant.
846 2006 1039 2043 Plutarch.
1058 2007 1137 2041 Mo-

94 2067 161 2105 ral.
179 2067 218 2116 p.
236 2065 280 2103 81
294 2078 325 2112 1,
339 2065 368 2105 C
383 2064 444 2117 (p.
460 2077 536 2114 990
550 2065 689 2113 Didot)
705 2061 871 2114 ε’Έτεροι
885 2061 921 2100 δὲ
939 2061 1142 2114 σεμνότερον

94 2124 224 2163 οἴονται
239 2123 299 2162 καὶ
313 2121 681 2175 μεγαλοπρεπέστερον
692 2115 828 2159 εἶναιτὸ
843 2124 902 2159 τοῦ
916 2120 1143 2171 Περικλέους,

94 2178 143 2222 ὧν
160 2182 220 2222 καὶ
237 2181 430 2235 Κριτόλαός
446 2184 538 2220 ἐστιν
553 2184 570 2219 ὁ
583 2179 868 2233 περιπατητικὸς,
887 2179 1004 2229 ἀξιῶν,
1019 2178 1142 2232 ὥσπερ

95 2246 118 2289 ἡ
148 2240 351 2292 Σαλαμινία
372 2244 454 2283 ναῦς
475 2238 639 2287 Ἀθήνησι
668 2238 729 2278 καὶ
758 2241 779 2285 ἡ
804 2239 969 2291 Πάραλος
989 2239 1051 2277 οὐκ
1085 2238 1144 2276 ἐπὶ

96 2306 165 2340 πᾶν
185 2299 295 2352 ἔργον,
315 2301 393 2338 ἀλλ’
413 2297 472 2337 ἐπὶ
490 2297 551 2342 τὰς
569 2298 760 2350 ἀναγκαίας
780 2297 839 2335 καὶ
858 2297 1014 2348 μεγάλας
1034 2311 1140 2335 κατε-

100 2362 240 2398 σπῶντο
254 2358 417 2412 πράξεις,
436 2356 543 2402 οὕτως
563 2359 679 2410 ἑαυτῷ
698 2356 783 2410 πρὸς
800 2356 843 2394 τὰ
864 2355 1065 2409 κυριώτατα
1086 2355 1146 2393 καὶ

98 2417 248 2470 μέγιστα
269 2420 435 2469 χρῆσθαι.
454 2418 562 2455 Idem
578 2418 739 2456 Critolai
757 2417 899 2454 dictum
922 2417 1151 2454 Plutarchus.

98 2477 208 2515 affert
222 2478 259 2512 in
275 2478 349 2514 vit.
371 2477 509 2514 Pericl.
534 2489 566 2512 c.
584 2489 619 2521 7.
662 2512 667 2519 ,

151 2535 292 2572 Gellius
304 2535 376 2583 XI,
404 2547 428 2582 9
450 2547 458 2570 :
477 2535 666 2571 Critolaus
683 2537 832 2582 scripsit
851 2535 994 2581 legatos
1014 2535 1147 2571 Mileto

95 2594 259 2641 publicoe
293 2597 347 2629 rei
377 2605 491 2628 causa
519 2596 665 2628 venisse
694 2593 872 2636 Athenas,
901 2591 1072 2638 sortasse
1097 2606 1147 2630 an

101 2651 288 2702 [dicerit]
318 2653 456 2688 azaz-ilii
469 2652 626 2700 petendi
639 2655 790 2698 gratias
814 2660 889 2687 tum
910 2655 974 2699 qui
988 2665 1149 2699 prosese

100 2712 219 2746 verba
233 2709 428 2757 facerent,
465 2724 555 2759 quos
573 2714 692 2746 visum
726 2718 809 2745 erat
831 2712 1047 2754 advocas.s·e;
1078 2712 1148 2746 acl-

104 2778 271 2813 vocatu-5,
303 2773 357 2805 uti
384 2770 721 2814 erat-mandatum,
751 2770 867 2810 verba
896 2783 972 2817 pro.
992 2770 1150 2805 Milesiis

104 2830 159 2864 acl
160 2830 344 2877 populum
347 2827 490 2875 fecisse
508 2841 518 2864 .·
536 2828 822 2864 Demosthenem
842 2829 1068 2864 Milesiorum
1077 2842 1151 2876 po-

103 2889 249 2923 stulatis
267 2891 406 2922 acriter
416 2889 655 2937 respondisse,
682 2900 803 2935 neque
816 2888 984 2923 ll‘lilesios
1007 2889 1151 2922 auxilio

105 2947 249 2995 dignos,
268 2958 385 2994 neque
398 2958 447 2982 ex
462 2947 651 2995 republica
666 2946 707 2980 id
717 2958 794 2980 esse
806 2947 1054 2982 contendisse:
1074 2958 1151 2984 rem

108 3008 146 3040 in
155 3013 342 3052 posterum
359 3006 459 3040 diem
469 3006 680 3053 prolata1n;
707 3006 850 3052 legatos
864 3006 919 3039 ad
935 3004 1152 3039 Demosthe-

108 3075 191 3098 nem
212 3067 374 3107 venisse,
417 3075 627 3112 magnoque
649 3075 760 3110 opere
788 3075 921 3106 orasse,
950 3068 1003 3098 uti
1024 3071 1153 3099 contra

109 3133 156 3157 ne
173 3123 308 3157 diceret
328 3135 337 3158 .·
368 3135 450 3158 eum
472 3125 671 3170 pecuniam
698 3125 888 3169 petivisse,
921 3130 957 3157 et
975 3130 1152 3169 quantum

107 3183 287 3226 petiverat
300 3181 492 3216 abstulisse
516 3193 528 3215 :
533 3182 725 3228 postridie,
751 3193 862 3228 quum
877 3193 936 3215 res
955 3184 1024 3227 agi
1034 3181 1155 3215 denuo

112 3246 234 3285 coepta
271 3247 375 3283 esset,
414 3239 699 3275 Demosthenem
715 3267 722 3282 ,
752 3241 842 3274 lana
873 3241 991 3274 multa
1018 3241 1153 3274 collum

113 3301 335 3346 cervicesque
368 3300 683 3342 circumvolutum,
711 3299 765 3333 ad
773 3300 956 3346 populum
977 3300 1156 3346 prodiisse

85 3365 88 3370 '
115 3364 152 3391 et
172 3357 310 3392 dia-isse
337 3370 376 3392 se
393 3357 608 3405 synanchen
634 3360 724 3405 pati
732 3368 744 3400 ;
778 3369 820 3392 eo
840 3365 969 3391 contra
987 3357 1155 3391 Milesios

119 3414 217 3462 loqui
235 3428 305 3450 non
321 3420 426 3463 quire
440 3429 452 3451 .·
473 3424 547 3451 tum
567 3429 588 3451 e
602 3416 742 3463 populo
767 3428 877 3450 unum
901 3416 1145 3458 exclamasse,

118 3484 191 3508 non
209 3463 436 3520 synanchen¹
467 3475 563 3522 quod
582 3473 842 3509 Demosthenes
865 3480 1067 3523 pateretur,
1093 3474 1159 3509 secl

2157 272 2231 304 373

1195 353 1454 402 argyranchen
1469 366 1560 390 esse.
1578 356 1666 402 Ipse
1676 357 1788 389 etiam
1803 356 2073 400 Demosthenes,
2093 366 2133 394 ut
2143 358 2239 394 idem

1195 412 1382 448 Critolaus
1404 409 1533 456 refert,
1561 424 1633 448 non
1666 412 1706 447 id
1730 420 1862 460 postea
1893 417 2096 450 concelavit
2123 429 2134 450 :
2155 421 2240 464 quin

1194 472 1329 519 gloriae
1347 483 1487 518 quoquc
1506 470 1575 506 hoc
1593 471 1667 506 sibi
1689 474 1903 518 assignavit.
1926 474 2024 508 Nam
2046 487 2153 521 quum
2182 478 2240 510 in·

1195 530 1707 578 terrogassetAristodemum,
1720 538 1879 565 actorem
1880 528 2115 576 fabularum,
2130 545 2243 579 quan·

1197 597 1271 624 tum
1283 589 1471 633 mercedis,
1491 591 1545 623 uti
1558 597 1702 635 ageret,
1712 593 1923 637 accepisset,
1944 598 1980 625 et
1996 592 2244 626 Aristodemus

1195 648 1376 683 talentum
1390 648 1642 695 respondisset
1660 660 1671 682 .·
1684 649 1736 683 At
1754 660 1824 695 ego
1831 649 1931 697 plus,
1950 652 2078 696 inquit,
2098 654 2237 697 accepi,

1196 715 1237 742 ut
1249 715 1422 744 tacerem.
1446 706 1719 755 Philosophica
1741 707 1915 754 quaedam
1933 719 1979 743 ex
1995 708 2163 744 Critolao
2187 709 2245 743 af-

1199 765 1270 801 fert
1293 766 1434 802 Gellius
1465 766 1521 800 IX
1533 793 1543 810 ‚
1583 763 1603 800 5
1616 791 1626 810 ,
1653 765 1690 802 6.
1717 765 1927 801 Critolaum
1959 767 2246 814 grammaticum

1197 825 1385 872 quendam
1397 824 1527 860 laudat
1538 832 1637 861 auct.
1650 825 1776 871 Etym.
1790 826 1843 861 M.
1854 838 1893 873 p.
1909 829 1926 866 l.
1939 825 1998 870 16,
2013 825 2059 860 25
2074 818 2140 869 vu}
2156 823 2184 860 δ’
2196 821 2244 865 ὅς.

1198 883 1303 919 Alios
1321 883 1508 920 Critolaos
1524 890 1649 919 taceo.

1379 1144 1466 1200 CR
1477 1144 1653 1200 ITON
1695 1145 2060 1202 PIERIOTA.

1253 1298 1387 1334 Suidas
1411 1310 1419 1333 ε
1441 1297 1499 1348 [Κ
1513 1296 1647 1349 ρίτων
1669 1296 1800 1350 ἔγραψε
1828 1297 1976 1345 Ιέτικά,
1996 1301 2054 1335 vel
2069 1307 2111 1335 ut
2126 1301 2243 1336 codd.

1201 1357 1243 1394 B.
1270 1359 1300 1392 E
1321 1370 1330 1392 ε
1355 1358 1422 1405 Κρ.
1448 1354 1598 1408 ἔγραψεν
1613 1358 1647 1394 ἐν
1667 1357 1737 1400 τοῖς
1752 1357 1948 1407 Γετικοῖς.]

1258 1414 1428 1466 Κρίτων
1449 1414 1671 1465 Πιεριώτη
1684 1428 1710 1458 ς·
1735 1415 1834 1459 πόλις
1853 1415 1889 1452 δὲ
1916 1416 2138 1458 Μακεδονίας
2159 1418 2252 1455 ἐστὶν

1203 1476 1224 1519 ἡ
1269 1473 1408 1526 Πιερία·
1432 1473 1618 1526 ἱστορικός.
1648 1471 1806 1526 Ἔγραψε
1831 1475 2085 1521 Παλληνιακά,
2131 1477 2250 1527 Συρα-

1203 1534 1336 1570 κουσῶν
1361 1532 1471 1570 κτίσιν
1482 1563 1492 1580 ,
1506 1532 1683 1584 Περσικά,
1709 1532 1903 1571 Σικελιακά
1916 1562 1926 1581 ,
1941 1534 2173 1584 Συρακουσῶν
2191 1551 2252 1574 πε-

1204 1592 1363 1645 ριήγησιν
1376 1624 1385 1640 ,
1401 1592 1461 1630 καὶ
1482 1592 1567 1644 Περὶ
1583 1595 1643 1638 τῆς
1664 1593 1776 1644 ἀρχῆς
1791 1594 1859 1629 τῶν
1882 1592 2114 1634 Μακεδόνων,

1258 1653 1287 1690 Κ
1300 1667 1317 1702 ρ
1330 1651 1426 1689 ίτων
1451 1650 1610 1695 Νάξιος
1622 1681 1632 1700 ,
1652 1650 1837 1702 ἱστορικός.
1852 1648 2036 1705 Ἔγραψεν
2055 1652 2254 1701 Ὀκταετη-

1204 1710 1294 1762 ρίδα·
1314 1709 1355 1756 ἣν
1375 1708 1523 1754 Εὐδόξου
1540 1709 1657 1761 φασίν.

1256 1771 1347 1818 Quae
1367 1771 1474 1806 uncis
1488 1771 1622 1806 inclusi
1644 1771 1853 1806 omiserunt
1872 1771 1986 1807 codd.
2010 1773 2042 1807 A
2060 1780 2096 1809 et
2116 1775 2169 1821 V3
2188 1775 2255 1809 sci-

1202 1831 1290 1866 licet
1309 1831 1383 1865 huc
1404 1831 1583 1865 translata
1606 1837 1693 1865 sunt
1713 1842 1757 1866 ex
1786 1843 1822 1868 v,
1847 1828 1949 1867 Γεσοί
1974 1830 2030 1878 (ν.
2056 1831 2103 1868 fr.
2132 1845 2144 1866 1
2167 1831 2190 1879 ).
2213 1834 2256 1868 ln

1204 1902 1311 1937 seqq.
1334 1887 1572 1933 Παλληνιακοί
1597 1889 1685 1926 cod.
1706 1891 1770 1934 A.‚
1790 1889 1968 1936 idemque
1993 1890 2131 1926 deinde
2150 1891 2254 1928 Σικε-

1204 1946 1332 1993 λιακοί,
1366 1949 1481 1996 vulgo
1517 1946 1726 1992 Παλληνικά
1748 1955 1784 1983 et
1816 1946 2000 1986 Σικελικά.
2033 1948 2129 1987 Cod.
2156 1953 2187 1987 V
2219 1959 2256 1986 et

1205 2007 1374 2043 Eudocia
1392 2020 1432 2055 p.
1457 2008 1532 2052 267
1562 2007 1711 2041 titulum
1735 2003 1903 2043 Σικελικὰ
1918 2007 2137 2045 omiserunt.
2161 2011 2257 2045 For-

1207 2074 1300 2102 tasse
1310 2079 1385 2101 vox
1397 2062 1590 2103 Σικελιακὰ
1605 2065 1775 2100 nihilnisi
1786 2066 1964 2114 repetitio
1980 2075 2162 2116 corrupta
2175 2081 2255 2104 ma·

1206 2126 1288 2161 leve
1301 2132 1447 2160 mutata
1460 2132 1516 2159 est
1542 2124 1640 2159 tituli
1671 2122 1923 2170 Παλληνιακά,
1951 2126 2060 2160 sicuti
2076 2126 2124 2161 ad
2138 2140 2255 2163 unum

1206 2184 1384 2231 idemque
1399 2196 1495 2231 opus
1508 2184 1700 2232 pertinent
1715 2184 1779 2230 qui
1792 2191 2003 2231 sequuntur
2020 2185 2118 2220 tituli
2135 2186 2256 2236 Συρα-

1206 2242 1339 2278 κουσῶν
1385 2238 1494 2283 κτίσις
1530 2248 1568 2276 et
1612 2241 1848 2290 Συρακουσῶν
1888 2240 2109 2293 περιήγησις.
2155 2246 2252 2282 Hinc

1209 2300 1344 2336 deinde
1359 2300 1526 2335 nascitur
1544 2301 1715 2348 suspicio.
1730 2299 1890 2351 Περσικὰ
1921 2314 2075 2349 quoque
2106 2315 2183 2338 non
2201 2304 2257 2339 di-

1207 2372 1312 2395 versa
1333 2371 1410 2394 esse
1429 2359 1475 2394 ab
1494 2371 1610 2408 opere
1627 2357 1714 2408 Περὶ
1725 2360 1785 2403 τῆς
1800 2360 1912 2411 ἀρχῆς
1930 2361 1998 2396 τῶν
2014 2359 2225 2409 Μακεδόνων
2246 2376 2253 2398 :

1208 2419 1351 2453 scilicet
1362 2417 1539 2456 narrandi
1554 2417 1750 2452 exordium
1762 2425 1897 2453 auctor
1907 2419 2079 2466 posuerit
2090 2419 2127 2453 in
2139 2431 2257 2468 e-xpc-

1209 2477 1354 2512 ditione
1371 2475 1592 2520 Alexandri,
1607 2475 1771 2523 ideoque
1791 2474 1948 2526 Περσικὰ
1966 2476 2094 2512 titulus
2106 2478 2259 2525 aprima

1210 2535 1335 2582 operis
1349 2541 1456 2583 parte
1471 2534 1691 2582 desumptus
1707 2529 1765 2570 sit.
1785 2536 1866 2572 Hoc
1883 2535 2017 2583 saepius
2028 2535 2167 2570 factum
2183 2548 2259 2571 esse

1202 2594 1391 2642 yidimus,
1412 2605 1455 2628 ac
1483 2593 1543 2628 vel
1564 2593 1652 2629 inde
1672 2593 1873 2642 probabile
1894 2602 1965 2638 est,
1998 2595 2104 2642 quod
2127 2595 2259 2631 eadem

1210 2654 1308 2688 ratio
1330 2664 1405 2688 esse
1421 2652 1572 2687 videtur
1589 2653 1685 2687 tituli
1704 2666 1711 2687 ε
1737 2652 1970 2701 Συρακουσῶν
1986 2652 2111 2695 κτίσις.
2138 2654 2258 2691 Com—-

1214 2712 1343 2761 parari
1370 2712 1480 2747 etiam
1502 2713 1647 2759 possint
1669 2712 1824 2747 Duridis
1849 2710 2006 2761 Περσικὰ
2027 2725 2089 2760 ap.
2111 2714 2256 2750 Eudoc.

1212 2785 1246 2809 v.
1281 2771 1414 2821 Δῶρις,
1436 2783 1513 2818 (1110
1548 2771 1656 2805 titulo
1692 2771 1941 2806 Macedonica
1960 2772 2074 2806 Samii
2093 2773 2258 2807 auctoris

1211 2830 1370 2866 historia
1403 2829 1636 2877 designatur.
1662 2831 1718 2864 Ne
1748 2829 1932 2865 advocem
1967 2831 2119 2866 Persica
2146 2831 2258 2868 Calli-

1212 2890 1363 2925 sthenis.
1383 2889 1557 2924 Ceterum
1569 2888 1670 2923 unde
1684 2895 1769 2922 nata
1789 2889 1833 2923 sit
1851 2889 1930 2923 haec
1946 2900 2073 2925 rerum
2087 2889 2258 2924 confusio

1214 2948 1322 2984 facile
1344 2947 1459 2983 dictu.
1481 2947 1666 2981 Nimirum
1687 2958 1707 2982 a
1726 2946 1875 2983 duobus
1892 2947 2019 2982 lexicis
2045 2960 2112 2984 sua
2126 2947 2259 2983 Suidas

1215 3006 1385 3041 corrasit.
1409 3006 1490 3040 Jam
1508 3005 1535 3039 si
1559 3004 1656 3038 tituli
1685 3016 1845 3051 operum
1864 3005 1924 3039 vel
1939 3017 2015 3042 non
2036 3006 2084 3041 ad
2100 3005 2258 3040 verbum

1216 3065 1474 3107 concinerent,
1491 3063 1549 3098 vel
1563 3063 1599 3097 in
1621 3063 1739 3097 altero
1756 3062 1858 3098 fonte
1870 3065 2039 3112 corrupti
2057 3071 2195 3108 essent,
2207 3063 2260 3097 ‹li-

1216 3134 1321 3157 versa
1342 3133 1459 3169 opera
1481 3121 1537 3157 his
1558 3121 1735 3156 omnibus
1749 3122 1897 3157 subesse
1917 3124 2076 3171 putavit.

1270 3183 1301 3215 A
1335 3180 1484 3215 Pierota
1519 3180 1670 3215 Critone
1685 3207 1694 3224 ‚
1728 3192 1948 3227 quanquam
1987 3180 2138 3217 aliunde
2183 3192 2260 3214 11011

1217 3246 1328 3282 noto,
1352 3237 1541 3286 distinguo
1569 3238 1762 3274 Critonem
1781 3239 1846 3285 qui
1868 3235 1994 3276 Γετικὰ
2010 3238 2170 3285 scripsit.
2199 3237 2257 3274 Cf.

1219 3297 1264 3332 de
1276 3309 1320 3331 eo
1339 3296 1467 3343 Steph.
1490 3296 1576 3343 Byz.
1601 3309 1635 3333 v.
1653 3295 1757 3333 Γετία
1774 3308 1782 3332 2
1804 3294 1855 3333 Τὸ
1867 3294 2025 3340 κτητικὸν
2043 3293 2178 3343 λέγεται
2191 3295 2259 3331 Γε-

1217 3353 1309 3394 τικὸς
1323 3383 1332 3399 ,
1353 3353 1409 3404 ἀφ’
1431 3346 1469 3389 οῧ
1501 3352 1676 3404 Κρίτωνος
1699 3352 1839 3391 Γετικά.
1872 3356 1905 3389 Is
1925 3353 2175 3401 probabiliter
2207 3359 2260 3387 est

1218 3414 1320 3449 Crito
1347 3412 1516 3447 medicus
1546 3414 1610 3459 qui
1641 3412 1709 3447 sub
1746 3411 1909 3457 Trajano
1942 3412 2035 3445 vixit
2076 3410 2084 3460 (
2100 3410 2230 3445 Suidas
2249 3422 2256 3444 :

1219 3470 1365 3521 Ῥοῦφος
1386 3468 1568 3520 Ἐφέσιος,
1589 3469 1727 3519 ἰατρὸς,
1754 3467 1901 3518 γεγονὼς
1921 3466 1978 3504 ἐπὶ
2003 3469 2179 3518 Τραϊανοῦ
2199 3465 2258 3504 σὺν
