2326 3724
117 208 192 241 226

114 287 242 339 εὈμως
262 291 279 327 6
299 288 512 334 Διζάὸουλος
531 288 714 342 (ἆγΑίνους
731 289 797 343 γάρ
815 305 866 334 τις
885 290 946 328 καὶ
959 290 1088 340 δεινός)
1105 293 1167 330 οὐκ

115 349 266 399 ἠγνόησε
283 348 323 387 τὸ
339 349 510 402 πραχθὲν,
528 349 625 402 ᾠήθη
647 349 702 396 δὲ,
720 350 805 402 ὅπερ
825 350 885 388 καὶ
907 344 964 398 ἦν,
988 353 1034 394 ὡς
1053 352 1167 390 ἐδολο-

115 407 314 459 φονήθησαν
335 410 366 446 οἱ
386 407 560 461 πρέσὸεις.
581 407 708 448 Ἔνθεν
735 413 920 461 τοιγαροῦν
939 413 962 456 ἡ
983 409 1168 460 δυσμένεια

114 466 243 519 ἤρξατο
287 469 434 520 Περσῶν
473 483 510 506 τε
541 467 602 506 καὶ
635 467 818 520 Τούρκων.
862 468 935 507 Καὶ
976 469 1169 520 λαδόμενος

114 529 132 563 6
160 526 330 580 Μανιὰχ,
364 527 398 571 ὃς
429 529 496 565 τῶν
532 528 735 580 Σογδαϊτῶν
767 528 1001 581 προεστήκει,
1036 530 1168 567 τοιουδε

114 601 238 638 καιρου
273 586 500 637 ξυμὸουλεύει
539 603 588 639 τῳ
626 586 853 641 Διζαίῗούλῳ,
896 587 1038 638 ἄμεινον
1081 591 1169 626 εἶναι

114 644 282 697 Τούρκοις
312 646 540 684 ἀσπάσασθαι
569 645 614 685 τὰ
633 645 837 697 Ρωμαίων,
855 647 915 685 καὶ
941 649 1026 700 παρ’
1048 646 1170 691 αὐτους

115 702 215 742 ὤνιον
249 705 474 756 ἀποκομίζειν
507 704 569 752 τὴν
592 705 758 757 μέταξαν,
786 705 832 750 ὥς
859 721 898 757 γε
924 705 985 744 καὶ
1015 705 1108 744 κατὰ
1131 705 1170 744 τὸ

114 762 217 802 πλέον
238 767 306 803 τῶν
328 765 442 803 ἄλλων
464 765 656 818 ἀνθρώπων
688 764 903 818 χρωμένους.
930 764 1168 815 (Ετοιμότατα

114 821 150 859 δὲ
180 823 272 874 ἔχειν
303 823 367 877 ἔφη
398 827 416 862 6
440 823 590 876 Μανιὰχ
622 824 682 862 καὶ
715 823 817 868 αὐτὸς
848 823 1076 876 συναπαίρειν
1099 829 1170 867 τοῖς

112 880 281 934 πρέσὸεσι
308 885 377 921 τῶν
404 882 585 936 Τούρκων·
615 883 675 921 καὶ
704 885 750 926 ὡς
781 882 892 934 ταύτῃ
919 882 1012 936 φίλοι
1033 881 1169 920 ἔσονται

114 939 289 992 Ῥωμαῖοί
309 958 346 980 τε
376 941 436 980 καὶ
454 945 620 994 Τοῦρκοι.
643 942 789 986 Τούτοις
811 942 922 989 δήπου
950 942 1170 986 κατανεύσας

112 1005 182 1044 τοῖς
203 1001 355 1054 ῥήμασιν
374 1004 391 1039 6
408 1001 622 1046 Διζοίὸουλος
640 1001 813 1051 ἐκπέμπει
839 1000 941 1039 αὐτόν
958 1017 996 1039 τε
1013 1001 1073 1039 καὶ
1090 1001 1168 1039 ἑτέ·

113 1075 190 1110 ρους
221 1060 316 1104 τινὰς
348 1062 394 1104 ὡς
429 1059 575 1112 βασιλέα
603 1059 795 1110 Ῥωμαίων
826 1060 1167 1113 πρεσὸευσομένους,

112 1118 323 1171 προσρήσεις
343 1135 380 1157 τε
408 1121 688 1169 ἄποκομιοῧντας
713 1119 773 1157 καὶ
793 1120 888 1172 δῶρα
913 1118 1085 1169 μετάξης,
1106 1120 1169 1157 οὐκ

111 1179 227 1229 ὀλίγον
250 1194 284 1216 τι
306 1181 450 1230 χρῆμα,
466 1177 527 1215 καὶ
554 1177 733 1221 συλλαὸάς
763 1194 870 1223 τινας.
894 1178 1049 1217 Τοιάσδε
1073 1176 1169 1222 τινὰς

112 1236 300 1281 ἐπιστολὰς
320 1236 565 1290 ἐπιφερόμενος
584 1239 602 1274 6
623 1236 771 1290 Μανιὰχ
791 1236 973 1288 ἀπήρξατο
997 1240 1058 1284 τ’ῆς
1077 1238 1169 1275 ὁδοι-

111 1296 247 1348 πορίας.
287 1295 360 1335 Καὶ
408 1294 449 1343 δὴ
489 1297 522 1340 ἐς
560 1295 605 1334 τὰ
639 1296 796 1346 μάλιστα
829 1295 964 1342 πολλὴν
1004 1295 1168 1340 διανύσας

111 1355 281 1407 ἀτραπὸν,
306 1354 442 1429 χώρους
469 1371 507 1394 τε
530 1354 706 1394 διελθὼν
692 1355 786 1394 εσότι
817 1355 1062 1404 πλείστους,”
1042 1371 1105 1409 ορη
1129 1371 1167 1394 τε

111 1414 260 1465 μέγιστα
278 1415 338 1453 καὶ
356 1417 528 1476 ἀγχινεφῆ
546 1431 606 1453 και
625 1414 728 1453 πεδία
747 1414 808 1454 καὶ
826 1415 963 1464 νάπας,
980 1415 1107 1466 λίμνας
1129 1431 1166 1454 τε

109 1474 169 1511 καὶ
183 1474 362 1525 ποταμους
375 1504 385 1524 ,
403 1477 477 1512 εἶτα
498 1473 556 1512 τὸν
575 1473 766 1513 Καύκασον
786 1474 889 1513 αὐτὸν
909 1490 948 1512 το
962 1474 1037 1527 ὅρος
1057 1477 1168 1528 ὑπερ-

111 1532 233 1580 ελθὼν,
250 1534 288 1571 τὸ
303 1534 537 1571 τελευταῖον
519 1533 661 1586 αφίκετο
678 1534 711 1577 ἐς
726 1533 924 1578 Βυζάντιον.
955 1533 1027 1573 Καὶ
1053 1533 1166 1572 τοίνυν

112 1593 159 1635 εἷς
176 1591 220 1630 τὰ
241 1592 403 1644 βασίλεια
420 1591 604 1644 παρελθὼν
621 1591 681 1630 καὶ
701 1592 825 1645 παρὰ
819 1593 997 1631 Βασιλέα
986 1592 1167 1645 γενόμενος

114 1651 254 1689 ἅπαντα
276 1650 405 1703 ἔπραξε
427 1650 471 1689 τὰ
492 1650 557 1689 ὅσα
586 1649 709 1689 ἕπεται
738 1653 788 1689 τῶ
808 1655 869 1698 τῆς
889 1651 1004 1706 φιλίας
1028 1654 1166 1704 θεσμῷ,

108 1710 148 1748 τό
176 1726 214 1748 τε
243 1709 394 1762 γράμμα
420 1709 481 1748 καὶ
513 1711 557 1748 τὰ
588 1711 721 1763 δῶρα
706 1710 897 1764 ενεχείρισε
914 1716 985 1754 τοῖς
1010 1726 1044 1754 ες
1065 1714 1167 1748 τοῦτο

110 1768 323 1818 ἀνειμένοις,
338 1769 396 1807 καὶ
415 1770 524 1807 ἐδεῖτο
538 1767 586 1820 μὴ
603 1768 786 1816 ἀνονήτους
804 1771 900 1808 αὐτῶ
917 1769 1077 1821 γενέσθαι
1090 1786 1167 1813 τους

111 1831 175 1874 τῆς
192 1827 411 1880 ὁδοιπορίαςε
404 1829 565 1881 ιδρῶτας.
585 1826 690 1880 Ἀτὰρ
705 1830 722 1865 6
738 1827 901 1880 βασιλευς
914 1827 1165 1878 ἀναλεξάμενος

111 1885 168 1924 διὰ
199 1889 267 1924 τῶν
298 1886 476 1939 ἑρμηνέων
501 1885 540 1925 τὸ
572 1886 722 1939 γράμμα
746 1902 787 1925 το
813 1886 984 1926 Σκυθικὸν
1015 1886 1164 1937 ἀσμενέ-

110 1961 222 1983 στατα
253 1944 458 1998 προσήκατο
493 1945 556 1992 τὴν
589 1945 794 1997 πρεσὸείαν.
828 1948 1024 1998 Ιοιγαρουν
1059 1945 1163 1998 ἤρετο

109 2004 188 2048 τοὺς
205 2005 371 2058 πρέσδεις
387 2005 467 2056 περὶ
485 2007 545 2051 τ’ῆς
559 2006 626 2042 τῶν
643 2004 811 2058 Τούρκων
834 2007 1022 2055 ἡγεμονίας
1040 2020 1078 2042 τε
1102 2004 1162 2042 καὶ

108 2063 238 2116 yt'.›pntq
263 2066 309 2103 Οι
331 2064 367 2101 δέ
386 2079 424 2115 γε
441 2062 573 2116 ἔφασαν
590 2062 759 2116 τέτταρας
779 2064 894 2107 αὐτοῖς
914 2067 1003 2101 εἶναι
1030 2066 1164 2115 ἠγεμο-

110 2178 140 2209 et
153 2177 198 2209 illi
212 2177 266 2218 qui
286 2176 416 2209 insidias
436 2179 621 2214 evaserant,
638 2177 786 2217 quamvis
803 2177 897 2209 aliter
913 2176 1163 2217 suspicarentur,

109 2229 262 2268 eandem,
276 2238 350 2269 quae
369 2238 424 2269 per
442 2228 600 2260 Persidem
626 2228 872 2269 percrebuerat,
894 2229 1013 2260 famam
1033 2237 1164 2269 quoque

109 2281 194 2321 apud
208 2290 283 2312 suos
293 2280 512 2320 divulgarunt.
525 2280 781 2320 SmlDizahuliis,
795 2281 892 2312 homo
902 2280 1035 2312 callidus
1048 2282 1080 2311 et
1094 2289 1163 2311 ver-

109 2335 212 2372 sutus,
230 2342 302 2373 quae
315 2335 439 2372 patrata
461 2333 846 2373 erant,non1⁰norabat
868 2332 1029 2365 credebat
1056 2333 1161 2372 enim,

109 2387 192 2418 sicut
206 2387 286 2426 erat,
309 2386 429 2426 legatos
448 2385 522 2417 dolo
539 2387 669 2417 necatos
685 2395 765 2418 esse.
784 2386 864 2418 Hinc
887 2385 1064 2417 inimicitiae
1081 2387 1163 2417 Tur-

109 2447 221 2470 eorum
238 2440 270 2469 et
285 2439 343 2469 Pei
345 2447 453 2469 sarum
466 2438 619 2478 originem
634 2439 799 2478 ceperunt.
815 2440 855 2470 Et
869 2438 950 2469 lianc
963 2438 1163 2470 occasionem

110 2490 276 2530 Maniaoh,
293 2489 349 2530 qui
373 2490 532 2530 Sogdaitis
551 2492 702 2530 praeerat,
723 2490 894 2530 arripiens,
916 2490 1071 2522 Dizabulo
1090 2498 1163 2530 per-

109 2543 228 2582 suasit,
246 2543 358 2574 utilius
379 2551 447 2574 esse
463 2543 576 2574 Turcis
592 2546 752 2575 Romanos
768 2543 891 2582 colere,
908 2545 939 2574 et
955 2552 1067 2574 eorum
1086 2542 1164 2574 ami-

110 2595 218 2626 citiam
233 2594 402 2635 amplecti,
417 2594 503 2626 etad
516 2594 586 2626 illos
603 2594 695 2626 serici
719 2595 951 2626 commercium
970 2594 1141 2626 transferre
1154 2619 1162 2634 ‚

110 2647 165 2687 qui
183 2646 261 2678 illud
284 2647 316 2678 in
330 2646 536 2687 frequentiori
553 2655 612 2678 usu
629 2646 783 2678 haberent
805 2655 902 2686 quam
930 2646 1044 2686 reliqui
1059 2646 1162 2677 homi-

109 2708 183 2739 nes,
201 2708 299 2740 seque
323 2699 559 2740 paratissimum
583 2708 652 2731 esse
676 2698 803 2731 dicebat
826 2699 974 2731 Maniae-h
997 2708 1060 2730 una
1089 2708 1163 2730 cum

111 2753 220 2792 legatis
233 2755 412 2784 Tuscorum
431 2752 471 2784 ad
487 2761 558 2784 eam
575 2753 765 2793 legationem
793 2752 965 2793 proticisci,
978 2753 1014 2783 ut
1031 2753 1162 2784 Romani

110 2807 142 2837 et
155 2806 248 2837 Turci
260 2806 319 2837 hac
338 2804 519 2837 conditione
536 2806 554 2837 s
559 2806 648 2838 erent
667 2805 773 2837 amici.
791 2806 845 2838 His
864 2806 969 2838 verbis
989 2805 1164 2837 Dizabulus

110 2867 262 2891 accensus
288 2859 388 2890 mittit
416 2859 520 2899 ipsum
546 2860 577 2891 et
602 2859 759 2900 quosdam
785 2859 884 2898 alios,
903 2868 959 2899 qui
973 2858 1162 2899 levationem

111 2910 238 2942 obirent
252 2910 338 2950 apud
360 2911 585 2950 imperatorem
606 2913 805 2950 Romanum,
825 2911 919 2951 eique
934 2911 1164 2950 gratulationes

111 2963 143 2993 et
162 2962 246 2993 dona
264 2961 357 2993 serici
380 2970 445 2993 non
463 2963 552 3002 parvi
572 2963 665 3003 pretii
690 2971 755 2994 una
771 2971 844 2994 cum
869 2962 969 2994 liteiis
993 2962 1162 2994 deterrent.

111 3016 201 3046 Hanc
215 3014 335 3054 epistol
329 3023 381 3045 un
398 3015 500 3046 serens
515 3015 678 3047 Maniach'
673 3015 799 3047 inviam
813 3024 846 3048 se
855 3015 954 3047 dedit.
968 3017 1076 3053 Quum
1088 3015 1161 3046 lon-

111 3076 187 3107 gum
204 3066 325 3098 itineris
341 3069 479 3107 spatium
503 3068 691 3100 coniecisset
714 3068 898 3108 multasque
913 3069 1055 3108 regiones
1070 3076 1161 3108 pera-

111 3120 248 3159 grasset,
263 3121 389 3150 montes
414 3122 593 3159 praeruptos
617 3121 648 3151 et
674 3121 816 3161 undique
833 3120 961 3151 nivibus
976 3121 1160 3159 coopertos,

112 3170 183 3202 loca
197 3171 290 3211 plana
300 3172 332 3202 et
345 3171 479 3210 silvosa,
495 3171 629 3211 paludes
642 3173 673 3203 et
687 3171 838 3212 flumina,
852 3171 968 3203 deinde
982 3173 1162 3203 Caucasum

112 3223 310 3262 superasset,
338 3222 526 3262 Byzantium
546 3223 707 3262 pervenit,
722 3226 754 3255 et
770 3224 802 3254 in
825 3223 944 3263 regiam
958 3222 1162 3255 introductus

112 3275 153 3306 ad
177 3276 405 3315 imperatorem
435 3275 578 3307 accessit.
599 3276 657 3307 Hic
681 3276 788 3307 omnia
805 3277 977 3308 exsecutus
999 3277 1065 3316 est,
1087 3284 1162 3316 quae

113 3329 198 3360 inter
211 3328 313 3360 socias
338 3329 447 3368 gentes
462 3328 623 3360 observari
640 3329 760 3368 solent,
791 3330 823 3360 et
847 3329 954 3360 literas
980 3330 1013 3360 et
1028 3328 1161 3360 donam

114 3390 228 3412 manus
243 3380 371 3417 tradidit
384 3389 512 3420 eorum,
537 3390 676 3421 quorum
697 3381 756 3412 hoc
775 3380 917 3412 officium
934 3382 1019 3420 erat,
1039 3381 1072 3412 et
1088 3389 1162 3421 pre-

112 3435 206 3472 <jains
220 3435 284 3473 est,
300 3442 340 3465 ne
353 3433 411 3465 sibi
434 3433 513 3465 irriti
540 3434 652 3466 tierent
680 3435 745 3465 tam
762 3433 847 3474 longi
872 3433 994 3466 itineris
1015 3433 1157 3466 sudores.

1193 1677 1250 2108 i

871 175 1146 244 MENANDai
1177 205 1534 246 paorsscroms

1232 293 1323 337 νίας·
1349 293 1388 332 τὸ
1415 293 1452 332 δέ
1471 310 1511 344 γε
1533 294 1657 347 κροίτος
1679 297 1739 334 τοῦ
1766 294 1963 346 ξύμπαντος
1983 295 2096 340 ἔθνους
2123 297 2279 336 ἀνεῖσθαι

1232 352 1327 404 μόνῳ
1340 369 1390 405 τῳ
1404 352 1624 406 Διζαὸούλῳ.
1637 353 1733 406 Πρός
1748 369 1787 428 γε
1800 353 1935 405 ἔλεξαν,
1948 356 1994 397 ὡς
2007 355 2278 407 παρεστήσαντο

1231 411 1290 450 καὶ
1307 411 1521 473 Ἐφθαλίτας
1549 412 1653 465 μέχρι
1669 413 1764 451 καὶ’
1749 429 1782 457 ες
1807 412 1912 466 φόρου
1931 413 2140 465 ἀπαγωγήνι
2162 432 2181 449 ι
2199 416 2278 454 Πᾶ-

1232 486 1296 508 σαν
1313 474 1386 520 οὖν,
1407 488 1422 504 »
1442 470 1507 524 ἔφη
1528 473 1545 510 ὁ
1566 472 1812 524 αὐτοκράτωρ,
1842 490 1856 505 α
1882 472 1946 519 τὴν
1965 488 2034 510 των
2061 472 2279 526 Ἐφθαλιτῶν

1232 529 1486 576 ἐκποιήσασθαι
1506 530 1790 581 (ἷδιοποιήσασθε
1806 533 1867 568 vel
1885 530 2108 569 ὠκειώσασθε
2133 532 2252 571 Bekk.
2266 533 2278 582 )

1232 586 1392 632 δύναμιν.
1408 605 1423 622 »
1442 607 1458 622 ιι
1480 588 1581 628 Πάνυ
1603 588 1665 639 μὲν
1682 583 1753 637 οῧν,
1770 608 1784 623 υ
1805 588 1922 634 ἔλεξαν
1937 591 1968 628 οἱ
1985 588 2159 643 πρέσὸεις.
2175 583 2282 634 Αὖθις

1232 649 1249 684 6
1278 647 1457 699 βασιλεύς·
1476 666 1491 682 κ
1522 647 1625 687 Κατὰ
1644 647 1762 692 πόλεις
1789 648 1813 696 ἤ
1842 665 1909 687 που
1942 648 2009 700 ἄρα
2043 648 2134 687 κατὰ
2157 647 2281 700 κώμας

1231 702 1342 765 {meme
1374 706 1405 743 οἱ
1444 704 1672 759 Ἐφθαλῒται;
1704 723 1721 742 a>
1755 708 1803 747 Oi
1842 706 2026 760 πρέσὸεις·
2063 725 2080 742 ιι
2108 707 2281 756 Ἀστικοὶ,

1231 765 1260 801 ὠ
1276 762 1428 802 δέσποτα
1441 794 1451 812 ,
1468 764 1507 803 τὸ
1519 766 1638 818 φ’ῠλον.
1657 782 1673 799 υ
1689 783 1705 799 «ι
1719 765 1877 813 Εὔδηλον
1895 761 1966 815 οὖν,
1981 760 2003 814 ἧ
2018 765 2054 804 δὲ
2070 769 2088 805 ὁ
2101 765 2279 819 βασιλεὺς,

1234 824 1281 866 ὡς
1300 822 1437 861 ἐκείνων
1456 823 1568 871 δήπου
1594 826 1663 863 τῶν
1689 825 1826 863 πόλεων
1855 825 1968 878 κύριοι
1987 825 2242 873 καθεστήκατε.
2263 843 2279 862 ιο

1233 900 1249 916 ιι
1271 882 1344 920 Καὶ
1359 882 1469 933 μάλα,
1489 900 1504 918 »
1519 882 1670 936 ἔφασαν.
1692 883 1738 924 Ὁ
1757 884 1936 937 βασιλεύς·
1955 903 1970 921 α
1984 882 2072 938 Ἄρα
2084 887 2180 935 ἡμᾶς
2194 886 2279 924 ἀνα·

1233 940 1443 985 διδάξατε“
1422 957 1487 988 οση
1507 944 1575 980 τῶν
1597 941 1755 996 Ἀὅάρων
1773 943 1907 990 πληθυς
1931 946 1993 991 τῆς
2019 946 2089 982 τῶν
2109 943 2279 996 Ἰούρκων

1233 999 1423 1052 ἀφηνίασεν
1455 1000 1698 1072 ἐπικρατείας,
1723 1001 1788 1040 καὶ
1815 1002 1847 1040 εἴ
1864 1018 1952 1047 τινες
1971 1002 2022 1041 ἔτι
2038 1005 2122 1056 παρ’
2141 1005 2242 1053 ὖμῒν;
2263 1021 2280 1037 »

1235 1076 1251 1091 «
1274 1058 1356 1097 Εἰσὶ
1377 1058 1453 1109 μὲν,
1473 1075 1502 1097 ω
1524 1061 1689 1112 βασιλεῦ,
1719 1059 1752 1099 οῗ
1769 1076 1808 1111 γε
1827 1061 1872 1099 τὰ
1900 1060 2056 1113 ἡμέτερα
2077 1061 2280 1114 στέργουσιν

1232 1116 1303 1155 ἔτι·
1331 1116 1409 1162 τους
1439 1118 1475 1156 δὲ
1505 1119 1674 1166 δήπουθεν
1705 1119 1974 1172 ἀποδράσαντας
1992 1123 2090 1172 οἶμαι
2110 1121 2200 1174 ἀμφὶ
2219 1120 2282 1164 τὰς

1232 1176 1360 1215 εἴκοσιν
1389 1181 1478 1215 εἶναι
1510 1179 1737 1230 χιλιάδας.»
1766 1173 1858 1219 Εἶτα
1891 1178 2222 1232 ἀπαριθμησάμενοι
2250 1181 2281 1218 ot

1231 1236 1395 1289 πρέσὸεις
1414 1237 1494 1284 ἔθνη
1516 1237 1676 1284 κατήκοα
1695 1238 1874 1291 Ἰούρκων,
1890 1237 1930 1276 τὸ
1946 1237 2066 1277 λοιπὸν
2079 1238 2282 1286 ἠντιὸόλουν

1233 1295 1474 1349 αὐτοκράτορα
1503 1296 1643 1349 εἰρήνην
1675 1313 1713 1335 τε
1754 1296 1957 1342 ξυνεστοίναι
1991 1296 2052 1336 καὶ
2085 1297 2281 1350 ὁμαιχμίαν

1232 1355 1423 1405 Ῥωμαίοις
1448 1372 1485 1394 τε
1516 1357 1576 1395 καὶ
1595 1355 1777 1410 Τούρκοις.
1802 1355 2059 1409 Προσετίθεσαν
2081 1355 2137 1404 δὲ,
2154 1359 2200 1400 ὡς
2221 1356 2281 1395 καὶ

1231 1417 1443 1466 ἑτοιμότατα
1463 1415 1582 1467 ἔχουσι
1600 1416 1896 1466 καταπολεμῆσαι
1911 1418 1973 1462 τ’ἥς
1988 1413 2179 1465 Ῥωμαίων
2199 1416 2281 1454 ἐπι-

1231 1474 1399 1528 κρατείας
1420 1474 1458 1513 τὸ
1482 1474 1667 1524 δυσμενὲς,
1690 1475 1816 1513 ὁπόσον
1837 1476 1871 1518 ἐς
1889 1473 1952 1521 τὴν
1969 1474 2046 1513 κατ’
2063 1473 2186 1517 αὐτοὺς
2201 1475 2282 1524 ἄγε·

1228 1533 1432 1578 λάζονται”
1409 1549 1567 1585 ηπειρον.
1584 1533 1670 1572 Ἐπὶ
1690 1533 1823 1577 τούτοις
1843 1533 1919 1583 ἅμα
1937 1535 1988 1584 τῷ
2007 1531 2103 1578 λέξαι
2122 1531 2172 1570 τὼ
2184 1533 2280 1585 χεῖρε

1229 1594 1315 1644 υψοῦ
1337 1592 1517 1636 ἀνατείνας
1546 1594 1564 1630 ὁ
1593 1591 1745 1666 Μῗανιὰχ
1765 1591 1798 1630 οῗ
1817 1608 1854 1629 τε
1876 1591 1931 1636 ξὺν
1959 1593 2054 1629 αὐτῶ
2083 1607 2175 1644 ορκῳ
2203 1593 2282 1630 ἐπι-

1229 1651 1409 1690 στώσαντο
1429 1651 1583 1704 μεγίστῳ
1595 1681 1605 1701 ,
1623 1654 1644 1698 ἠ
1676 1651 1745 1724 μὴν
1765 1650 1998 1703 ὂρθογνώμονι
2016 1650 2148 1688 διανοία
2165 1653 2277 1689 ταῦτα

1233 1711 1407 1762 εἰρησθαι.
1442 1710 1538 1763 Πρός
1569 1725 1608 1761 γε
1629 1710 1688 1749 καὶ
1717 1710 1883 1762 κατέχεον
1903 1710 1989 1763 ἀρὰς
2008 1708 2125 1762 σφίσιν
2149 1709 2281 1757 αὐτοῖς,

1231 1785 1282 1807 ετι
1308 1785 1347 1821 γε
1368 1768 1436 1820 μὴν
1458 1770 1589 1820 καὶτῷ
1618 1770 1846 1819 Διζαὸούλω,
1865 1769 1956 1807 ἀλλὰ
1987 1769 2054 1821 γὰρ
2082 1783 2142 1807 και
2173 1768 2279 1806 παντὶ

1227 1830 1278 1866 τῶ
1299 1828 1406 1877 ἔθνει,
1427 1827 1459 1866 εἴ
1475 1844 1514 1879 γε
1530 1828 1610 1881 οὐχὶ
1626 1828 1669 1866 τὰ
1685 1827 1929 1879 ἐπηγγελμένα
1947 1829 2059 1875 ἀληθῆ
2083 1843 2122 1865 τε
2144 1826 2197 1874 εἴη
2218 1826 2278 1865 καὶ

1228 1886 1406 1940 πρακτέα.
1432 1886 1539 1926 Οὕτω
1571 1887 1635 1938 μὲν
1662 1891 1721 1926 οὐν
1749 1887 1788 1925 τὸ
1817 1888 1922 1939 φυλον
1949 1888 1981 1925 οἱ
2007 1889 2158 1939 Τοῦρκοι
2187 1885 2279 1939 φίλοι

1227 1946 1382 1997 ἐγένοντο
1417 1945 1630 1997 Ῥωμαίοις,
1657 1961 1717 1984 και
1746 1948 1790 1997 τῇ
1822 1947 1900 1984 καθ’
1930 1947 2026 1996 ἡμας
2053 1944 2133 1998 οὐχὶ
2165 1944 2279 1988 ἄλλως

1228 2005 1414 2059 ἐφοίτησαν
1434 2005 1607 2044 πολιτεία.

1227 2177 1407 2216 Imperator
1420 2177 1550 2216 autem,
1564 2175 1620 2207 ubi
1635 2175 1710 2216 legit
1732 2184 1788 2216 per
1805 2175 2014 2215 interpretem
2027 2175 2137 2207 literas
2150 2175 2280 2216 Scytbie

1225 2230 1380 2270 scriptas,
1399 2230 1449 2270 leJ²
1438 2230 1590 2261 ationem
1607 2229 1730 2260 lubenti
1756 2229 1864 2260 animo
1881 2228 2019 2260 admisit.
2036 2230 2148 2270 ltaque
2160 2229 2280 2270 legatos

1226 2284 1452 2324 percunctatus
1477 2284 1526 2315 est
1541 2282 1582 2314 de
1604 2284 1784 2314 Turcorum
1804 2282 1985 2323 principatu
2007 2283 2040 2314 et
2064 2282 2220 2322 regione:
2233 2282 2280 2314 illi

1226 2343 1302 2366 vero
1317 2334 1568 2376 responderunt,
1595 2335 1750 2374 quattuor
1775 2333 1860 2374 apud
1890 2342 1945 2366 eos
1969 2334 2195 2374 praefecturas,
2223 2334 2279 2366 sed

1225 2396 1389 2420 summum
1406 2387 1506 2418 totius
1524 2387 1626 2426 gentis
1644 2386 1813 2426 imperium
1838 2394 1936 2426 penes
1957 2385 2063 2417 solum
2082 2385 2278 2418 Dizabulum

1225 2450 1304 2472 esse.
1315 2441 1359 2472 Ad
1372 2441 1441 2472 haec
1451 2440 1603 2472 dixerunt
1611 2439 1771 2480 subegisse
1782 2438 1982 2479 Ephtlialitas
1993 2447 2111 2479 eosque
2120 2438 2278 2472 tributum

1225 2492 1363 2533 pendere
1377 2501 1434 2524 coe
1438 2492 1527 2532 gisse.
1545 2505 1560 2519 «
1578 2491 1692 2524 Omnis
1707 2491 1814 2530 igitur,
1834 2490 1940 2531 inquit
1957 2490 2141 2531 imperator,
2156 2499 2174 2522 a
2187 2491 2279 2524 vobis

1225 2546 1272 2575 est
1288 2554 1326 2576 ev
1329 2553 1398 2576 ersa
1418 2544 1677 2584 Eplitlialitarum
1702 2543 1862 2584 potentia
1857 2545 1869 2566 ὓ
1887 2555 1902 2569 »
1919 2541 2143 2574 Annuentibus
2155 2542 2276 2583 legatis,

1225 2596 1400 2636 imperator
1419 2605 1465 2627 ro
1457 2597 1568 2636 ravit:
1585 2609 1600 2623 α
1619 2597 1736 2627 Utrum
1753 2594 1786 2626 in
1812 2594 1963 2634 urbibus,
1978 2602 2019 2625 an
2041 2594 2170 2626 vicatim
2185 2594 2276 2627 liabi-

1225 2649 1337 2681 tabant
1368 2649 1583 2689 Eplitlialitae?
1613 2663 1628 2677 n
1652 2662 1667 2676 «
1686 2651 1788 2687 Gens,
1810 2657 1829 2679 o
1853 2647 2002 2687 domine,
2035 2646 2131 2679 urbes
2147 2647 2234 2680 coiit
2257 2661 2274 2676 »

1227 2714 1241 2728 α
1257 2705 1356 2742 Ergo,
1383 2702 1517 2741 subJecit
1541 2701 1727 2742 imperator,
1746 2700 1952 2732 manifestum
1969 2700 2037 2739 est,
2057 2708 2114 2731 vos
2129 2700 2275 2732 omnium

1225 2754 1373 2792 urbium,
1389 2762 1461 2793 quae
1476 2754 1606 2784 illorum
1623 2754 1769 2792 suet-,unt
1788 2753 1888 2784 factos
1902 2760 1968 2783 esse
1984 2751 2176 2784 dominos.»
2193 2765 2208 2779 α
2223 2752 2276 2785 sic

1225 2807 1289 2845 est,
1305 2806 1492 2845 imperator,
1511 2818 1527 2832 u
1552 2804 1714 2836 dixerunt.
1733 2817 1748 2831 «
1773 2803 1835 2836 Sed
1852 2812 1910 2835 nos
1932 2803 2064 2843 docete,
2089 2805 2210 2843 quanta
2233 2804 2275 2836 sit

1224 2861 1365 2890 Avarum
1391 2857 1582 2897 multitudo,
1600 2866 1675 2897 quae
1693 2857 1789 2888 vestri
1818 2856 1943 2896 imperii
1962 2856 2087 2887 frenum
2113 2856 2272 2896 excussit,

1224 2912 1256 2942 et
1269 2919 1346 2941 num
1356 2918 1428 2950 pars
1438 2909 1616 2941 etiamnum
1625 2908 1716 2939 vobis
1729 2908 1871 2947 subjecta
1879 2908 1930 2940 sit
1945 2919 1961 2935 n
1977 2919 1993 2934 ι(
2004 2906 2149 2947 Suntqui
2162 2909 2273 2940 nostro

1224 2961 1356 3001 imperio
1373 2960 1479 2992 adhuc
1492 2961 1634 3000 pareant.
1654 2961 1714 2997 Qui
1734 2968 1807 2990 vero
1825 2968 1843 2990 a
1859 2959 1952 2990 nobis
1966 2958 2172 2999 defecerunt,
2185 2959 2272 2991 arbi-

1223 3014 1290 3044 tror
1304 3021 1371 3044 esse
1387 3011 1514 3043 circiter
1536 3011 1586 3051 vig,
1574 3011 1645 3042 inti
1663 3011 1810 3042 millia.»
1831 3012 1995 3045 Postremo
2017 3010 2201 3051 imperatori
2219 3010 2271 3042 di-

1224 3067 1438 3097 numerarunt
1462 3065 1572 3105 gentes
1591 3064 1704 3096 Tui-cis
1721 3063 1874 3095 subditas.
1893 3063 2013 3095 Deinde
2034 3063 2076 3094 ab
2091 3071 2141 3102 eo,
2157 3065 2193 3095 ut
2209 3072 2270 3104 pax

1224 3119 1256 3149 et
1280 3126 1444 3148 armorum
1461 3116 1596 3148 societas
1612 3116 1763 3148 Romanis
1784 3117 1816 3147 et
1843 3114 1955 3146 Turcis
1971 3115 2068 3153 esset,
2097 3114 2269 3155 petierunt

1224 3169 1445 3207 Addiderunt,
1469 3177 1503 3199 se
1522 3167 1738 3208 paratissimos
1759 3175 1845 3206 esse,
1870 3175 2009 3206 pugnare
2025 3168 2137 3197 contra
2158 3175 2271 3199 omnoe

1223 3222 1277 3262 qui
1300 3224 1453 3254 Romanae
1473 3220 1681 3252 dominationi
1699 3220 1821 3259 infesti,
1838 3228 1892 3251 eos
1907 3227 2004 3259 prope
2029 3218 2171 3258 ipsorum
2190 3218 2270 3251 fines

1223 3274 1306 3306 bello
1331 3274 1526 3314 appeterent.
1562 3274 1640 3304 Haec
1673 3271 1868 3312 simulatque
1895 3271 2162 3311 pronuntiarunt,
2196 3272 2267 3302 Ma-

1223 3326 1335 3365 niach,
1352 3324 1521 3356 manibus·
1513 3332 1545 3356 m
1564 3323 1683 3355 coelum
1705 3323 1840 3355 sublatis
1851 3347 1859 3363 ,
1874 3324 1906 3354 et
1921 3322 1976 3363 qui
1993 3330 2068 3353 cum
2084 3322 2152 3362 ipso
2163 3323 2266 3361 erant,

1220 3378 1426 3420 Jurejurando
1442 3378 1603 3417 maximo,
1617 3385 1685 3409 sese
1698 3386 1737 3408 ex
1757 3377 1855 3408 animi
1871 3376 1920 3408 sui
1935 3375 2094 3407 sententia
2110 3375 2194 3406 bona
2206 3375 2267 3408 tide

1222 3433 1293 3464 baec
1303 3431 1411 3464 omnia
1422 3430 1528 3463 dicere
1535 3432 1567 3463 et
1580 3430 1766 3471 promittere
1775 3430 1846 3462 affii-
1848 3430 1989 3469 marunt;
2005 3428 2065 3460 nisi
2078 3437 2115 3460 ea
2127 3437 2201 3460 vera
2215 3438 2263 3461 es-
