2326 3724
128 183 177 214 30

124 261 231 308 τύλην
250 273 259 299 :
281 261 379 310 quod
402 260 479 295 dici
499 257 781 308 pmverbIaliler
795 256 903 300 solet,
941 264 981 291 ut
1010 257 1167 291 audiens

125 322 236 356 altius
253 318 403 367 aliquid
414 318 599 365 agendum
613 323 807 363 agnoscat.
824 316 880 350 De
893 313 993 349 caede
1008 313 1164 349 Maximi

124 381 362 426 aliorumque
373 378 602 420 multorum,
617 375 683 422 qui
701 381 790 423 post
806 372 1002 409 Theodori
1023 372 1169 421 conspi-

125 438 314 474 rationem
328 437 368 472 in
387 432 550 485 γοητείας
569 440 606 470 et
627 431 897 469 veneficiorum
917 431 1167 480 suspicionem

125 490 333 540 venerunt,
352 493 438 530 vide
457 494 628 530 Zosimus
642 492 706 537 IV,
727 494 771 533 14
787 502 874 538 sq.·
867 486 986 549 ,Πρὸς
1007 485 1077 524 δὲ’
1061 502 1100 538 ορ
1103 485 1166 537 γὴν

124 553 275 605 ἄμετρον
286 553 303 589 6
318 549 481 602 βασιλευς
493 547 663 595 ἀναστὰς,
676 546 838 590 ὑπόπτως
854 550 930 598 εἶχε
948 545 1032 597 πρὸς
1049 543 1167 583 ἅπαν-

125 628 186 655 τας
205 609 283 655 τους
304 609 361 648 ἔπι
381 608 566 662 φιλοσοφία
580 605 783 652 διαὸοήτους
801 604 824 652 ἢ
841 604 954 648 ἄλλως
969 603 1083 654 λόγοις
1111 604 1169 642 ἐν-

124 668 427 722 τεθραμμένους..
450 667 596 719 Πρῶτος
617 665 679 715 μὲν
711 657 769 702 ουν
795 665 864 701 τῶν
890 660 949 700 ἐπὶ
982 659 1168 714 φιλοσοφία

125 726 310 781 γνωρίμων
341 724 495 778 ἀνῄρητο
520 722 613 768 Mei}-
606 737 700 774 ι·μος
733 721 794 760 καὶ
829 718 919 771 μετὰ
944 723 1063 758 τοῦτον
1094 720 1144 757 6’
1129 733 1168 756 εκ

124 785 285 837 Φρυγίας
313 783 479 837 Ἱλάριος,
502 785 549 826 ὡς
582 782 643 829 δὴ’
646 779 811 834 χρησμόν
833 794 910 818 τινα
938 777 1036 822 λοξὸν
1062 778 1109 820 εἷς
1130 775 1169 814 τὸ

126 843 340 897 σαφέστερον
361 840 594 896 ἑρμηνεύσας,
613 840 674 879 καὶ
694 837 924 889 Σιμωνίδης’
909 836 967 874 επὶ
985 851 1096 888 τουτῳ
1109 833 1170 873 καὶ

130 901 348 953 Πατρίκιος
334 916 353 939 ο
368 899 479 943 Λυδὸς
489 898 550 937 καὶ
563 900 608 936 6’
593 914 632 936 εκ
646 896 783 950 Καρίας
803 894 1028 948 Ἀνδρόνικος.
1050 875 1169 932 ῗΗσαν

128 960 164 999 δὲ
198 954 291 998 οὗτοι
318 957 444 1001 πάντες
472 959 520 1001 εἷς
547 957 652 1008 ἄκρον
672 954 832 998 παιδείας
861 952 1084 1001 ἐληλυθότες,
1103 967 1165 989 και

130 1018 223 1091 φόνῳ
244 1016 414 1068 μαλλον
395 1033 418 1062 η
435 1015 542 1069 ψηφῳ
561 1013 680 1052 δικαία
700 1010 996 1063 κατακριθέντες.
1003 1013 1111 1050 ,Τῶν
1131 1008 1167 1047 δὲ

129 1075 366 1126 ἀτοπημάτων
387 1079 428 1122 ἠν
447 1072 603 1146 κολοφὼν
621 1074 782 1118 Φῆστος,
802 1070 838 1109 ὃν
859 1071 906 1113 εἷς
931 1075 1049 1107 πᾶσαν
1067 1067 1166 1111 εἰδὼς

129 1134 297 1185 ὠμότητα
317 1133 501 1186 πρόχειρον
517 1132 625 1179 ὄντα,
645 1133 708 1177 τῆς
722 1129 838 1173 Ασίας
859 1130 1053 1167 ἀνθύπατον
1067 1129 1085 1165 6
1107 1130 1169 1178 βα-

130 1191 245 1236 σιλεὺς
267 1193 435 1242 ἔστειλεν,
455 1193 500 1234 ὡς
520 1190 560 1228 ἂν
577 1188 698 1240 μηδεὶς
714 1191 783 1228 τῶν
801 1187 880 1239 περὶ
900 1186 1022 1238 λόγους
1045 1187 1170 1223 ἐσπου-

127 1251 283 1289 δακότων
302 1248 542 1300 ἀπολειφθείη.
566 1246 708 1290 Πάντας
735 1245 803 1297 γὰρ
825 1249 842 1284 6
862 1247 1007 1291 Φῆστος
1037 1245 1170 1290 ἀναζη-

127 1310 257 1356 τήσας,
275 1308 331 1351 οὒς
349 1307 411 1359 μὲν
427 1302 537 1360 εὗρεν,
558 1305 709 1360 ἀκρίτως
730 1304 932 1354 ἀπέκτεινε,
947 1303 1024 1346 τοὺς
1042 1303 1077 1341 δὲ
1097 1304 1172 1340 λοι-

126 1368 211 1412 ποὺς
221 1367 399 1419 ὑπερόριον
419 1369 552 1409 ἑαυτοῖς
565 1364 676 1419 φυγὴν
700 1365 897 1414 ἠνάγκασεν
919 1365 1097 1400 ἐπιθεῖναι.
1113 1365 1169 1398 De

126 1429 282 1464 Maximi
302 1427 404 1463 caede
432 1439 469 1465 v.
499 1426 664 1474 Eunapii
684 1425 762 1463 Vit.
791 1423 949 1460 Maximi
976 1435 1016 1470 p.
1037 1421 1086 1458 63
1109 1421 1169 1459 cd.

127 1489 259 1532 Boiss.,
271 1487 337 1522 ubi
355 1486 404 1522 ad
417 1486 599 1521 Hist01·1as
614 1497 698 1519 suas
715 1485 896 1520 lectorem
912 1483 1056 1530 relegat
1075 1493 1083 1515 ι
1101 1478 1173 1518 Καὶ

128 1547 239 1582 ταῦτα
254 1543 356 1595 ἔσχεν
375 1542 502 1588 οὕτως,
521 1541 580 1579 καὶ
613 1542 646 1578 ἐν
664 1542 731 1584 τοῖς
752 1540 949 1584 διεξοδικοῖς
967 1537 1172 1590 ἀκριὸέστε-

129 1620 186 1656 ρον
208 1602 416 1654 γέγραπται.
439 1603 498 1638 Ibi
520 1602 674 1640 Festum
703 1601 796 1637 dicit
820 1598 976 1650 φοινικῆν
1008 1613 1085 1635 τινα
1112 1597 1172 1634 καὶ

130 1660 329 1713 μαγειρώδη
351 1659 482 1712 ψυχήν,
514 1661 704 1696 Amlnian.
735 1659 944 1696 Marcellin.
962 1658 1112 1702 XXIX,
1130 1670 1144 1692 1
1161 1684 1171 1702 ‚

130 1725 178 1764 [⁵2
199 1734 207 1756 2
226 1722 356 1768 Neque
382 1723 436 1755 ita
465 1720 579 1754 multo
598 1726 684 1766 post
709 1719 901 1753 Mctoeimus
920 1718 984 1752 ille
999 1716 1170 1765 philoso-

124 1779 239 1828 phus,
266 1783 331 1815 vir
345 1782 494 1827 ingente
509 1781 655 1814 nomine
670 1778 942 1820 doctrinarum,
1030 1777 1175 1811 oraculi

130 1851 243 1887 supra
260 1839 351 1873 dicti
378 1847 500 1873 versus
514 1838 664 1872 audisse
676 1837 883 1879 simulatus,
904 1847 1016 1882 seque
1033 1847 1175 1882 compe-

129 1902 218 1933 risse
245 1899 439 1941 adsensus,
465 1897 532 1932 secl
546 1896 735 1931 reticenda
747 1892 994 1942 professionis
1012 1894 1174 1928 conside-

128 1960 273 1992 ratione
301 1969 374 1992 non
405 1954 600 2002 effudisse,
641 1966 770 1990 verum
802 1954 897 1988 ultro
924 1953 1169 2000 ptwdixisse,

127 2015 349 2050 consultores
366 2017 462 2062 ipsos
492 2015 687 2061 suppliciis
705 2012 925 2059 poenalibus
943 2014 1131 2058 perituros
1162 2023 1173 2043 .-

128 2073 313 2121 Ephesum
334 2074 387 2107 ad
398 2074 601 2119 genuinam
613 2074 781 2119 patriam
802 2070 943 2112 ductus,
969 2069 1089 2116 ibique
1108 2080 1172 2102 ca-

123 2135 202 2180 pite
225 2138 427 2173 truncatus,
454 2134 578 2173 sensit,
602 2129 756 2164 docente
778 2129 945 2176 periculo
957 2135 1142 2175 postremo
1156 2152 1168 2169 ‚

132 2193 323 2238 quaestoris
343 2192 575 2237 iniquitatem
593 2188 760 2223 omnibus
778 2199 856 2222 esse
868 2187 1084 2221 criminibus
1094 2197 1177 2234 gra-

131 2252 275 2284 viorem.
307 2248 396 2295 Quae
415 2247 635 2294 subjicimus
657 2259 703 2282 ex
722 2246 859 2291 Suida,
886 2246 976 2281 item
1003 2245 1176 2293 Eunapio

128 2308 200 2343 viri
221 2307 325 2343 docti
342 2306 528 2342 vindicari
547 2306 694 2341 volunt.

622 2410 685 2447 40.

185 2504 370 2555 [Suidasz
398 2501 662 2551 Σιμωνίδης·
678 2495 835 2548 οῧτοςῆν
819 2500 912 2538 νέπι
926 2499 1099 2539 Ἰοὸιανοῧ
1117 2503 1175 2538 τοῦ

136 2561 339 2616 βασιλέως
321 2560 377 2599 οιὰ
398 2560 629 2621 φιλοσοφίαν’
617 2559 886 2609 επισημότατος.

186 2619 569 2672 Emptum-0510<
599 2618 758 2669 ἤκμασεν
793 2617 853 2655 ἐπι
873 2617 1045 2656 Ἰοὸιανοῧ
1076 2620 1179 2669 βασι-

953 167 1088 206 ΕΠΝΑ
1095 166 1163 206 PII
1194 165 1434 206 SARDIAM

1226 253 1331 297 λέως·
1355 248 1396 300 ἧν
1422 251 1458 291 δὲ
1485 253 1524 290 ἐκ
1551 251 1701 295 Λυδίας·
1724 250 1759 294 ὃς
1788 252 1849 298 τῆς
1871 250 1941 290 ἀπὸ
1963 253 2031 290 τῶν
2050 254 2265 306 φαινομένων

1227 311 1250 359 ἢ
1280 310 1572 365 παρατρεχόντων
1606 309 1762 361 σημείων
1789 310 2015 364 τεκμάρσεως
2050 313 2198 366 ἀκριὸὴς
2222 309 2267 362 ἦν

1228 370 1425 416 ἐξεταστής.

1281 428 1466 482 Ἱλάριος
1494 429 1512 466 6
1537 428 1577 466 ἐκ
1607 426 1784 478 Φρυγίας·
1810 427 1868 466 ἐπὶ
1897 427 2067 468 Ἰοὸιανοῦ
2099 430 2270 483 βασιλέως

1228 486 1437 537 Ῥωμαίων·
1457 485 1549 525 κατὰ
1576 485 1737 524 παιδείαν
1764 485 1826 536 μὲν
1847 480 1888 534 ἧν
1911 485 1999 540 ἀνὴρ
2019 490 2057 526 οὖ
2077 487 2270 542 γνώριμος,
2318 499 2321 501 ’

1228 550 1403 584 κοινωνεῖν
1437 544 1473 583 δὲ
1503 545 1598 597 αὐτῶ
1630 543 1703 587 θεὸς
1745 544 1856 583 ἐδόκει
1886 559 1949 591 της
1986 560 2048 584 του
2081 546 2268 597 μέλλοντος
2307 537 2326 559 ⁷³

1227 603 1473 656 προγνώσεως,
1492 601 1584 641 ὥστε
1604 597 1646 650 ἠν
1661 602 1784 654 μάντις
1802 601 1974 656 ἄριστος]

1281 664 1340 703 Cf.
1361 664 1531 700 Zosimus
1549 662 1576 699 l.
1598 662 1645 708 l.;
1660 663 1851 700 Ammian.
1872 663 2025 709 XXIX,
2044 675 2060 710 ,ι
2077 691 2088 711 ,
2107 677 2130 712 7
2153 677 2162 702 :
2182 665 2272 703 Cor-

1227 732 1352 773 reptus
1379 723 1609 760 Fidustius...
1642 726 1699 759 rei
1721 726 1832 759 totius
1864 724 2123 760 calamitosum
2150 729 2273 774 aperit

1222 792 1364 822 textum
1381 796 1394 820 .·
1412 784 1580 820 absolute
1593 779 1782 829 confessus
1793 810 1805 832 ,
1818 793 1859 817 se
1871 793 1955 817 cum
1973 781 2125 818 Hilario
2144 787 2183 817 et
2195 781 2274 816 Pa·

1222 847 1327 881 tricio
1345 843 1586 880 vaticinandi
1597 844 1744 891 peritis,
1770 853 1923 890 quorum
1942 841 2112 877 Hilarius
2135 839 2275 876 milita-

1222 911 1324 939 verat
1346 906 1385 938 in
1414 901 1592 946 Palatio,
1627 902 1675 936 de
1699 903 1853 949 imperio
1881 900 2107 936 consuluisse
2123 897 2274 946 futuro.

1224 969 1297 999 etc.
1319 961 1486 1010 Idem,§
1505 961 1552 1007 37
1573 973 1582 996 ε
1605 961 1671 995 His·
1689 962 1843 996 accessit
1854 957 2104 1010 philosophus
2116 957 2280 994 Simoni·

1222 1023 1310 1066 des,
1340 1023 1560 1057 adulescens
1588 1021 1654 1055 ille
1681 1020 1858 1068 quidem,
1887 1031 2019 1055 verum
2049 1025 2178 1054 nostra
2198 1028 2279 1052 me-

1226 1085 1346 1117 moria
1361 1093 1411 1116 set
1415 1093 1619 1116 erissimus
1634 1079 1708 1125 Qui
1721 1091 1832 1127 quum
1843 1079 2007 1114 audusse
2017 1089 2085 1125 ne
2069 1078 2203 1112 otium
2205 1087 2285 1124 per·

1226 1142 1433 1178 Fidustium
1457 1137 1677 1186 deferretur,
1702 1147 1740 1174 et
1764 1151 1917 1174 causam
1939 1150 2010 1173 non
2026 1149 2077 1172 ex
2095 1138 2274 1178 veritate,

1230 1198 1300 1232 sed
1315 1209 1364 1231 ex
1393 1199 1497 1230 unius
1524 1203 1614 1231 nutu
1639 1197 1793 1242 pensari
1824 1194 2003 1238 vidisset,
2034 1193 2208 1229 didicisse
2235 1205 2276 1229 se
2324 1191 2326 1196 '

1231 1256 1332 1290 dixit
1355 1255 1563 1302 prcedicta‚
1585 1261 1621 1289 et
1642 1255 1838 1289 commissa
1855 1264 1932 1300 pro
1948 1251 2139 1300 firmitate
2158 1255 2278 1288 animi

1233 1317 1401 1350 tacuisse.
1424 1315 1480 1348 De
1500 1313 1575 1348 alio
1604 1312 1772 1360 quodam
1798 1312 1968 1360 Hilario,
1993 1311 2060 1360 qui
2080 1321 2180 1347 anno
2202 1309 2277 1360 395

1231 1373 1363 1421 periit,
1377 1372 1466 1408 vide
1482 1371 1593 1407 infra.

1724 1475 1787 1514 41.

1287 1561 1379 1596 Exc.
1399 1561 1455 1595 De
1483 1566 1578 1595 sent.
1603 1571 1644 1607 p.
1676 1558 1769 1606 269,
1794 1570 1871 1604 270
1895 1569 1905 1596 t
1937 1555 2041 1595 Κατὰ
2062 1555 2124 1606 μὲν
2147 1549 2206 1594 ουν
2232 1554 2278 1594 τὰ

1233 1633 1355 1670 πρωτα
1375 1620 1437 1663 τῆς
1458 1631 1679 1668 συγγραφης,
1699 1614 1835 1659 οὐδενὸς
1857 1614 1953 1653 οὐδὲν
1975 1630 2062 1669 σαφε
2048 1630 2080 1658 ς
2100 1613 2192 1666 ἔχειν
2215 1613 2276 1652 λε’-

1234 1692 1352 1725 γοντος
1378 1675 1453 1713 ὅθεν
1473 1691 1510 1713 τε
1535 1674 1630 1717 ὄντες
1655 1690 1686 1712 οι
1712 1677 1856 1721 Οὐννοι,
1883 1672 1952 1724 ὅπῃ
1974 1689 2012 1711 τε
2041 1672 2192 1723 κείμενοι
2215 1673 2280 1719 τὴν

1237 1735 1411 1786 Εὐρώπην
1432 1741 1550 1772 πᾶσαν
1580 1733 1776 1785 ἐπέδραμον
1802 1732 1862 1770 καὶ
1882 1732 1922 1770 τὸ
1943 1732 2115 1772 Σκυθικὸν
2134 1731 2280 1785 ἔρριψαν

1234 1794 1330 1845 γένος
1344 1823 1353 1840 ,
1376 1797 1415 1832 ἐκ
1440 1796 1511 1831 τῶν
1532 1795 1692 1831 παλαιῶν
1714 1792 1906 1830 συντιθέντι
1933 1790 2026 1830 κατὰ
2051 1790 2129 1834 τοὺς
2146 1791 2282 1835 εἰκότας

1234 1851 1420 1903 λογισμοὺς
1440 1851 1597 1905 εἴρηται·
1617 1850 1660 1889 τὰ
1683 1849 1719 1888 δὲ
1741 1851 1780 1888 ἐκ
1800 1852 1867 1897 τῶν
1890 1849 2206 1901 ἀπαγγελλομένων
2226 1849 2281 1887 δο-

1238 1911 1369 1956 ξάζοντι
1392 1911 1477 1963 πρὸς
1508 1910 1548 1948 τὸ
1577 1909 1735 1962 ἀκριὸὲς,
1760 1911 1807 1952 ὣς
1839 1908 1880 1947 ἂν
1901 1908 1951 1958 μὴ
1971 1911 2032 1946 τοῦ
2051 1911 2196 1946 πιθανοῦ
2216 1907 2280 1955 τὴν

1235 1968 1372 2023 γραφὴν
1393 1969 1683 2022 ἀπαρτήσαιμεν,
1699 1968 1788 2017 μηδὲ
1805 1966 1999 2020 παραφέροι
2013 1965 2099 2020 πρὸς
2112 1966 2175 2014 τὴν
2194 1966 2281 2013 ἀλή-

1239 2033 1334 2066 θειαν
1352 2031 1369 2066 6
1388 2027 1501 2078 λόγος.
1520 2027 1646 2077 ἹΙμεῒς
1666 2026 1702 2064 δὲ
1722 2028 1760 2064 06
1783 2026 1907 2064 ταύτὸν
1936 2025 2132 2077 πάσχοντες
2150 2030 2221 2068 τοῖς
2243 2027 2281 2063 ἐκ

1236 2087 1370 2125 παίδων
1394 2086 1505 2124 οἰκίαν
1527 2085 1655 2138 μικρὰν
1671 2086 1731 2122 καὶ
1749 2084 1886 2138 φαύλην
1903 2083 2110 2131 οἰκήσασιν,
2130 2087 2207 2121 εἶτα
2224 2082 2281 2121 διὰ

1235 2145 1344 2198 τύγης
1372 2144 1508 2198 εὔροιαν
1538 2144 1700 2195 μεγάλων
1730 2159 1790 2181 και
1817 2144 1992 2195 λαμπρων
2019 2141 2282 2192 ἐπιλαὸομένοις

1236 2204 1530 2254 οἰκοδομημάτων
1546 2234 1557 2254 ,
1574 2202 1668 2253 ὅμως
1698 2200 1767 2254 [δὲ]
1799 2200 1856 2240 διὰ
1876 2201 2059 2248 συνήθειαν
2086 2200 2131 2238 τὰ
2150 2201 2283 2254 ἀρχαῖα

1237 2264 1451 2314 θαυμάζουσι
1468 2262 1527 2301 καὶ
1541 2262 1823 2315 περιστέλλουσιν
1836 2291 1846 2310 ,
1861 2260 1970 2304 οὕτως
1986 2259 2085 2298 αὐτοὶ
2102 2259 2146 2298 τὰ
2164 2275 2281 2313 προει-

1238 2322 1372 2375 ρημένα
1389 2321 1578 2375 γεγράφθαι
1596 2320 1887 2374 συγχωρήσαντες
1906 2319 2032 2371 ἑτέρων
2051 2317 2281 2374 ἀποστε[ρού-

1237 2382 1351 2433 μεθα]
1374 2381 1502 2427 πάλιν,
1532 2381 1621 2418 ἀλλὰ
1644 2378 1822 2454 μᾶλλον“
1798 2394 1916 2432 ωσπερ
1936 2380 1967 2417 οἷ
2000 2377 2092 2417 κατά
2121 2394 2198 2416 τινα
2221 2382 2281 2417 θε-

1239 2440 1385 2494 ραπείαν
1421 2438 1585 2490 σώματος
1619 2439 1663 2477 τὰ
1697 2440 1820 2490 πρῶτα
1849 2437 2073 2490 χρησάμενοι
2100 2436 2281 2491 φαρμάκῳ

1237 2502 1282 2537 δι’
1302 2498 1469 2551 ὠφελείας
1490 2498 1636 2546 ελπίδα,
1656 2502 1746 2535 κάτα
1766 2497 1805 2535 τὸ
1825 2502 1981 2549 κρεῖττον
2001 2495 2108 2549 πείρα
2127 2496 2283 2546 δοκιμά-

1238 2573 1358 2601 σαντες
1387 2556 1440 2595 ἐπ’
1472 2559 1580 2595 ἐκεῖνο
1610 2556 1835 2605 μεθίστανται
1863 2554 1923 2593 καὶ
1956 2554 2204 2604 ῥέπουσιν,οὖ
2232 2556 2283 2607 τῷ

1239 2615 1386 2668 δευτέρῳ
1414 2615 1453 2653 τὸ
1482 2614 1647 2668 πρότερον
1677 2615 1918 2665 ἀναιροῦντες,
1951 2611 2041 2650 ἀλλὰ
2067 2614 2119 2663 τῷ
2141 2596 2282 2658 δεδοξαι-

622 2734 682 2766 40.

175 2789 364 2823 Simonides.
381 2789 440 2821 Hic
454 2789 653 2829 imperatoris
669 2789 796 2821 ,Ioviani
808 2789 1006 2830 temporibus
1020 2789 1062 2821 ob
1075 2789 1179 2830 philo-

133 2843 278 2884 sophiam
293 2843 361 2874 erat
373 2841 612 2873 celeberrimus.

176 2895 343 2927 Patricius.
355 2894 414 2926 Hic
431 2894 538 2925 floruit
550 2895 610 2925 sub
621 2894 756 2926 Joviano
770 2895 972 2936 imperatore.
986 2894 1179 2927 Fuitautem

135 2956 177 2979 cx
192 2946 304 2987 Lydia.
320 2946 382 2983 Qui
396 2955 433 2977 ex
451 2946 688 2978 occurrentium
702 2949 758 2979 aut
776 2946 999 2988 apparentium
1015 2947 1178 2988 signorum

135 2998 319 3038 conjectura
333 2999 423 3029 vates
437 2997 495 3028 suit
505 2999 687 3029 accuratus.

177 3051 317 3084 Hilarius
345 3050 474 3090 Phryx,
494 3050 555 3081 sub
577 3050 714 3082 Joviano
738 3053 953 3083 Romanorum
974 3051 1176 3092 imperatore.

134 3104 210 3137 Fuit
225 3105 334 3135 autem
347 3103 392 3133 vir
403 3102 548 3134 doctrina
560 3102 689 3143 quidem
707 3111 771 3134 non
784 3103 917 3135 celebris
935 3113 943 3134 z
958 3103 1011 3135 sed
1023 3104 1102 3135 deus
1120 3103 1179 3144 ipsi

137 3156 319 3187 futurorum
343 3154 579 3194 praescientiam
603 3154 758 3195 impertiri
782 3155 964 3187 videbatur.
990 3157 1096 3193 Quare
1118 3155 1179 3187 fuit

135 3205 414 3248 praestantissimus
426 3206 524 3237 vates.
694 3247 695 3250 Ἴ

179 3319 216 3349 In
237 3317 342 3357 priore
357 3318 504 3351 Historiae
529 3320 638 3360 parte,
662 3321 815 3360 quoniam
839 3329 934 3352 nemo
962 3321 1069 3352 adhuc
1091 3322 1177 3352 certa

137 3370 319 3402 narratione
341 3370 499 3412 prodidit,
522 3380 585 3412 qua
598 3371 718 3413 origine
734 3372 892 3413 quibusve
905 3381 946 3405 ex
967 3372 1046 3406 locis
1065 3373 1174 3405 Hunni

1238 2740 1420 2772 universam
1452 2741 1612 2779 Europam
1643 2737 1860 2778 pervaserint,
1899 2736 2154 2776 Scythicumque
2185 2743 2284 2776 genus

1240 2792 1454 2833 propulsarint
1467 2816 1476 2831 ‚
1520 2799 1578 2823 nos
1611 2789 1741 2830 quidem
1774 2789 1946 2821 memorias
1976 2789 2099 2820 veteres
2133 2788 2281 2829 colligen-

1238 2849 1304 2883 tes,
1321 2853 1390 2876 rem
1404 2843 1559 2885 probabili
1580 2841 1822 2874 ratiocinatione
1839 2840 2050 2873 tractavimus
2065 2853 2073 2872 z
2093 2841 2164 2872 tum
2184 2840 2278 2881 quic-

1238 2898 1314 2939 quid
1332 2898 1469 2930 relatum
1483 2897 1569 2935 erat,
1587 2895 1727 2936 diligenti
1739 2894 1861 2935 judicio
1877 2893 2132 2934 exploravimus,
2152 2891 2282 2933 nequid

1239 2952 1345 2983 minus
1362 2950 1526 2991 probabile
1539 2949 1772 2990 proferremus,
1787 2948 1819 2979 et
1843 2955 1884 2979 ne
1905 2955 2009 2978 sermo
2025 2947 2134 2977 noster
2146 2945 2283 2977 veritate

1240 3003 1352 3044 procul
1365 3002 1537 3034 aberraret.
1557 3003 1665 3041 Neque
1678 3008 1764 3032 nunc
1777 3001 1885 3031 tamen
1895 3022 1904 3038 ,
1919 3006 2008 3029 more
2022 3005 2134 3029 eorum
2146 3021 2156 3037 ,
2176 2997 2232 3037 qui
2249 2996 2283 3029 in

1239 3057 1355 3096 exigua
1367 3056 1488 3096 vilique
1500 3063 1571 3086 casa
1581 3062 1600 3085 a
1614 3053 1719 3094 pueris
1728 3050 1949 3090 enutriti‚dein
1964 3048 2128 3082 favorabili
2144 3049 2282 3081 sortunae

1240 3118 1335 3141 cursu
1353 3116 1485 3146 magnas
1509 3108 1606 3146 atque
1621 3103 1801 3145 splendidas
1818 3102 1931 3134 domos
1950 3101 2036 3133 nacti
2047 3125 2056 3140 ,
2074 3101 2283 3133 nihilominus

1239 3160 1470 3194 consuetudine
1481 3159 1557 3192 victi
1575 3159 1724 3199 antiquos
1738 3156 1845 3188 adhue
1857 3156 1966 3187 amant
1985 3155 2068 3186 lares
2091 3155 2189 3195 atque
2209 3163 2281 3186 am-

1238 3215 1444 3256 plectuntur;
1467 3212 1554 3244 baud
1571 3221 1629 3244 nos
1640 3236 1649 3251 ‚
1666 3211 1814 3251 inquam,
1833 3208 1993 3250 praedictis
2010 3209 2187 3248 utcumque
2203 3215 2278 3238 nar-

1238 3268 1307 3299 rata
1323 3266 1451 3298 fuerunt
1464 3264 1680 3303 indulgentes,
1701 3262 1764 3294 alia
1775 3262 1969 3302 negligemus
1985 3273 1993 3292 :
2013 3259 2091 3300 quin
2108 3259 2214 3300 potius
2228 3259 2278 3290 in-

1237 3320 1351 3352 stituto
1366 3319 1504 3357 illorum,
1517 3317 1573 3357 qui
1584 3315 1727 3348 curando
1737 3315 1861 3355 corpori
1870 3313 1995 3352 intenti,
2005 3312 2128 3344 etiamsi
2139 3312 2279 3352 aliquam

1242 3371 1431 3404 medicinam
1440 3394 1449 3408 .
1463 3378 1562 3411 quam
1574 3369 1685 3401 utilem
1698 3366 1884 3408 sperabant,
1897 3366 1962 3406 jam
1973 3364 2188 3405 adhibuerint,
2202 3372 2277 3396 mox
