2372 3704
135 240 210 272 482

134 315 295 364 ἔγκλημα
317 319 387 358 τοῖς
403 313 504 358 πέντε
522 314 712 357 ταλάντοις·
734 318 888 353 τοσαῦτα
906 315 972 368 γὰρ
988 317 1107 368 εὑρέθη
1124 319 1184 355 δα-

139 373 251 417 νείζων
272 372 332 410 καὶ
352 377 460 411 ταῦτα
480 375 615 424 πρῶτος
632 375 743 426 ἀφῆκε
755 373 845 411 κατὰ
861 374 917 412 τὸν
933 375 1050 425 νόμον.
1071 375 1186 414 Ἔνιοι

135 431 170 468 δὲ
190 431 440 469 πεντεκαίδεκα
458 431 628 482 λέγουσιν,
649 426 696 470 ὧν
715 432 774 470 καὶ
793 432 995 480 Πολύζηλος
1014 435 1032 471 ὁ
1053 433 1186 477 Ῥόδιός

135 493 223 530 ἐστι.
242 490 333 533 Τοὺς
350 490 466 540 μέντοι
487 490 604 543 φίλους
622 492 725 528 αὐτοῦ
746 492 985 543 χρεωκοπίδας
1001 493 1187 536 καλοῦντες

137 547 346 587 διετέλεσαν.

187 610 287 644 Num
321 609 368 644 cle
403 609 540 644 Solone
573 610 613 644 in
642 609 770 644 Rhodi
800 610 954 645 historia
987 610 1185 658 Polyzelus

135 668 236 715 egit?
256 668 405 703 Incerta
423 679 483 703 res
505 675 577 711 est3
598 680 817 714 quanquam
834 668 1059 703 excurrendi
1077 680 1187 703 occa-

136 727 280 760 sionem
302 725 507 773 praebuisse
519 726 712 774 putaveris
727 727 905 762 Solorum
918 726 1024 770 urbs,
1040 724 1189 775 Ἀχαιῶν

136 782 195 818 καὶ
226 780 371 820 Ῥοδίων
409 782 541 832 κτίσμα
569 784 636 819 τῶν
670 783 710 819 ἐκ
736 782 862 820 Λίνδου
896 783 1053 831 (Strabo
1085 785 1188 829 XIV,

135 854 176 889 p.
209 841 281 887 671
299 841 327 891 ),
358 854 472 889 quam
493 854 514 877 a
540 842 679 878 Solone
710 854 850 877 nomen
879 842 1019 877 habere
1048 841 1187 879 ferunt.

135 899 314 947 Stephan.
330 900 416 947 Byz.
434 912 442 935 ε
459 897 581 948 Σόλοι,
600 898 761 940 Κιλικίας
774 897 920 945 πόλις,..
937 897 1104 945 κέκληται
1121 897 1190 936 ἀπὸ

136 955 312 1003 Σόλωνος,
342 959 388 1000 ὡς
419 955 598 1008 Εὐφορίων
631 958 665 994 ἐν
701 955 914 1008 Ἀλεξάνδρῳ
942 957 1003 1007 (p.
1049 957 1096 994 56
1129 958 1189 995 ed.

137 1016 298 1054 Meinek.
310 1016 337 1066 ).
353 1017 530 1053 Lindium
544 1018 645 1052 hunc
666 1017 844 1052 Solonem
860 1029 937 1052 esse
948 1017 1043 1052 dicit
1056 1024 1192 1053 auctor

134 1075 210 1111 Vit.
226 1076 332 1110 Arati
353 1075 408 1123 (p.
428 1074 475 1120 57
493 1075 556 1112 ed.
572 1072 814 1124 Westerm.).
830 1075 971 1112 Contra
990 1076 1192 1112 Athenien-

133 1145 209 1168 sem
222 1134 446 1169 intellexisse
458 1133 608 1169 videtur
618 1134 787 1171 Eustath.
801 1133 849 1168 ad
862 1134 978 1169 Dion.
989 1135 1073 1171 Per.
1089 1133 1164 1180 875
1179 1147 1187 1170 :

135 1187 306 1239 Λέγονται
337 1187 373 1226 δὲ
404 1188 509 1227 Σόλοι
539 1189 630 1227 κατά
658 1205 752 1234 τινας
784 1189 853 1228 ἀπὸ
886 1190 1066 1238 Σόλωνος,
1094 1193 1126 1228 οἱ
1155 1189 1191 1229 δὲ

134 1245 282 1297 Ἀχαιῶν
297 1246 357 1284 καὶ
374 1246 524 1286 Ῥοδίων
546 1247 680 1298 κτίσμα
699 1247 762 1294 τὴν
779 1248 881 1286 πόλιν
896 1248 996 1301 φασί.
1021 1250 1095 1286 Sed
1113 1250 1191 1286 haec

132 1307 269 1354 procul
296 1307 415 1342 dubio
443 1308 516 1356 ipsi
544 1308 730 1344 debentur
751 1310 950 1345 Eustathio
976 1310 1043 1357 qui
1062 1321 1130 1345 sua
1145 1321 1192 1345 ex

132 1366 324 1413 Stephano
345 1373 383 1401 et
408 1366 595 1402 Strabone
626 1365 753 1414 (cujus
769 1367 851 1415 ipsa
869 1367 987 1403 verba
1006 1366 1187 1415 retinuit)

134 1436 342 1472 congerens
362 1424 536 1460 distinxit
567 1437 652 1472 quae
677 1425 943 1474 distinguenda
965 1437 1045 1461 non
1066 1432 1187 1461 erant.

133 1483 385 1518 Nihilominus
397 1496 516 1531 quum
533 1484 648 1532 Cypri
658 1484 750 1519 urbs
765 1485 845 1520 Soli
859 1485 898 1519 in
911 1484 1061 1520 Solonis
1074 1484 1189 1519 Athe-

131 1541 271 1576 niensis
301 1542 488 1578 honorem
515 1543 566 1578 sic
600 1543 797 1578 nominata
831 1555 909 1578 esse
941 1555 962 1578 a
987 1543 1190 1578 Plutarcho

133 1599 282 1635 dicatur
303 1598 455 1650 (Solon.
491 1614 525 1638 c.
564 1601 654 1650 26),
675 1602 802 1637 nescio
824 1613 869 1636 an
894 1601 996 1636 idem
1013 1601 1061 1636 ad
1081 1601 1191 1637 Solos

134 1658 273 1696 Ciliciae
293 1660 487 1707 Polyzelus
507 1660 755 1696 transtulerit.
779 1658 838 1695 Cf.
860 1663 1081 1707 Anonymus
1103 1656 1191 1709 Περὶ

134 1715 289 1753 ἀπίστων
321 1730 359 1766 p.
392 1717 466 1754 326
504 1718 566 1754 ed.
591 1720 795 1757 IVestcrm.
820 1730 828 1755 :
851 1719 998 1765 Κροῖσος
1020 1715 1108 1764 μετὰ
1129 1714 1190 1762 τὴν

134 1777 195 1811 τοῦ
211 1774 370 1818 Σόλωνός
385 1774 555 1827 ἐρώτησιν
574 1777 609 1813 ἓν
627 1775 770 1827 Κιλικίᾳ
787 1773 934 1826 γεγονὼς
948 1776 1078 1818 Σόλους
1091 1774 1190 1812 πόλιν

135 1832 275 1885 ᾤκισεν,
306 1834 340 1870 ἐν
361 1827 385 1884 ἧ
409 1833 468 1871 καί
493 1849 587 1876 τινας
611 1835 679 1870 τῶν
708 1833 896 1880 Ἀθηναίων
925 1833 1134 1886 κατῴκισεν,
1159 1832 1192 1871 οἳ

134 1891 248 1944 χρόνῳ
270 1891 553 1944 βαρὸαρωθέντες
577 1891 736 1943 ἐλέγοντο
758 1892 975 1937 σολοικίζειν.

643 1985 679 2022 Ι..

187 2053 343 2090 Hesiod.
367 2054 439 2102 Op.
461 2061 496 2090 et
513 2056 561 2090 D.
583 2068 607 2102 9
636 2067 644 2092 :

216 2155 310 2186 Κλῦθι
327 2155 400 2187 ἰδὼν
415 2155 491 2186 ἀΐων
501 2166 545 2194 τε,
559 2156 628 2193 δίκη
644 2156 670 2187 δ’
682 2156 764 2188 ’ίθυνε
778 2157 923 2197 θέμιστας
935 2180 944 2196 ,

215 2202 311 2241 Τύνη,
328 2201 390 2241 ἐγὼ
404 2202 435 2232 δέ
448 2212 496 2240 κε,
517 2203 636 2243 Πέρση,
655 2203 792 2244 ἐτήτυμα
806 2203 1016 2244 μυθησαίμην.

136 2291 195 2326 Ad
214 2291 292 2326 haec
314 2291 432 2326 schol.
456 2290 545 2328 cod.
568 2291 744 2326 Dorvillii
763 2301 772 2328 z
794 2289 911 2335 Τύνη
925 2320 934 2336 ,
956 2290 1008 2327 ὅτι
1027 2290 1111 2342 πρὸς
1132 2291 1190 2330 τὸν

137 2346 215 2384 Δία·
243 2346 445 2394 Πολύζηλος
470 2346 505 2384 δὲ
528 2348 562 2384 ἐν
582 2352 652 2390 τοῖς
672 2346 869 2390 “Ροδιακο’ἷς
895 2348 1012 2395 Τύνην
1035 2349 1189 2402 ἄρχοντα

135 2405 317 2444 Χαλκιδέα
337 2405 453 2457 φησὶν,
473 2406 532 2457 ἀφ’
561 2399 600 2443 οὗ
623 2405 803 2456 κρίνεσθαι
829 2405 887 2443 τὸν
916 2405 1079 2444 ζΗσίοδον
1101 2407 1190 2458 μετὰ

137 2465 197 2501 τοῦ
221 2464 381 2515 ἀδελφοῦ.

188 2522 290 2569 Quid
313 2534 440 2557 ansam
467 2522 616 2558 dederit
642 2524 778 2572 ineptae
806 2525 867 2560 isti
887 2526 1190 2573 interpretationi

137 2581 381 2627 quaerendum
399 2581 502 2615 estin
518 2581 578 2625 iis,
598 2594 679 2628 quae
701 2583 748 2618 de
764 2584 841 2618 vita
853 2584 1009 2619 Hesiodi
1026 2585 1183 2620 circum·

137 2638 357 2674 ferebantur
390 2638 507 2674 hodie
535 2640 720 2687 ignorata.
751 2641 926 2677 Ceterum
957 2639 1074 2686 Τύνης
1095 2641 1108 2692 <
1119 2644 1189 2679 nisi

135 2698 262 2744 potius
281 2694 415 2741 Τύννης
428 2723 438 2741 ,
461 2697 567 2744 quod
594 2699 766 2746 proxime
784 2699 933 2735 accedit
952 2699 1000 2734 ad
1021 2698 1185 2748 Τύμνης,

135 2768 275 2790 nomen
288 2757 407 2803 patris
424 2756 566 2790 Histiaei
583 2768 645 2804 ap.
666 2757 856 2795 Herodot.
874 2759 918 2803 V,
940 2759 1002 2804 37.
1022 2761 1103 2804 VII,
1121 2759 1185 2810 98)

134 2815 238 2850 idem
257 2821 330 2862 est,
347 2816 385 2849 ni
402 2814 524 2860 fallor,
546 2816 612 2863 qui
635 2816 800 2852 Boeotica
827 2818 932 2852 vocis
952 2817 1074 2853 forma
1094 2819 1186 2855 Τυν-

135 2870 267 2914 νώνδας
285 2873 423 2908 dieitur
437 2874 640 2909 Plutarcho
655 2875 694 2910 in
707 2875 838 2913 Solon.
860 2888 894 2910 c.
923 2880 985 2920 14,
1000 2875 1067 2910 uhi
1083 2877 1188 2912 Solo·

135 2943 222 2966 nem
240 2931 509 2979 reprehensum
525 2933 571 2968 ab
587 2934 716 2969 amicis
735 2945 811 2969 esse
827 2934 893 2978 ait,
913 2934 1020 2981 quod
1033 2932 1090 2969 διὰ
1110 2932 1188 2970 τοῦ-

135 3001 226 3035 νομα
247 2987 459 3025 δυσωπεῖται
476 2987 537 3034 τὴν
553 2989 762 3040 μοναρχίαν,
784 2988 903 3042 ὥσπερ
924 2991 986 3028 οὐκ
1005 2991 1111 3042 ἀρετῇ
1128 2993 1186 3028 τοῦ

136 3044 303 3087 λαὸόντος
320 3044 416 3089 εὐθὺς
431 3045 472 3083 ἂν
496 3047 675 3097 βασιλείαν
689 3047 891 3099 γενομένην,
912 3048 971 3086 καὶ
997 3049 1188 3100 γεγενημέ-

136 3109 197 3150 νην
215 3102 380 3154 πρότερον
396 3102 457 3152 μὲν
472 3103 643 3142 Εὐὸοεῧσι
657 3104 878 3152 Τυννώνδαν,
891 3109 949 3144 νῦν
967 3104 1002 3144 δὲ
1021 3108 1187 3154 Μιτυλη-

136 3160 243 3204 ναίοις
265 3161 441 3199 Πιττακὸν
460 3162 646 3216 ᾑρημένοις
664 3162 839 3215 τύραννον.

1091 236 1337 277 POSIDlPPl
1347 268 1357 287 ‚

1304 322 1348 356 In
1385 322 1515 358 eadem
1551 323 1598 359 (le
1636 324 1775 360 Solone
1819 324 2037 360 narratione
2081 325 2301 372 Polyzelum

1251 381 1388 428 Tynnae
1406 379 1539 418 Euboei
1555 384 1784 419 mentionem
1803 382 1975 430 injecisse
1994 385 2178 432 suspicor.

1667 513 1885 528 w

1567 617 1996 676 POSIDIPPUS.

1599 732 1722 770 ΠΕΡΙ
1755 732 1958 772 ΚΝΙΔΟΥ.

1306 819 1471 854 Clemens
1489 820 1596 855 Alex.
1625 821 1748 858 Protr.
1777 833 1819 868 p.
1847 833 1907 866 17,
1936 821 1980 857 31
2004 819 2112 869 sylb.
2146 835 2155 858 :
2179 820 2300 875 Ἀφρο·

1254 874 1332 922 δίτη
1357 875 1393 913 δὲ
1417 875 1507 923 ἄλλη
1540 877 1574 914 ἐν
1597 876 1714 929 Κνίδῳ
1732 877 1824 920 λίθος
1852 871 1894 925 ἦν
1914 877 1975 916 καὶ
1993 877 2084 925 καλὴ
2105 874 2169 926 ἦν·
2187 881 2301 934 ἕτερος

1253 933 1388 986 ἠράσθη
1403 933 1531 980 ταύτης
1543 935 1603 972 καὶ
1618 934 1781 986 μίγνυται
1795 937 1844 989 τῷ
1857 935 1953 989 λίθῳ.
1978 936 2194 983 Ποσίδιππος
2205 941 2298 978 ἱστο-

1255 993 1332 1045 ρεῖ..
1354 994 1388 1031 ἐν
1407 995 1456 1045 τῷ
1477 993 1564 1045 Περὶ
1586 994 1727 1032 Κνίδου.

1307 1053 1499 1089 Aruobius
1517 1056 1590 1102 VI,
1609 1067 1651 1103 p.
1673 1055 1746 1091 206
1778 1068 1786 1090 :
1811 1055 2008 1092 Consimili
2031 1060 2174 1095 ratione
2195 1060 2304 1097 Posi·
2332 1066 2339 1070 ⁴

1252 1113 1385 1160 dippus
1404 1115 1440 1147 in
1458 1125 1501 1149 eo
1523 1114 1616 1149 libro
1641 1126 1748 1162 quem
1766 1118 1940 1163 scriptum
1965 1115 2086 1164 Super
2101 1117 2222 1155 Cnido
2238 1123 2301 1155 in-

1252 1172 1357 1206 de'cat
1364 1184 1474 1219 super
1482 1172 1588 1207 rebus
1597 1176 1634 1218 ej
1635 1185 1684 1215 ηε,
1702 1173 1970 1208 adolescentem
1983 1173 2091 1210 haud
2097 1177 2300 1223 ignobilem

1253 1238 1448 1274 memorat,
1472 1232 1540 1266 sed
1552 1231 1775 1267 vocabulum
1792 1235 1871 1278 ejus
1888 1233 2071 1278 obscurat,
2097 1243 2300 1285 correptum

1252 1287 1438 1325 amorIbus
1452 1290 1605 1325 Veneris
1614 1298 1770 1338 propter
1786 1303 1897 1338 quam
1916 1290 2058 1327 Cnidus
2070 1294 2108 1327 in
2122 1298 2301 1330 memoria

1252 1355 1306 1383 est
1319 1375 1329 1390 ‚
1360 1352 1564 1384 amatorias
1590 1356 1628 1384 et
1652 1352 1771 1396 ipsum
1791 1351 1978 1384 miscuisse
2005 1350 2191 1396 lascivias,
2217 1365 2300 1388 cum

1252 1407 1414 1452 ejusdem
1438 1409 1600 1441 numinis
1626 1409 1735 1453 signo
1755 1407 1966 1453 genialibus
1973 1405 2106 1454 susum
2129 1412 2232 1453 toris,
2264 1418 2303 1446 et

1254 1465 1485 1512 voluptatum
1505 1468 1805 1512 consequentium
1818 1464 1975 1510 finibuS.

1306 1523 1476 1558 Clemens
1487 1522 1542 1559 ib.
1559 1535 1602 1569 p.
1624 1521 1683 1568 16,
1703 1526 1747 1565 14
1768 1536 1776 1558 z
1799 1520 1844 1560 ‘O
1865 1520 2083 1574 Πραξιτέλης
2095 1521 2149 1569 δὲ,
2162 1525 2209 1567 ὡς
2225 1525 2299 1563 Ho-

1253 1578 1413 1622 σίδιππος
1433 1579 1466 1616 ἐν
1487 1580 1535 1631 τῷ
1554 1578 1644 1630 Περὶ
1661 1578 1791 1617 Κνίδου
1811 1579 1992 1632 διασαφεῖ,
2011 1579 2051 1618 τὸ
2064 1583 2126 1626 τῆς
2142 1580 2298 1635 Ἀφροδί-

1252 1652 1313 1683 της
1333 1636 1477 1687 ἄγαλμα
1497 1639 1558 1684 τῆς
1584 1636 1726 1681 Κνιδίας
1745 1638 2030 1685 κατασκευάζων,
2052 1641 2101 1691 τῷ
2121 1640 2300 1692 Κρατίνης

1252 1697 1313 1740 τῆς
1347 1694 1522 1746 ἐρωμένης
1553 1694 1635 1733 εἴδει
1667 1695 1914 1748 παραπλήσιον
1949 1696 2140 1743 πεποίηκεν
2172 1698 2296 1746 αὐτὴν,

1251 1752 1294 1791 ἵν’
1315 1752 1425 1805 ἔχοιεν
1444 1755 1475 1791 οἱ
1501 1753 1644 1791 δείλαιοι
1664 1752 1726 1800 τὴν
1747 1754 1979 1807 Πραξιτέλους
1997 1755 2173 1807 ἐρωμένην
2194 1772 2298 1809 προσ-

1252 1827 1378 1851 κυνειν.

1251 1866 1266 1878 ⁴
1307 1870 1499 1907 Arnobius
1524 1873 1593 1918 VI,
1611 1885 1652 1920 p.
1679 1872 1751 1920 198
1773 1886 1780 1908 :
1805 1874 1897 1920 Quis
1915 1875 2144 1910 Praoeitelem
2164 1880 2291 1921 nescit,

1252 1931 1450 1978 Posidippi
1464 1933 1495 1965 εἰ
1514 1931 1673 1977 relegat,
1701 1929 1929 1977 adsormam
1949 1933 2114 1968 Cratinoe
2133 1939 2300 1971 meretri-

1253 1992 1316 2032 cis,
1356 2001 1467 2036 quam
1500 1986 1638 2034 infelix
1656 1991 1807 2038 perdite
1834 1991 2034 2038 diligebat,
2072 2004 2112 2027 os
2145 1993 2300 2030 Veneris

1255 2048 1400 2084 Cnidia?
1418 2049 1648 2084 solertiarum
1666 2053 1827 2098 coegisse
1845 2051 2076 2086 certamine?

1306 2106 1479 2143 Ceterum
1495 2120 1632 2143 vereor
1647 2120 1695 2143 ne
1711 2109 1787 2144 haec
1809 2121 1892 2156 quae
1909 2108 1956 2144 de
1975 2107 2198 2146 Cnidiorum
2209 2111 2299 2147 artis

1253 2165 1432 2213 operibus
1452 2165 1662 2210 traduntur,
1687 2179 1766 2202 non
1785 2179 1830 2203 ex
1848 2179 1969 2215 prosae
1986 2169 2167 2204 orationis
2184 2181 2299 2218 opere

1251 2223 1433 2260 historico
1467 2223 1666 2274 fluxerint,
1698 2225 1764 2261 sed
1796 2238 1841 2261 ex
1867 2232 2057 2274 poemate.
2085 2227 2172 2263 Veri
2198 2228 2299 2264 enim

1251 2273 1459 2318 admodum
1478 2284 1598 2319 simile
1617 2291 1673 2319 est
1690 2284 1938 2333 Posidippum
1954 2293 2126 2321 nostrum
2142 2299 2221 2322 non
2237 2287 2299 2324 di-

1251 2353 1399 2377 versum
1418 2354 1494 2378 esse
1520 2354 1543 2378 a
1561 2343 1770 2391 Posidippo
1787 2351 1898 2392 poeta
1917 2344 2027 2392 epico
2049 2351 2086 2380 et
2107 2346 2298 2394 epigram-

1250 2401 1391 2435 matico
1402 2427 1412 2445 ‚
1431 2400 1539 2447 cujus
1559 2413 1656 2449 saepe
1674 2402 1907 2438 mentionem
1926 2401 2059 2448 injecit
2081 2403 2294 2441 Athenaeus.

1250 2459 1375 2506 Atque
1396 2454 1442 2495 de
1465 2460 1554 2494 artis
1574 2460 1754 2508 operibus
1773 2472 1859 2496 eum
1875 2461 2045 2496 versibus
2061 2462 2176 2510 egisse
2192 2470 2298 2510 patet

1251 2528 1295 2551 ex
1317 2518 1439 2554 Tzetz.
1458 2518 1553 2554 Hist.
1574 2519 1644 2554 VII
1658 2544 1668 2563 ‚
1692 2530 1728 2554 ν.
1746 2517 1821 2553 665
1838 2531 1921 2566 sqq.
1935 2547 1946 2566 ,
1964 2519 2033 2555 ubi
2058 2531 2141 2567 quae
2163 2519 2211 2556 de
2228 2533 2297 2557 suo

1251 2582 1378 2610 narrat
1405 2577 1550 2612 Tzetzes
1583 2576 1592 2625 (
1608 2577 1695 2612 coll.
1729 2578 1818 2614 VIII
1830 2603 1841 2622 ,
1873 2576 1971 2625 633)
1987 2604 1997 2623 ,
2031 2578 2158 2628 inepta
2186 2580 2298 2628 plane

1250 2640 1351 2670 sunt,
1372 2633 1429 2670 Cf.
1452 2635 1565 2669 etiam
1582 2635 1813 2683 epigramma
1840 2635 1902 2677 Εἷς
1925 2633 1988 2680 τὴν
2008 2636 2043 2672 ἐν
2069 2638 2118 2687 τῷ
2138 2635 2298 2688 Ζεφυρίῳ

1249 2688 1451 2739 τιμωμένην
1467 2690 1682 2742 Ἀφροδίτην,
1694 2706 1752 2741 ap.
1766 2693 1987 2729 Athenaeum
1998 2695 2080 2740 VII,
2089 2707 2129 2743 p.
2146 2694 2167 2731 3
2176 2695 2233 2740 18,
2245 2695 2298 2734 DJ

1248 2750 1306 2784 Ex
1331 2751 1603 2798 epigrammate
1621 2750 1812 2788 fluxerunt
1834 2753 1945 2788 etiam
1967 2765 2049 2800 quae
2072 2753 2119 2789 de
2139 2754 2297 2802 Aglaide

1250 2808 1403 2844 tibicine
1419 2808 1575 2857 ejusque
1591 2812 1798 2846 voracitate
1813 2819 1942 2847 narrat
1963 2811 2099 2848 AElian.
2120 2814 2162 2849 V.
2178 2813 2226 2850 Η.
2253 2813 2272 2848 I
2283 2839 2294 2858 ,

1251 2866 1321 2910 26,
1353 2868 1407 2902 uti
1440 2869 1586 2916 colligis
1613 2881 1660 2904 ex
1684 2870 1728 2904 iis
1757 2882 1839 2917 quae
1866 2870 2000 2905 similia
2026 2869 2073 2906 de
2100 2870 2297 2919 Theagene

1250 2925 1391 2960 athleta
1409 2938 1455 2961 ex
1473 2927 1609 2961 eodem
1631 2927 1762 2962 laudat
1777 2928 1975 2964 Athenaeus
1999 2929 2058 2972 X,
2074 2941 2116 2976 p.
2134 2931 2225 2974 412,
2244 2931 2292 2965 D.

1249 2983 1423 3019 Ceterum
1442 2991 1578 3032 praeter
1598 2985 1817 3020 Athenaeum
1840 2985 1931 3033 (ubi
1954 2998 1992 3021 V.
2018 2986 2228 3035 Schweigh.
2257 2987 2296 3022 in

1249 3041 1360 3090 Ind.)
1389 3054 1426 3079 v,
1451 3043 1630 3096 stephan.
1654 3044 1740 3091 Byz.
1764 3056 1801 3082 v,
1825 3041 1948 3081 Ζέλεια
1969 3050 2005 3080 et
2023 3044 2143 3094 Βᾶρις.

1650 3149 1894 3166 ψ

138 3271 336 3303 condonatis.
373 3271 529 3311 Quidam,
558 3273 590 3303 in
620 3273 737 3313 quibus
761 3276 809 3306 est
837 3275 1002 3314 Polyzelus
1028 3275 1189 3316 Rhodius,

137 3323 320 3364 quindecim
335 3324 455 3355 talenta
472 3324 504 3355 in
514 3325 697 3356 nominibus
709 3326 855 3359 habuisse
865 3327 1015 3360 Solonem
1026 3327 1200 3368 scribunt5'

139 3376 233 3407 amici
254 3385 329 3408 vero
337 3376 406 3416 ejus
421 3386 546 3417 semper
560 3379 788 3419 χρεωκοπίδαι,
807 3379 867 3411 hoc
887 3382 936 3413 esc
953 3388 1122 3413 novarum
1141 3382 1190 3413 ta-

142 3427 308 3459 bularum
330 3429 509 3468 auctores,
532 3430 746 3469 cognominati
767 3433 854 3462 sunt.

1759 3282 1794 3313 4.

1292 3335 1347 3367 Pol
1351 3335 1417 3375 yzel
1422 3342 1459 3367 us
1468 3337 1578 3375 Tynen
1589 3335 1775 3367 archontem
1787 3335 2026 3368 chalcidensem
2036 3335 2128 3368 fuisse
2135 3336 2189 3376 ait,
2200 3344 2220 3368 a
2229 3344 2294 3377 quo

1251 3387 1288 3420 lis
1304 3395 1378 3429 quae
1394 3387 1528 3420 Hesiodo
1548 3395 1622 3419 cum
1642 3387 1740 3420 fratre
1753 3389 1831 3428 erat,
1848 3387 1989 3428 judicata
2008 3387 2060 3420 sit.
