2372 3704
980 262 1312 303 FRAGMENTA.

82 359 234 411 μονεύων
264 360 324 397 τοῦ
349 356 488 410 πρώτου
520 352 766 395 Παλαιστίνων
800 351 915 395 ἔθνους
945 349 1120 402 ἀνήγαγεν

80 420 175 472 αὑτῷ
193 417 327 469 λέγων,
348 418 394 460 ὣς
412 417 474 454 οὐκ
497 413 643 467 ἐπαρκει
661 411 782 452 λοιπὸν
795 409 874 454 τους
889 407 1122 462 Χριστιανους

79 475 255 531 φονεύειν,
285 474 423 514 ἐκείνων
451 471 659 524 αὐτομάτως
692 469 947 521 ἐπεισαγόντων
982 467 1122 510 ἑαυτους

80 551 123 588 τῃ
148 534 304 574 κολάσει.
328 532 509 574 Ἐντευθεν
524 534 543 570 ὁ
564 533 598 571 'l
602 528 739 583 ραϊανὸς
757 533 864 566 πᾶσιν
884 526 960 579 ἅμα
979 531 1051 571 τοῖς
1065 525 1121 564 ὑπ’

83 593 187 633 αὐτὸν
207 592 423 647 ἀπηγόρευσε
438 594 498 630 τοῦ
514 589 742 642 τιμωρεῖσθαι
754 586 906 631 τούτους.

561 686 646 710 112.

136 749 226 784 Exc.
248 749 305 784 De
326 746 397 782 ins.
417 758 459 794 p.
488 756 568 792 29:
591 741 713 781 ‘¹0:26
741 740 917 793 Τραϊανὸς
936 739 975 778 τὸ
1000 737 1121 777 πιστὸν

80 820 167 858 προς
185 802 263 848 τους
289 803 406 854 φίλους
425 801 532 844 οὕτως
551 794 644 853 εἶχεν
664 799 847 847 ἀκίνητον,
874 797 963 837 ὥστε
985 797 1121 851 Σούραν

81 862 257 911 Λικίνιον,
275 860 385 913 ἄνδρα
405 860 496 912 μέγα
517 858 579 910 μὲν
596 860 680 907 παρ’
699 860 795 912 αὗτιρ
814 857 1024 908 δυνάμενον,
1043 858 1122 895 δια-

81 920 255 969 ὅληθέντα
274 919 311 959 δὲ
330 918 415 972 πρός
431 933 533 957 τινων
550 917 760 972 φθονούντων
782 918 813 955 οἳ
828 919 890 964 τῆς
909 915 1120 968 εὐπραγίας,

82 979 171 1030 μήτε
187 977 426 1026 ὑποπτεύσας,
441 977 530 1027 μήτε
546 975 717 1027 μισήσας,
738 975 944 1027 ἐγκειμένων
967 977 1034 1013 τῶν
1052 975 1123 1013 δια-

81 1037 280 1077 ὅαλλόντων
299 1037 359 1076 καὶ
385 1035 619 1076 ἐπιδουλεύειν
644 1036 739 1088 αὐτῷ
762 1034 821 1073 τὸν
842 1034 948 1087 ἄνδρα
966 1033 1123 1086 φασκόν-

80 1113 171 1145 των,
201 1096 260 1135 ἐπὶ
294 1097 430 1135 δεῖπνον
448 1097 495 1139 ὡς
520 1094 579 1133 τὸν
607 1093 777 1139 Λικίνιοχ
789 1094 923 1140 ἀπῆλθε
951 1093 1121 1139 ἄκλητος,

81 1155 142 1194 καὶ
171 1162 289 1195 πᾶσαν
315 1154 378 1202 τὴν
397 1153 547 1208 φρουρὰν
568 1151 889 1226 ἀποπεμψάμενος,
906 1152 1030 1202 πρῶτα
1060 1149 1123 1201 μὲν

82 1215 141 1253 τὸν
161 1215 279 1267 ἰατρὸν
295 1214 352 1253 τὸν
368 1217 429 1252 τοῦ
460 1211 616 1253 Λικινίου
636 1211 838 1258 καλέσας,“
825 1212 882 1248 υπ’
900 1209 1029 1248 ἐκείνου
1046 1208 1124 1253 τους

81 1273 278 1328 ὀφθαλμους
297 1273 535 1325 ὑπηλείψατο,
559 1271 679 1310 ἔπειτα
694 1270 730 1308 δὲ
750 1269 808 1308 τὸν
821 1267 945 1321 κουρέα
965 1283 1123 1319 μετακα-

80 1332 286 1383 λεσάμενος,
299 1331 434 1382 ξυρεῖν’
420 1329 540 1383 εκείνῳ
552 1329 591 1369 τὸ
600 1329 729 1404 γένειον
739 1329 1001 1381 παραδέδωκεν.
1018 1326 1063 1366 F
1065 1342 1123 1364 πει

84 1391 121 1429 δὲ
141 1391 298 1438 ἀπηλθεν
321 1389 440 1429 οἴκαδε
462 1389 547 1441 πρὸς
562 1388 639 1431 τοὺς
664 1387 826 1431 εἰωθότας
846 1386 1046 1424 διαὸάλλειν
1066 1385 1124 1424 τὸν

83 1449 213 1501 ἄνδρα,
234 1466 251 1483 ι
275 1450 320 1488 Εἰ
347 1447 449 1496 ἤθελέ
480 1463 523 1498 με
555 1446 691 1499 Σούρας
720 1447 944 1491 ἀποκτεῖναι,
977 1443 1055 1496 χθὲς
1083 1442 1124 1481 ἂν

85 1506 284 1546 ἀπέκτεινεν
304 1525 334 1546 ».
356 1506 519 1551 Οὕτως”
496 1521 563 1558 αρα
582 1503 621 1543 τὸ
638 1503 759 1542 πιστὸν
781 1520 842 1549 της
862 1503 1005 1555 γνώμης
1022 1501 1056 1547 ἐξ
1076 1505 1123 1540 ὧν

84 1566 177 1603 αὐτῶ
197 1564 336 1616 συνῄδει
349 1563 543 1617 πεπραγότι
563 1560 737 1614 μᾶλλον
718 1578 741 1609 η
765 1561 835 1606 ἐξ“
815 1577 862 1600 ων
883 1560 1021 1613 ἓτεροιε
1008 1559 1124 1605 ἐδόξα-

83 1625 159 1671 ζον,
190 1622 407 1662 ἕὸεὸαιουτο.
427 1622 491 1662 Διὸ
516 1620 558 1669 δὴ
580 1623 647 1667 ζῶν
671 1636 709 1659 τε
728 1620 855 1671 ὁμοίως
880 1619 931 1658 ἔτι
951 1619 1012 1657 καὶ
1038 1617 1128 1669 μετὰ

82 1686 185 1722 τοῦτο
210 1685 271 1721 τοῦ
299 1681 374 1735 βίου
402 1679 649 1732 παυσάμενος,
668 1678 747 1718 κατ’
780 1678 855 1717 ἴσον
884 1682 1128 1731 προσεκυνεῖτο

83 1744 154 1787 τοῖς
172 1741 379 1795 κρείττοσιν.
524 1795 526 1797 ¹

563 1799 650 1839 113.

469 1893 736 1932 ΑΔΡΙΑΝΟΣ.

90 1989 92 1992 ’
136 1991 229 2026 Exc.
250 1990 307 2025 De
321 1989 406 2024 virt.
426 2001 468 2037 p.
492 1987 567 2024 818
587 2001 596 2023 :
614 1983 700 2024 ‘'O-rt
720 1984 894 2037 Ἀδριανὸς
907 1979 948 2032 ἦν
967 1984 1050 2032 ἡδὺς
1063 1985 1128 2036 μὲν

84 2046 253 2098 ἐντυχεῖν,
275 2044 336 2083 καὶ
357 2044 497 2092 ἐπήνθει
519 2060 569 2088 τις
585 2046 681 2097 αὐτῷ
703 2043 826 2096 χάρις,
845 2046 888 2095 τῇ
905 2059 943 2082 τε
969 2043 1129 2083 Λατίνων

84 2104 144 2143 καὶ
164 2103 347 2151 Ἑλλήνων
378 2103 505 2156 ἄριστα
533 2102 672 2156 γλώττῃ
693 2103 885 2155 χρώμενος·
908 2104 945 2141 οὗ
975 2102 1045 2153 μὴν
1069 2103 1127 2142 ἐπὶ

88 2163 258 2217 πρᾳότητι
278 2162 415 2215 τρόπων
435 2162 650 2213 ἐθαυμάζετο
664 2174 673 2183 ·
693 2161 774 2214 περί
792 2177 828 2200 τε
849 2160 910 2209 τὴν
927 2163 996 2200 τῶν
1025 2163 1128 2213 δημο-

84 2222 169 2261 σίων
188 2222 380 2275 χρημάτων
395 2221 617 2265 ἐσπουδακὼς
634 2220 800 2274 ἄθροισιν.

565 2309 652 2349 114.

138 2376 229 2413 Exc.
255 2375 370 2413 Salm.
398 2386 438 2423 p.
460 2373 535 2423 396
559 2387 569 2410 ε
592 2371 765 2425 Ἀδριανὸς
785 2371 928 2424 Σίμιλίν
944 2388 1021 2411 τινα
1036 2403 1047 2424 ,
1065 2372 1130 2410 ἄν-

2142 272 2213 305 581

1182 349 1246 401 δρα
1274 348 1441 402 φρονήσει
1460 348 1554 386 καὶ’
1539 348 1709 386 επιεικεία
1743 351 2013 401 κεκοσμημένον,
2044 351 2221 404 ἠνάγκασε

1181 407 1245 455 τὴν
1268 407 1404 481 ἀρχὴν
1400 422 1468 445 των
1488 405 1684 460 δορυφόρων
1689 407 1933 480 ’wupukussei'v7
1950 409 2010 447 καὶ
2029 410 2126 460 μόλις
2147 411 2223 459 μὲν,

1183 465 1300 504 ἔπεισε
1319 465 1347 503 δ’
1363 459 1435 504 ουν.
1458 464 1600 536 Ὀλίγον
1623 464 1658 502 δὲ
1684 464 1837 517 ἐπισχὼν
1864 466 1924 504 καὶ
1949 468 2046 514 δετθε
2049 469 2078 512 ὶς
2102 468 2221 516 ἐξέστη

1182 526 1244 571 τῆς
1260 524 1388 575 ἀρχης,
1407 522 1500 561 καὶ’
1485 538 1519 560 εν
1540 523 1637 575 ἀγρῶ
1661 521 1721 569 ἔτη
1738 522 1764 567 ζ’
1784 523 1927 574 διαγα
1888 540 1958 575 γων
1974 527 2129 579 τελευτᾷ,
2153 529 2223 565 ἐπι-

1182 585 1358 635 γραφῆναι
1377 580 1572 634 προστάξας
1599 583 1633 619 ἐν
1652 583 1702 633 τῷ
1722 581 1890 635 μνημείῳ,
1908 585 2024 622 αὑτοῦ·
2049 603 2064 618 «
2086 586 2224 634 Σίμιλις

1184 643 1331 680 ἐνταῦθα
1342 638 1577 692 κεῖται,”βιοὺς
1592 638 1655 690 μὲν
1666 639 1724 687 ἔτη
1739 640 1783 687 ν’,
1799 640 1904 687 ζήσας
1916 641 1950 679 δὲ
1961 641 2020 689 ἔτη
2036 642 2077 686 ζ’,
2093 661 2106 677 n
2122 642 2224 695 Ἐγέ-

1183 715 1260 739 νετο
1276 699 1312 738 δὲ
1323 698 1413 750 μετὰ
1429 699 1575 737 θάνατον
1590 698 1756 751 Ἀδριανῷ
1767 701 1967 746 τηλικοῦτον
1982 701 2124 752 ἄγαλμα
2137 702 2225 752 μετὰ

1183 758 1389 811 τεθρίππου,
1409 757 1498 796 ὥστε
1514 758 1570 796 διὰ
1593 761 1652 796 τοῦ
1670 759 1849 809 ὀφθαλμοῦ
1869 758 2014 798 ἑκάστου
2032 760 2140 799 ἵππου
2163 778 2228 799 πα-

1183 817 1333 870 χύτατον
1353 816 1461 870 ἄνδρα
1476 815 1615 855 διιέναι·
1635 818 1665 855 οἱ
1683 815 1718 854 δὲ
1739 817 1775 854 ἐν
1791 819 1836 870 γῇ
1865 817 2079 868 βαδίζοντες,
2104 822 2141 857 ἐκ
2167 822 2227 865 τῆς

1185 876 1377 930 ὑπερὸολῆς
1405 879 1465 915 τοῦ
1496 874 1601 929 ὕψους
1630 878 1688 914 τοῦ
1717 875 1907 927 κτίσματος
1919 906 1930 927 ,
1959 877 2080 920 αὐτούς
2098 894 2135 917 τε
2151 878 2228 922 τοὺς

1183 935 1310 979 ἵππους
1329 934 1568 988 βραχυτάτους
1583 933 1644 972 καὶ
1662 933 1720 972 τὸν
1736 933 1910 987 Ἀδριανὸν
1931 936 2123 986 νομίζουσι.

1662 1020 1748 1057 115.

1391 1107 1687 1148 ΑΝΤΩΝΙΝΟΣ
1716 1109 1749 1147 Ο
1780 1109 2028 1148 ΕΥΣΕΒΗ-Σ.

1237 1204 1330 1240 Exc.
1354 1204 1410 1238 De
1426 1203 1511 1239 viit.
1529 1215 1568 1250 p.
1591 1202 1692 1240 818:
1711 1199 1796 1240 ‘'Ott
1820 1201 2017 1246 Ἀντωνινος
2034 1205 2052 1241 ὃ
2069 1204 2230 1255 βασιλευς

1185 1259 1321 1312 ἄριστος
1341 1263 1395 1306 ἠν,
1411 1258 1470 1296 καὶ
1488 1259 1643 1308 μάλιστα
1660 1261 1787 1312 Νουμᾶ
1799 1260 1890 1298 κατὰ
1910 1260 1949 1298 τὸ
1966 1263 2026 1308 τῆς
2046 1261 2231 1312 ἡγεμονίας

1185 1318 1411 1370 ὁμοιότροπον
1440 1317 1532 1362 ἄξιος
1559 1318 1866 1370 παραὸάλλεσθαι,
1890 1320 2048 1372 καθάπερ
2071 1319 2112 1367 δὴ
2144 1319 2230 1360 ἫΡω

1188 1375 1287 1427 μύλῳ
1315 1375 1490 1427 Τραϊανὸς
1519 1376 1682 1426 ἐνομίσθη
1708 1376 1967 1428 παραπλήσιος.
2001 1377 2070 1417 Τόν
2098 1394 2135 1416 τε
2164 1377 2230 1431 γὰρ

1186 1433 1325 1481 ἰδιώτην
1350 1437 1367 1471 ὁ
1385 1433 1622 1477 Ἀντωνῖνος”
1601 1450 1726 1486 αριστα
1743 1434 1838 1473 καὶ’
1824 1435 2032 1485 εντιμότατα
2061 1437 2230 1476 διετέλεσε

1189 1493 1277 1545 βίον,
1298 1507 1358 1530 και
1371 1491 1463 1530 κατὰ
1473 1492 1536 1539 τὴν
1563 1492 1753 1542 ἠγεμονίαν
1771 1494 1920 1544 ἀμείνων
1935 1493 2046 1538 ἔδοξεν
2071 1499 2157 1533 εἶναι
2173 1496 2232 1534 καὶ

1187 1549 1479 1602 σωφρονέστερος·
1509 1550 1620 1588 οὐδενὶ
1652 1550 1784 1603 τραχυς
1814 1551 1890 1589 οὐδὲ
1918 1555 2102 1605 φορτικὸς,
2142 1553 2233 1591 ἀλλὰ

1186 1607 1271 1661 πρὸς
1287 1608 1442 1652 ἅπαντας
1456 1608 1608 1661 χρηστός
1621 1625 1657 1646 τε
1674 1609 1734 1647 καὶ
1762 1609 1864 1656 ἤπιος
1881 1610 1946 1647 ὤν·
1966 1610 2000 1649 ἔν
2017 1627 2056 1662 γε
2075 1611 2143 1660 μὴν
2165 1618 2234 1656 τοῖς

1186 1669 1388 1718 πολεμικοῖς
1417 1667 1481 1714 τὴν
1499 1666 1569 1705 ἀπὸ
1594 1671 1653 1705 τοῦ
1685 1668 1816 1706 δικαίου
1835 1669 2005 1719 μᾶλλονῆ
2032 1673 2091 1708 τοῦ
2117 1671 2235 1723 κερδα-

1187 1726 1268 1765 λέου
1294 1725 1394 1771 δόξαν
1415 1725 1614 1779 θηρώμενος
1627 1757 1637 1775 ,
1660 1726 1844 1779 φυλάττειν
1871 1727 1979 1772 σώους
1996 1728 2086 1782 ἤπερ
2107 1731 2152 1772 εἷς
2173 1730 2235 1780 με’-

1187 1789 1283 1837 γεθος
1303 1784 1454 1838 ἐκφέρειν
1489 1784 1568 1828 τοὺς
1587 1789 1649 1832 τῆς
1678 1787 1790 1838 ἀρχῆς
1811 1787 1829 1806 '⁶
1850 1787 2034 1838 ἐγίνωσκεν
2049 1801 2057 1809 ·
2091 1787 2235 1840 ἄνδρας,

1189 1847 1234 1887 ὥς
1255 1843 1305 1882 ἔνι
1326 1844 1481 1895 μάλιστα
1501 1844 1667 1891 πλείστην
1688 1848 1745 1882 τοῦ
1764 1845 1896 1883 δικαίου
1917 1846 2142 1896 ποιουμένους
2166 1848 2237 1885 ἐπι-

1190 1902 1345 1953 μέλειαν,
1361 1903 1436 1947 ταῖς
1455 1905 1524 1941 τῶν
1541 1903 1719 1953 δημοσίων
1748 1903 1889 1956 ἐφιστὰς
1922 1904 2131 1952 διοικήσεσι,
2159 1905 2236 1950 τοὺς

1190 1961 1253 2012 μὲν
1275 1961 1422 2012 ἀγαθοὺς
1450 1964 1518 2000 τῶν
1543 1961 1722 2012 ἡγεμόνιον
1756 1963 1831 2006 ταῖς
1865 1962 1947 2015 παρ’
1977 1964 2082 2002 αὐτοῦ
2120 1967 2236 2014 τιμαῖς

1190 2020 1430 2072 ἀμειὸόμενος,
1449 2020 1526 2063 τούς
1541 2036 1580 2072 γε
1599 2019 1667 2070 μὴν
1683 2019 1832 2073 φαύλους
1849 2021 2041 2075 δίχα-τινὸς
2056 2022 2236 2074 τραχύτη-

1189 2095 1245 2124 τος
1269 2082 1337 2118 τῶν
1363 2082 1485 2118 κοινῶν
1513 2079 1719 2117 ἀπελαύνων
1741 2079 1970 2132 πραγμάτων.
2008 2080 2145 2120 Οὔκουν
2170 2082 2236 2119 ὑπὸ

1188 2141 1256 2176 τῶν
1283 2138 1416 2177 οἰκείων
1437 2137 1563 2189 μόνων,
1585 2140 1663 2176 ἀλλ’
1682 2138 1749 2185 ἤδη
1767 2138 1826 2176 καὶ
1843 2138 1927 2191 πρὸς
1946 2140 2015 2177 τῶν
2035 2139 2236 2192 ἀλλοφύλων

1190 2196 1425 2247 ἐθαυμάζετο·
1457 2199 1504 2240 ὡς
1528 2198 1597 2234 τῶν
1626 2196 1821 2249 προσοίκων
1849 2195 1943 2240 τινὰς
1974 2198 2161 2250 βαρὸάρων
2192 2198 2236 2236 τὰ

1189 2254 1283 2294 ὅπλα
1300 2254 1605 2305 κατατιθεμένους,
1625 2254 1874 2308 ἕπιτρέποντάς
1900 2271 1936 2293 τε
1954 2259 2003 2309 τῷ
2026 2257 2163 2307 βασιλεῖ
2175 2257 2238 2296 τὰς

1191 2314 1288 2357 δίκας
1301 2343 1311 2361 ,
1335 2312 1534 2352 διαλύεσθαι
1560 2315 1634 2357 ταῖς
1655 2313 1785 2352 ἐκείνου
1800 2314 1938 2367 ψήφοις.
1956 2314 2068 2358 Αὐτὸς
2086 2314 2121 2353 δὲ
2141 2315 2232 2366 παρὰ

1190 2372 1247 2410 τὸν
1262 2372 1402 2419 ἰδιώτην
1418 2372 1490 2427 βίον
1510 2372 1599 2410 πολύ
1617 2389 1649 2411 τι
1666 2374 1795 2419 πλῆθος
1807 2372 2000 2425 χρημάτων
2017 2373 2236 2423 κεκτημένος,

84 2485 216 2518 ἐνώπιον
231 2489 293 2516 τῶν
310 2486 503 2526 μεγιστάνων
520 2485 616 2517 αὐτοῦ
629 2485 766 2516 ἐπέδωκε
778 2487 824 2525 τῷ
845 2484 978 2526 ὑπάρχῳ
991 2508 1000 2523 ,
1014 2485 1113 2526 λέγων
1127 2496 1134 2503 ·
1152 2498 1166 2513 α
1193 2485 1283 2522 Δέξαι
1296 2485 1331 2517 τὸ
1349 2484 1430 2526 ξίφος
1449 2488 1559 2524 τοῦτο,
1574 2485 1626 2515 καὶ
1641 2486 1667 2516 εἰ
1687 2485 1741 2525 μὲν
1763 2485 1856 2521 καλὸς
1874 2485 2006 2527 ὑπάρχω
2018 2510 2027 2524 ‚
2047 2486 2122 2526 ὑπὲρ
2139 2486 2233 2525 ἐμοῦ,

84 2533 111 2563 εἰ
124 2531 155 2562 δὲ
170 2532 225 2572 μὴ,
239 2533 309 2562 κατ’
323 2531 400 2572 ἐμοῦ
412 2535 541 2572 χρῆσαι.
558 2542 575 2557 »
591 2531 639 2563 Cf.
657 2529 776 2570 Xiphil.
793 2532 923 2563 valu
935 2555 945 2570 ‚
966 2534 1014 2562 16.

126 2579 180 2610 Fr.
202 2581 272 2610 112.
297 2579 322 2609 E
343 2577 454 2610 Dione.
475 2580 516 2610 V.
537 2581 673 2618 Excerp.
692 2578 775 2610 Peir.
792 2577 828 2609 in
850 2578 944 2610 Dion.
966 2579 1117 2616 vaui,
1138 2582 1186 2610 16.
1201 2596 1242 2601 —
1267 2579 1416 2620 Σούραν
1440 2578 1670 2619 Λικίννιον]
1694 2580 1862 2618 Cramer.;
1887 2581 1920 2611 Σ.
1939 2579 2050 2611 λίννιον
2068 2579 2179 2612 codex.
2197 2600 2236 2606 --

84 2622 298 2665 ὑπηλείψατο]
319 2633 337 2656 e
349 2624 470 2664 Dione3
485 2625 681 2665 ἀπηλείψατο
698 2624 770 2655 cod.
784 2641 827 2648 —
839 2625 870 2661 ἐξ
885 2625 928 2656 ὧν
951 2624 1058 2665 αὐτῷ]
1074 2627 1237 2666 Cramer:;
1253 2626 1320 2665 ἐξῆν
1340 2627 1426 2667 αὐτῷ
1446 2626 1559 2658 codex.

128 2674 182 2704 Fr.
207 2675 278 2703 113.
298 2671 416 2704 Eadem
431 2672 545 2705 Suidas
562 2681 594 2704 v.
612 2671 774 2713 Ἀδριανός.
801 2673 977 2712 Eutropius
1002 2674 1098 2711 vul,
1126 2677 1162 2705 13
1180 2683 1188 2704 :
1206 2673 1491 2706 Facundissimus
1510 2673 1620 2704 latino
1641 2680 1811 2710 sermone,
1839 2680 1948 2712 qraeeo
1972 2673 2235 2705 eruditissimus

86 2719 157 2756 suit
174 2729 184 2750 :
202 2725 452 2759 non-maenam
465 2720 656 2752 clement-iae
678 2719 828 2759 qloriam
844 2718 988 2756 habuit;
1004 2718 1290 2759 diliyentissimus
1311 2722 1428 2752 tamen
1442 2721 1535 2751 circa
1550 2721 1721 2751 cerarium
1734 2721 1769 2751 et
1783 2719 1942 2750 militum
1955 2719 2192 2760 disciplinam.

126 2768 180 2798 Fr.
202 2769 271 2797 114.
295 2766 476 2808 Σίμιλιν]
494 2767 632 2808 Σιμίλιον
645 2766 759 2798 codex.
776 2768 817 2799 V.
833 2766 986 2806 xiphilin.
1000 2768 1119 2805 LXIX,
1138 2771 1186 2800 19.
1200 2785 1243 2791 —-
1258 2767 1413 2804 αὐτούς
1429 2778 1469 2798 τε
1485 2767 1556 2798 τοὺ
1568 2778 1581 2802 ς
1597 2766 1678 2807 ivn]
1696 2766 1809 2802 αὐτοὺς
1828 2767 1860 2797 δὲ
1872 2777 1900 2797 τ.
1925 2768 1948 2797 ῐ.
1965 2767 2079 2799 codex.

127 2815 178 2846 Fr.
206 2818 274 2846 115.
295 2814 416 2846 Eadem
433 2815 548 2847 Suidas
562 2824 595 2847 v.
616 2815 796 2851 Ἀντωνῖνος.
814 2834 857 2843 --
873 2814 1029 2856 Νουμᾷ]
1047 2815 1096 2846 Cf.
1123 2817 1255 2856 Eutrop.
1271 2818 1366 2852 viil,
1383 2817 1402 2846 4
1421 2827 1428 2846 ε
1452 2817 1510 2847 Vir
1526 2815 1674 2854 insiqnis
1700 2815 1734 2845 et
1757 2815 1818 2854 qui
1843 2815 1968 2845 merito
1993 2817 2116 2846 Numae
2133 2817 2236 2846 Pom-

84 2860 168 2902 pilio
180 2860 395 2901 conseratur,
410 2863 463 2893 ita
476 2863 517 2894 ut
533 2861 673 2894 Romulo
690 2861 864 2901 Traianus
877 2863 1052 2902 aequatum
1071 2862 1166 2894 Vixit
1188 2863 1320 2902 inqenti
1343 2862 1523 2894 honestate
1537 2862 1719 2901 privatus,
1745 2859 1870 2900 majori
1894 2862 1932 2891 in
1961 2862 2108 2901 imperio
2120 2884 2129 2900 ,
2145 2862 2238 2894 nulli

86 2906 233 2939 acerbus
244 2932 252 2946 ‚
273 2910 405 2940 cunctis
422 2908 590 2949 beniqnus
599 2918 613 2945 ‚·
628 2910 663 2940 in
680 2917 718 2940 re
729 2909 878 2940 militari
891 2908 1073 2941 moderata
1086 2908 1200 2949 qloria
1212 2933 1221 2948 ‚
1236 2909 1420 2948 defendere
1441 2909 1551 2947 maqis
1564 2909 1760 2947 provincias
1770 2931 1780 2945 ‚
1806 2915 1913 2947 quam
1928 2907 2144 2948 amplificare
2161 2911 2235 2940 stu·

86 2954 170 2986 dens
179 2963 192 2990 ,·
207 2957 296 2987 viros
310 2957 524 2999 aequissimos
538 2955 587 2988 ad
599 2953 925 2987 administrandam
938 2954 1187 2995 rempublicam
1198 2964 1372 2995 quaerens,
1389 2956 1484 2987 bonis
1499 2955 1660 2986 honorem
1675 2954 1802 2986 habens
1815 2978 1824 2992 ,
1837 2954 2007 2994 improbos
2022 2957 2096 2986 sine
2111 2956 2238 2995 aliqua

88 3002 280 3033 acerbitate
295 3000 469 3033 detestans
475 3011 488 3040 ;
502 3001 640 3042 reyibus
656 3002 775 3033 amicis
797 3001 1004 3033 venerabilis
1020 3010 1086 3033 non
1104 3005 1220 3034 minus
1234 3012 1340 3044 quam
1358 3002 1524 3035 terribilis
1537 3025 1546 3041 ,
1572 3001 1658 3033 adeo
1672 3003 1713 3033 ut
1729 3000 1965 3033 barbarorum
1983 3002 2148 3041 plurinzae
2170 3011 2234 3033 na-

87 3049 195 3080 tiones
205 3073 214 3088 ,
230 3048 392 3088 depositis
407 3050 536 3084 armis,
552 3048 600 3080 ad
613 3056 691 3080 eum
711 3049 963 3080 controversias
979 3057 1063 3080 suas
1079 3049 1226 3090 litesque
1242 3049 1437 3089 deferrent,
1451 3050 1700 3088 sententiaeque
1712 3048 1785 3087 ejus
1798 3049 1974 3087 parerent.
1994 3050 2055 3080 Hie
2070 3051 2153 3080 ante
2168 3051 2234 3080 im-

84 3097 226 3135 perium
240 3095 454 3135 ditissimus,
468 3104 545 3136 opes
561 3095 702 3136 quidem
717 3103 831 3126 omnes
847 3103 931 3127 suas
949 3096 1135 3136 stipendiis
1153 3097 1307 3128 miiitum
1323 3097 1356 3126 et
1378 3097 1472 3126 circa
1489 3096 1616 3126 amicos
1634 3093 1911 3125 liberalitatibus
1935 3095 2086 3129 minuit,
2114 3102 2235 3125 verum

87 3145 255 3175 aerarium
266 3143 469 3183 opulentum
482 3143 636 3184 reliquit.
653 3145 738 3175 Pius
750 3144 891 3183 propter
902 3143 1123 3174 clementiam
1137 3142 1249 3174 dictus
1263 3143 1324 3173 est.
1336 3157 1378 3163 —-
1391 3140 1530 3180 ἐνομίσ
1541 3141 1583 3177 θη
1595 3138 1607 3180 ]
1620 3140 1706 3180 ὤφθη
1721 3139 1848 3171 suidas.
1864 3159 1906 3168 -,
1917 3140 1984 3177 τὴν
2005 3141 2079 3172 ἀπὸ
2098 3144 2165 3172 τοῦ
2181 3141 2209 3173 δ.
2223 3140 2239 3181 J*

90 3191 145 3228 τὴν
163 3198 229 3221 om.
249 3189 337 3221 suid.
350 3190 492 3226 -τοὺς
510 3194 574 3228 τῆς
590 3189 729 3231 ἀρχῆς]
755 3189 881 3221 Excidit
903 3190 1024 3229 aliquid
1041 3189 1088 3221 vel
1111 3190 1299 3229 corruptum
1321 3189 1379 3219 est.
1406 3186 1617 3219 Leunclavius
1630 3189 1662 3218 et
1683 3189 1840 3218 Knsterus
1865 3187 1906 3218 ad
1931 3187 2061 3218 suidam
2083 3188 2232 3227 supplent

87 3236 186 3277 ὅρους.
204 3237 241 3267 ln
256 3236 462 3275 sequentibus
483 3236 595 3268 suidas
616 3246 674 3277 pro
696 3237 899 3277 ποιουμένους
923 3237 1018 3268 habet
1039 3236 1234 3276 ποιούμενος.
1256 3237 1292 3266 ln
1308 3243 1372 3274 quo
1386 3234 1593 3274 acquiescens
1619 3233 1843 3274 Bernhardyus
1857 3233 1962 3272 jungit
1985 3234 2055 3269 τοὺς
2068 3237 2120 3271 τῆς
2138 3234 2232 3274 ἀρχῆς

87 3283 196 3323 ἄνδρας
206 3307 215 3322 ,
229 3285 341 3314 contra
357 3285 530 3316 Kusterum
544 3293 677 3317 monens
689 3285 759 3316 haec
774 3296 782 3316 :
799 3296 815 3311 «
832 3283 1003 3316 Librorum
1017 3285 1125 3315 tamen
1142 3283 1238 3314 fidem
1252 3281 1419 3313 confirmat
1435 3279 1604 3321 Capitolini
1622 3280 1697 3312 Pius
1711 3289 1741 3311 c.
1765 3284 1789 3312 9
1802 3289 1820 3311 a
1834 3280 1989 3312 salmasio
2003 3280 2123 3310 dudum
2141 3280 2231 3310 adhi-

87 3329 175 3361 bitus
191 3338 199 3360 :
219 3331 330 3366 Quum
342 3338 475 3370 semper
488 3333 660 3363 amaverit
675 3339 813 3371 pacem,
828 3339 865 3362 eo
878 3338 987 3371 usque
1002 3333 1044 3362 ut
1058 3332 1224 3370 Scipionis
1241 3336 1298 3361 sen
1305 3329 1451 3359 tentiam
1463 3327 1707 3367 frequentarit
1717 3350 1726 3366 ,
1741 3335 1810 3367 qua
1831 3327 1893 3358 ille
1907 3326 2042 3358 dicebat
2052 3350 2060 3363 ‚
2076 3326 2181 3356 malle
2196 3335 2232 3356 se

90 3383 199 3408 unum
214 3377 317 3408 civem
331 3385 472 3409 servare
484 3385 590 3417 quam
603 3377 702 3408 mille
715 3376 826 3408 hostes
840 3376 1004 3407 occidere.
1019 3389 1034 3404 υ
1051 3378 1173 3408 Verum
1186 3375 1289 3406 multo
1302 3374 1402 3414 magis
1414 3374 1454 3405 ad
1468 3382 1534 3405 rem
1549 3375 1691 3405 nostram
1704 3373 1842 3413 pertinet
1855 3373 2026 3404 contulisse
2040 3373 2230 3411 Eutropiana

89 3421 150 3454 ista
168 3435 175 3454 :
194 3422 376 3462 defendere
388 3425 498 3463 maqis
510 3426 713 3464 provincias
729 3431 837 3464 quam
852 3422 1068 3463 amplificare
1090 3422 1242 3454 studens.
1258 3439 1297 3444 —
1319 3424 1393 3452 τῶν
1413 3422 1480 3460 ἡγε
1491 3419 1641 3461 μόνων]
1664 3421 1720 3457 τὴν
1736 3419 1903 3460 ἡγεμονίαν
1926 3418 2059 3457 suidas,
2080 3419 2173 3450 male.
2189 3437 2228 3440 —

89 3468 335 3511 ἀλλοφύλων]
350 3478 367 3502 e
385 3469 504 3511 suida;
522 3470 627 3503 ἄλλων
645 3471 759 3503 codex.
776 3486 816 3493 —
831 3469 1048 3511 ἐπιτρέποντάς
1067 3468 1122 3510 τε]
1146 3481 1178 3502 τε
1196 3478 1259 3502 om.
1279 3467 1424 3500 nonnulli
1447 3467 1539 3500 codd.
1566 3467 1689 3506 Suidae,
1706 3475 1778 3498 cum
1798 3466 1898 3506 iisque
1911 3465 1959 3497 ed.
1986 3465 2097 3497 Bernh.
2115 3477 2129 3491 «
2149 3467 2228 3496 Ora-
