<?xml version="1.0" encoding="UTF-8"?>
<!DOCTYPE html PUBLIC "-//W3C//DTD XHTML 1.0 Transitional//EN"
    "http://www.w3.org/TR/xhtml1/DTD/xhtml1-transitional.dtd">
<html xmlns="http://www.w3.org/1999/xhtml" xml:lang="en" lang="en">
 <head>
  <title>
</title>
<meta http-equiv="Content-Type" content="text/html;charset=utf-8" />
  <meta name='ocr-system' content='tesseract 3.04.00' />
  <meta name='ocr-capabilities' content='ocr_page ocr_carea ocr_par ocr_line ocrx_word'/>
</head>
<body>
  <div class='ocr_page' id='page_1' title='image "./fragmentahistori04mueluoft_0316.png"; bbox 0 0 2326 3724; ppageno 0'>
   <div class='ocr_carea' id='block_1_1' title="bbox 128 230 201 262">
    <p class='ocr_par' dir='ltr' id='par_1_1' title="bbox 128 230 201 262">
     <span class='ocr_line' id='line_1_1' title="bbox 128 230 201 262; baseline 0 0"><span class='ocrx_word' id='word_1_1' title='bbox 128 230 201 262; x_wconf 79' lang='lat'><strong>304</strong></span> 
     </span>
    </p>
   </div>
   <div class='ocr_carea' id='block_1_2' title="bbox 650 222 1734 275">
    <p class='ocr_par' dir='ltr' id='par_1_2' title="bbox 650 222 1734 275">
     <span class='ocr_line' id='line_1_2' title="bbox 650 222 1734 275; baseline 0.002 -13"><span class='ocrx_word' id='word_1_2' title='bbox 650 222 935 263; x_wconf 85' lang='lat' dir='ltr'><strong>ANDROETAE</strong></span> <span class='ocrx_word' id='word_1_3' title='bbox 962 223 1197 271; x_wconf 78' lang='lat' dir='ltr'><strong>TENEDH,</strong></span> <span class='ocrx_word' id='word_1_4' title='bbox 1229 223 1516 263; x_wconf 84' lang='lat' dir='ltr'>ANDRONICI</span> <span class='ocrx_word' id='word_1_5' title='bbox 1546 223 1734 275; x_wconf 88' lang='lat' dir='ltr'><strong>ALYPII,</strong></span> 
     </span>
    </p>
   </div>
   <div class='ocr_carea' id='block_1_3' title="bbox 110 308 2265 367">
    <p class='ocr_par' dir='ltr' id='par_1_3' title="bbox 110 308 2265 367">
     <span class='ocr_line' id='line_1_3' title="bbox 110 308 2265 367; baseline 0.002 -19"><span class='ocrx_word' id='word_1_6' title='bbox 110 308 371 360; x_wconf 81' lang='grc' dir='ltr'>Κασσαμενὸς,</span> <span class='ocrx_word' id='word_1_7' title='bbox 391 308 567 363; x_wconf 79' lang='grc' dir='ltr'>οἰκήτορες</span> <span class='ocrx_word' id='word_1_8' title='bbox 587 309 751 364; x_wconf 76' lang='grc' dir='ltr'>Θράκης,</span> <span class='ocrx_word' id='word_1_9' title='bbox 776 310 992 363; x_wconf 82' lang='grc' dir='ltr'>ὁρμήσαντες</span> <span class='ocrx_word' id='word_1_10' title='bbox 1013 311 1083 349; x_wconf 84' lang='grc' dir='ltr'>ἀπὸ</span> <span class='ocrx_word' id='word_1_11' title='bbox 1099 310 1162 358; x_wconf 80' lang='grc' dir='ltr'><strong>νή-</strong></span> <span class='ocrx_word' id='word_1_12' title='bbox 1222 309 1356 362; x_wconf 77' lang='grc' dir='ltr'>σχοινία</span> <span class='ocrx_word' id='word_1_13' title='bbox 1374 313 1434 357; x_wconf 78' lang='grc' dir='ltr'><strong>τῆς</strong></span> <span class='ocrx_word' id='word_1_14' title='bbox 1447 310 1538 354; x_wconf 84' lang='grc' dir='ltr'>νεώς.</span> <span class='ocrx_word' id='word_1_15' title='bbox 1553 312 1605 350; x_wconf 84' lang='grc' dir='ltr'><strong>Οὖ</strong></span> <span class='ocrx_word' id='word_1_16' title='bbox 1619 313 1806 358; x_wconf 81' lang='grc' dir='ltr'>ποιητικῶς</span> <span class='ocrx_word' id='word_1_17' title='bbox 1820 310 1856 350; x_wconf 82' lang='grc' dir='ltr'>δὲ</span> <span class='ocrx_word' id='word_1_18' title='bbox 1867 311 2042 350; x_wconf 81' lang='grc' dir='ltr'>ἀνέπλασε</span> <span class='ocrx_word' id='word_1_19' title='bbox 2052 311 2115 360; x_wconf 88' lang='grc' dir='ltr'><strong>τὴν</strong></span> <span class='ocrx_word' id='word_1_20' title='bbox 2134 313 2265 367; x_wconf 73' lang='grc' dir='ltr'>δάφνην</span> 
     </span>
    </p>
   </div>
   <div class='ocr_carea' id='block_1_4' title="bbox 115 368 1166 891">
    <p class='ocr_par' dir='ltr' id='par_1_4' title="bbox 115 368 1164 715">
     <span class='ocr_line' id='line_1_4' title="bbox 118 368 1161 423; baseline 0.004 -19"><span class='ocrx_word' id='word_1_21' title='bbox 118 381 180 405; x_wconf 89' lang='grc' dir='ltr'><strong>σου</strong></span> <span class='ocrx_word' id='word_1_22' title='bbox 199 370 260 414; x_wconf 75' lang='grc' dir='ltr'><strong>τῆς</strong></span> <span class='ocrx_word' id='word_1_23' title='bbox 278 368 444 421; x_wconf 87' lang='grc' dir='ltr'>πρότερον</span> <span class='ocrx_word' id='word_1_24' title='bbox 463 368 526 420; x_wconf 82' lang='grc' dir='ltr'><strong>μὲν</strong></span> <span class='ocrx_word' id='word_1_25' title='bbox 554 369 778 421; x_wconf 81' lang='grc' dir='ltr'>Στρογγύλης</span> <span class='ocrx_word' id='word_1_26' title='bbox 790 400 802 420; x_wconf 77' lang='grc'>,</span> <span class='ocrx_word' id='word_1_27' title='bbox 825 369 965 423; x_wconf 73' lang='grc' dir='ltr'>ὕστερον</span> <span class='ocrx_word' id='word_1_28' title='bbox 982 369 1018 408; x_wconf 81' lang='grc' dir='ltr'>δὲ</span> <span class='ocrx_word' id='word_1_29' title='bbox 1046 369 1161 415; x_wconf 83' lang='grc' dir='ltr'>Νάξου</span> 
     </span>
     <span class='ocr_line' id='line_1_5' title="bbox 118 425 1162 478; baseline 0.004 -15"><span class='ocrx_word' id='word_1_30' title='bbox 118 426 326 475; x_wconf 82' lang='grc' dir='ltr'>κληθείσης,</span> <span class='ocrx_word' id='word_1_31' title='bbox 354 425 530 475; x_wconf 78' lang='grc' dir='ltr'>ἐληίζοντο</span> <span class='ocrx_word' id='word_1_32' title='bbox 562 427 625 478; x_wconf 85' lang='grc' dir='ltr'><strong>μὲν</strong></span> <span class='ocrx_word' id='word_1_33' title='bbox 651 427 714 475; x_wconf 87' lang='grc' dir='ltr'><strong>τήν</strong></span> <span class='ocrx_word' id='word_1_34' title='bbox 733 443 771 466; x_wconf 86' lang='grc' dir='ltr'><strong>τε</strong></span> <span class='ocrx_word' id='word_1_35' title='bbox 805 428 1076 477; x_wconf 88' lang='grc' dir='ltr'>Πελοπόννησον</span> <span class='ocrx_word' id='word_1_36' title='bbox 1101 428 1162 467; x_wconf 81' lang='grc' dir='ltr'><strong>καὶ</strong></span> 
     </span>
     <span class='ocr_line' id='line_1_6' title="bbox 115 482 1163 560; baseline 0.005 -39"><span class='ocrx_word' id='word_1_37' title='bbox 115 482 179 528; x_wconf 77' lang='grc' dir='ltr'><strong>τὰς</strong></span> <span class='ocrx_word' id='word_1_38' title='bbox 192 483 290 537; x_wconf 85' lang='grc' dir='ltr'>πέριξ</span> <span class='ocrx_word' id='word_1_39' title='bbox 308 484 433 532; x_wconf 82' lang='grc' dir='ltr'>νήσους</span> <span class='ocrx_word' id='word_1_40' title='bbox 446 516 457 535; x_wconf 91' lang='grc'>,</span> <span class='ocrx_word' id='word_1_41' title='bbox 471 486 707 560; x_wconf 81' lang='grc' dir='ltr'>προσσχόντες</span> <span class='ocrx_word' id='word_1_42' title='bbox 721 485 757 524; x_wconf 84' lang='grc' dir='ltr'>δὲ</span> <span class='ocrx_word' id='word_1_43' title='bbox 772 487 956 540; x_wconf 82' lang='grc' dir='ltr'>Θεσσαλία</span> <span class='ocrx_word' id='word_1_44' title='bbox 973 486 1104 532; x_wconf 89' lang='grc' dir='ltr'>πολλάς</span> <span class='ocrx_word' id='word_1_45' title='bbox 1126 502 1163 525; x_wconf 89' lang='grc' dir='ltr'><strong>τε</strong></span> 
     </span>
     <span class='ocr_line' id='line_1_7' title="bbox 120 541 1161 597; baseline 0.006 -18"><span class='ocrx_word' id='word_1_46' title='bbox 120 541 231 586; x_wconf 80' lang='grc' dir='ltr'>ἄλλας</span> <span class='ocrx_word' id='word_1_47' title='bbox 243 549 410 593; x_wconf 83' lang='grc' dir='ltr'>γυναῖκας</span> <span class='ocrx_word' id='word_1_48' title='bbox 425 544 637 597; x_wconf 82' lang='grc' dir='ltr'>κατέσυραν,</span> <span class='ocrx_word' id='word_1_49' title='bbox 659 547 694 583; x_wconf 84' lang='grc' dir='ltr'><strong>ἐν</strong></span> <span class='ocrx_word' id='word_1_50' title='bbox 712 544 748 583; x_wconf 83' lang='grc' dir='ltr'>δὲ</span> <span class='ocrx_word' id='word_1_51' title='bbox 771 561 831 583; x_wconf 91' lang='grc' dir='ltr'><strong>και</strong></span> <span class='ocrx_word' id='word_1_52' title='bbox 848 545 910 592; x_wconf 78' lang='grc' dir='ltr'><strong>τὴν</strong></span> <span class='ocrx_word' id='word_1_53' title='bbox 928 545 1083 590; x_wconf 82' lang='grc' dir='ltr'>Ἀλωέως</span> <span class='ocrx_word' id='word_1_54' title='bbox 1097 561 1161 597; x_wconf 91' lang='grc' dir='ltr'><strong>γυ-</strong></span> 
     </span>
     <span class='ocr_line' id='line_1_8' title="bbox 118 602 1164 657; baseline 0.005 -19"><span class='ocrx_word' id='word_1_55' title='bbox 118 605 224 639; x_wconf 87' lang='grc' dir='ltr'>ναῖκα</span> <span class='ocrx_word' id='word_1_56' title='bbox 251 602 434 655; x_wconf 80' lang='grc' dir='ltr'>’Ῑφιμέδην</span> <span class='ocrx_word' id='word_1_57' title='bbox 459 603 520 642; x_wconf 83' lang='grc' dir='ltr'><strong>καὶ</strong></span> <span class='ocrx_word' id='word_1_58' title='bbox 544 602 717 656; x_wconf 80' lang='grc' dir='ltr'>θυγατέρα</span> <span class='ocrx_word' id='word_1_59' title='bbox 738 604 846 650; x_wconf 84' lang='grc' dir='ltr'>αὖτης</span> <span class='ocrx_word' id='word_1_60' title='bbox 869 603 1090 657; x_wconf 84' lang='grc' dir='ltr'>Παγκρατώ·</span> <span class='ocrx_word' id='word_1_61' title='bbox 1123 608 1164 651; x_wconf 79' lang='grc' dir='ltr'><strong>ἧς</strong></span> 
     </span>
     <span class='ocr_line' id='line_1_9' title="bbox 118 659 1159 715; baseline 0.004 -18"><span class='ocrx_word' id='word_1_62' title='bbox 118 659 308 714; x_wconf 84' lang='grc' dir='ltr'>ἀμφότεροι</span> <span class='ocrx_word' id='word_1_63' title='bbox 325 663 371 705; x_wconf 84' lang='grc' dir='ltr'><strong>εἰς</strong></span> <span class='ocrx_word' id='word_1_64' title='bbox 386 661 499 710; x_wconf 85' lang='grc' dir='ltr'>ἔρωτα</span> <span class='ocrx_word' id='word_1_65' title='bbox 513 663 735 715; x_wconf 78' lang='grc' dir='ltr'>ἀφικόμενοι,</span> <span class='ocrx_word' id='word_1_66' title='bbox 754 662 955 709; x_wconf 79' lang='grc' dir='ltr'>ἀλλήλους’</span> <span class='ocrx_word' id='word_1_67' title='bbox 937 662 1159 703; x_wconf 88' lang='grc' dir='ltr'>απέκτειναν.</span> 
     </span>
    </p>

    <p class='ocr_par' dir='ltr' id='par_1_5' title="bbox 118 718 1166 891">
     <span class='ocr_line' id='line_1_10' title="bbox 170 718 1166 774; baseline 0.001 -17"><span class='ocrx_word' id='word_1_68' title='bbox 170 718 361 771; x_wconf 86' lang='grc' dir='ltr'>Οἷκητορες</span> <span class='ocrx_word' id='word_1_69' title='bbox 373 720 539 774; x_wconf 80' lang='grc' dir='ltr'>Θρᾴκης]</span> <span class='ocrx_word' id='word_1_70' title='bbox 554 724 606 759; x_wconf 92' lang='lat' dir='ltr'><strong>sic</strong></span> <span class='ocrx_word' id='word_1_71' title='bbox 618 725 769 759; x_wconf 86' lang='lat' dir='ltr'><strong>Passov.</strong></span> <span class='ocrx_word' id='word_1_72' title='bbox 783 735 793 769; x_wconf 91' lang='lat'>;</span> <span class='ocrx_word' id='word_1_73' title='bbox 808 721 951 773; x_wconf 81' lang='grc' dir='ltr'>κήτορες</span> <span class='ocrx_word' id='word_1_74' title='bbox 964 723 995 760; x_wconf 78' lang='grc' dir='ltr'><strong>οἱ</strong></span> <span class='ocrx_word' id='word_1_75' title='bbox 1005 721 1166 774; x_wconf 85' lang='grc' dir='ltr'>Θραίκης</span> 
     </span>
     <span class='ocr_line' id='line_1_11' title="bbox 118 778 1160 833; baseline 0.006 -19"><span class='ocrx_word' id='word_1_76' title='bbox 118 778 230 826; x_wconf 89' lang='lat' dir='ltr'><strong>cod.;</strong></span> <span class='ocrx_word' id='word_1_77' title='bbox 256 778 414 831; x_wconf 81' lang='grc' dir='ltr'>Κήτορος</span> <span class='ocrx_word' id='word_1_78' title='bbox 439 782 478 818; x_wconf 85' lang='grc' dir='ltr'><strong>ἐκ</strong></span> <span class='ocrx_word' id='word_1_79' title='bbox 497 781 567 832; x_wconf 88' lang='grc' dir='ltr'>Θρ.</span> <span class='ocrx_word' id='word_1_80' title='bbox 587 782 765 828; x_wconf 87' lang='lat' dir='ltr'><strong>Cornar.;</strong></span> <span class='ocrx_word' id='word_1_81' title='bbox 782 781 813 818; x_wconf 82' lang='grc' dir='ltr'><strong>οἱ</strong></span> <span class='ocrx_word' id='word_1_82' title='bbox 842 779 999 833; x_wconf 77' lang='grc' dir='ltr'>Κήτορος</span> <span class='ocrx_word' id='word_1_83' title='bbox 1028 781 1068 818; x_wconf 81' lang='grc' dir='ltr'><strong>ἐκ</strong></span> <span class='ocrx_word' id='word_1_84' title='bbox 1090 783 1160 832; x_wconf 86' lang='grc' dir='ltr'>Θρ.</span> 
     </span>
     <span class='ocr_line' id='line_1_12' title="bbox 119 836 908 891; baseline 0.005 -18"><span class='ocrx_word' id='word_1_85' title='bbox 119 836 275 884; x_wconf 82' lang='lat' dir='ltr'><strong>Galeus3</strong></span> <span class='ocrx_word' id='word_1_86' title='bbox 296 838 327 874; x_wconf 88' lang='grc' dir='ltr'><strong>οἱ</strong></span> <span class='ocrx_word' id='word_1_87' title='bbox 344 836 500 890; x_wconf 84' lang='grc' dir='ltr'>Κήτορος</span> <span class='ocrx_word' id='word_1_88' title='bbox 515 839 546 876; x_wconf 83' lang='grc' dir='ltr'><strong>οἱ</strong></span> <span class='ocrx_word' id='word_1_89' title='bbox 566 839 706 891; x_wconf 78' lang='grc' dir='ltr'>Θρᾷκες</span> <span class='ocrx_word' id='word_1_90' title='bbox 720 840 908 889; x_wconf 84' lang='lat' dir='ltr'><strong>Legrand.</strong></span> 
     </span>
    </p>
   </div>
   <div class='ocr_carea' id='block_1_5' title="bbox 403 950 877 1080">
    <p class='ocr_par' dir='ltr' id='par_1_6' title="bbox 403 950 877 1080">
     <span class='ocr_line' id='line_1_13' title="bbox 403 950 877 989; baseline 0.006 -3"><span class='ocrx_word' id='word_1_91' title='bbox 403 950 434 986; x_wconf 93' lang='lat' dir='ltr'><strong>E</strong></span> <span class='ocrx_word' id='word_1_92' title='bbox 463 951 616 988; x_wconf 89' lang='lat' dir='ltr'>LIBRO</span> <span class='ocrx_word' id='word_1_93' title='bbox 645 951 877 989; x_wconf 86' lang='lat' dir='ltr'>INCERTO.</span> 
     </span>
     <span class='ocr_line' id='line_1_14' title="bbox 615 1043 652 1080; baseline -0.027 0"><span class='ocrx_word' id='word_1_94' title='bbox 615 1043 636 1080; x_wconf 86' lang='lat'>3</span> <span class='ocrx_word' id='word_1_95' title='bbox 644 1069 652 1079; x_wconf 90' lang='lat'><strong>.</strong></span> 
     </span>
    </p>
   </div>
   <div class='ocr_carea' id='block_1_6' title="bbox 116 1128 1166 2353">
    <p class='ocr_par' dir='ltr' id='par_1_7' title="bbox 118 1128 1165 1532">
     <span class='ocr_line' id='line_1_15' title="bbox 171 1128 1164 1182; baseline 0.003 -16"><span class='ocrx_word' id='word_1_96' title='bbox 171 1132 371 1167; x_wconf 76' lang='lat' dir='ltr'><strong>Athenaeus</strong></span> <span class='ocrx_word' id='word_1_97' title='bbox 384 1132 454 1180; x_wconf 86' lang='lat'>111,</span> <span class='ocrx_word' id='word_1_98' title='bbox 471 1143 510 1180; x_wconf 89' lang='lat' dir='ltr'><strong>p.</strong></span> <span class='ocrx_word' id='word_1_99' title='bbox 524 1131 585 1178; x_wconf 91' lang='lat'><strong>78,</strong></span> <span class='ocrx_word' id='word_1_100' title='bbox 604 1130 633 1170; x_wconf 91' lang='lat' dir='ltr'>C</span> <span class='ocrx_word' id='word_1_101' title='bbox 650 1143 659 1169; x_wconf 76' lang='lat' dir='ltr'><strong>t</strong></span> <span class='ocrx_word' id='word_1_102' title='bbox 683 1128 806 1174; x_wconf 80' lang='grc' dir='ltr'>Νάξιοι</span> <span class='ocrx_word' id='word_1_103' title='bbox 819 1129 872 1180; x_wconf 83' lang='grc' dir='ltr'>δὲ,</span> <span class='ocrx_word' id='word_1_104' title='bbox 887 1131 934 1174; x_wconf 85' lang='grc' dir='ltr'><strong>ὡς</strong></span> <span class='ocrx_word' id='word_1_105' title='bbox 956 1129 1164 1182; x_wconf 84' lang='grc' dir='ltr'>Ἀνδρίσκος,</span> 
     </span>
     <span class='ocr_line' id='line_1_16' title="bbox 119 1188 1164 1242; baseline 0.001 -16"><span class='ocrx_word' id='word_1_106' title='bbox 119 1188 170 1226; x_wconf 87' lang='grc' dir='ltr'><strong>ἔτι</strong></span> <span class='ocrx_word' id='word_1_107' title='bbox 188 1188 217 1226; x_wconf 86' lang='grc' dir='ltr'>δ’</span> <span class='ocrx_word' id='word_1_108' title='bbox 235 1188 484 1240; x_wconf 83' lang='grc' dir='ltr'>Ἀγλαοσθένης</span> <span class='ocrx_word' id='word_1_109' title='bbox 497 1191 691 1242; x_wconf 73' lang='grc' dir='ltr'>ἱστοροῦσι,</span> <span class='ocrx_word' id='word_1_110' title='bbox 717 1188 889 1241; x_wconf 83' lang='grc' dir='ltr'>μειλίχιον</span> <span class='ocrx_word' id='word_1_111' title='bbox 905 1189 1088 1227; x_wconf 80' lang='grc' dir='ltr'>καλεῖσθαι</span> <span class='ocrx_word' id='word_1_112' title='bbox 1106 1189 1164 1228; x_wconf 85' lang='grc' dir='ltr'><strong>τὸν</strong></span> 
     </span>
     <span class='ocr_line' id='line_1_17' title="bbox 119 1245 1164 1300; baseline 0.001 -15"><span class='ocrx_word' id='word_1_113' title='bbox 119 1245 303 1296; x_wconf 86' lang='grc' dir='ltr'>Διόνυσον,</span> <span class='ocrx_word' id='word_1_114' title='bbox 322 1246 379 1285; x_wconf 84' lang='grc' dir='ltr'><strong>διὰ</strong></span> <span class='ocrx_word' id='word_1_115' title='bbox 395 1245 457 1293; x_wconf 83' lang='grc' dir='ltr'><strong>τὴν</strong></span> <span class='ocrx_word' id='word_1_116' title='bbox 477 1250 538 1285; x_wconf 71' lang='grc' dir='ltr'><strong>τοῦ</strong></span> <span class='ocrx_word' id='word_1_117' title='bbox 561 1247 700 1286; x_wconf 86' lang='grc' dir='ltr'>συκίνου</span> <span class='ocrx_word' id='word_1_118' title='bbox 715 1251 852 1300; x_wconf 80' lang='grc' dir='ltr'>καρποῦ</span> <span class='ocrx_word' id='word_1_119' title='bbox 865 1247 1076 1300; x_wconf 84' lang='grc' dir='ltr'>παράδοσιν.</span> <span class='ocrx_word' id='word_1_120' title='bbox 1101 1248 1164 1288; x_wconf 84' lang='grc' dir='ltr'>Διὸ</span> 
     </span>
     <span class='ocr_line' id='line_1_18' title="bbox 118 1303 1165 1358; baseline 0.004 -16"><span class='ocrx_word' id='word_1_121' title='bbox 118 1304 179 1343; x_wconf 70' lang='grc' dir='ltr'><strong>καὶ</strong></span> <span class='ocrx_word' id='word_1_122' title='bbox 198 1303 385 1358; x_wconf 78' lang='grc' dir='ltr'>πρόσωπον</span> <span class='ocrx_word' id='word_1_123' title='bbox 406 1309 465 1344; x_wconf 78' lang='grc' dir='ltr'><strong>τοῦ</strong></span> <span class='ocrx_word' id='word_1_124' title='bbox 485 1309 563 1344; x_wconf 73' lang='grc' dir='ltr'>θεοῦ</span> <span class='ocrx_word' id='word_1_125' title='bbox 588 1305 686 1358; x_wconf 87' lang='grc' dir='ltr'>παρὰ</span> <span class='ocrx_word' id='word_1_126' title='bbox 706 1307 776 1350; x_wconf 83' lang='grc' dir='ltr'>τοῖς</span> <span class='ocrx_word' id='word_1_127' title='bbox 800 1305 943 1351; x_wconf 86' lang='grc' dir='ltr'>Ναξίοις</span> <span class='ocrx_word' id='word_1_128' title='bbox 964 1306 1003 1344; x_wconf 84' lang='grc' dir='ltr'><strong>τὸ</strong></span> <span class='ocrx_word' id='word_1_129' title='bbox 1024 1306 1087 1357; x_wconf 85' lang='grc' dir='ltr'><strong>μὲν</strong></span> <span class='ocrx_word' id='word_1_130' title='bbox 1106 1311 1165 1346; x_wconf 82' lang='grc' dir='ltr'><strong>τοῦ</strong></span> 
     </span>
     <span class='ocr_line' id='line_1_19' title="bbox 120 1358 1164 1415; baseline 0.002 -13"><span class='ocrx_word' id='word_1_131' title='bbox 120 1362 289 1415; x_wconf 80' lang='grc' dir='ltr'>Βακχέως</span> <span class='ocrx_word' id='word_1_132' title='bbox 306 1363 474 1404; x_wconf 82' lang='grc' dir='ltr'>Διονύσου</span> <span class='ocrx_word' id='word_1_133' title='bbox 491 1365 709 1415; x_wconf 85' lang='grc' dir='ltr'>καλουμένου</span> <span class='ocrx_word' id='word_1_134' title='bbox 731 1358 819 1403; x_wconf 67' lang='grc' dir='ltr'>εἶναι</span> <span class='ocrx_word' id='word_1_135' title='bbox 845 1364 1051 1414; x_wconf 83' lang='grc' dir='ltr'>ἀμπέλινον,</span> <span class='ocrx_word' id='word_1_136' title='bbox 1069 1365 1106 1403; x_wconf 84' lang='grc' dir='ltr'><strong>τὸ</strong></span> <span class='ocrx_word' id='word_1_137' title='bbox 1130 1366 1164 1404; x_wconf 81' lang='grc' dir='ltr'>δὲ</span> 
     </span>
     <span class='ocr_line' id='line_1_20' title="bbox 118 1422 1162 1475; baseline 0.005 -16"><span class='ocrx_word' id='word_1_138' title='bbox 118 1425 176 1460; x_wconf 77' lang='grc' dir='ltr'><strong>τοῦ</strong></span> <span class='ocrx_word' id='word_1_139' title='bbox 188 1422 373 1474; x_wconf 83' lang='grc' dir='ltr'>Μειλιχίου</span> <span class='ocrx_word' id='word_1_140' title='bbox 385 1422 537 1463; x_wconf 82' lang='grc' dir='ltr'>σύκινον.</span> <span class='ocrx_word' id='word_1_141' title='bbox 548 1422 606 1462; x_wconf 84' lang='grc' dir='ltr'><strong>Τὰ</strong></span> <span class='ocrx_word' id='word_1_142' title='bbox 615 1423 683 1475; x_wconf 86' lang='grc' dir='ltr'>γὰρ</span> <span class='ocrx_word' id='word_1_143' title='bbox 699 1425 788 1462; x_wconf 80' lang='grc' dir='ltr'>σῦκα</span> <span class='ocrx_word' id='word_1_144' title='bbox 804 1423 948 1475; x_wconf 87' lang='grc' dir='ltr'>μείλιχα</span> <span class='ocrx_word' id='word_1_145' title='bbox 962 1426 1162 1465; x_wconf 87' lang='grc' dir='ltr'>καλεῖσθαι.</span> 
     </span>
     <span class='ocr_line' id='line_1_21' title="bbox 118 1482 1162 1532; baseline 0.002 -11"><span class='ocrx_word' id='word_1_146' title='bbox 118 1482 174 1521; x_wconf 87' lang='lat' dir='ltr'><strong>Cf.</strong></span> <span class='ocrx_word' id='word_1_147' title='bbox 192 1484 354 1520; x_wconf 86' lang='lat' dir='ltr'><strong>Grueter</strong></span> <span class='ocrx_word' id='word_1_148' title='bbox 367 1486 424 1520; x_wconf 91' lang='lat' dir='ltr'><strong>De</strong></span> <span class='ocrx_word' id='word_1_149' title='bbox 436 1485 545 1520; x_wconf 82' lang='lat' dir='ltr'><strong>Naxo</strong></span> <span class='ocrx_word' id='word_1_150' title='bbox 558 1484 628 1521; x_wconf 87' lang='lat' dir='ltr'><strong>ins.</strong></span> <span class='ocrx_word' id='word_1_151' title='bbox 644 1483 768 1532; x_wconf 86' lang='lat' dir='ltr'><strong>(Halis</strong></span> <span class='ocrx_word' id='word_1_152' title='bbox 786 1482 904 1532; x_wconf 80' lang='lat'><em>1833)</em></span> <span class='ocrx_word' id='word_1_153' title='bbox 920 1496 961 1532; x_wconf 90' lang='lat' dir='ltr'><strong>p.</strong></span> <span class='ocrx_word' id='word_1_154' title='bbox 982 1497 1028 1520; x_wconf 82' lang='lat'><strong>12</strong></span> <span class='ocrx_word' id='word_1_155' title='bbox 1042 1491 1080 1521; x_wconf 91' lang='lat' dir='ltr'><strong>et</strong></span> <span class='ocrx_word' id='word_1_156' title='bbox 1096 1485 1162 1524; x_wconf 87' lang='lat'><strong>60.</strong></span> 
     </span>
    </p>

    <p class='ocr_par' dir='ltr' id='par_1_8' title="bbox 116 1541 1166 2353">
     <span class='ocr_line' id='line_1_22' title="bbox 170 1541 1166 1592; baseline 0.003 -15"><span class='ocrx_word' id='word_1_157' title='bbox 170 1542 340 1589; x_wconf 89' lang='lat' dir='ltr'><strong>Subjicio</strong></span> <span class='ocrx_word' id='word_1_158' title='bbox 356 1543 483 1579; x_wconf 89' lang='lat' dir='ltr'><strong>locum</strong></span> <span class='ocrx_word' id='word_1_159' title='bbox 496 1543 690 1578; x_wconf 83' lang='lat' dir='ltr'><strong>Plutarchi</strong></span> <span class='ocrx_word' id='word_1_160' title='bbox 711 1541 788 1591; x_wconf 93' lang='lat' dir='ltr'><strong>(De</strong></span> <span class='ocrx_word' id='word_1_161' title='bbox 801 1544 955 1592; x_wconf 83' lang='lat' dir='ltr'><strong>malign.</strong></span> <span class='ocrx_word' id='word_1_162' title='bbox 974 1544 1166 1580; x_wconf 84' lang='lat' dir='ltr'>Herodoti</span> 
     </span>
     <span class='ocr_line' id='line_1_23' title="bbox 118 1599 1164 1651; baseline 0.002 -15"><span class='ocrx_word' id='word_1_163' title='bbox 118 1614 152 1638; x_wconf 89' lang='lat' dir='ltr'><strong>c.</strong></span> <span class='ocrx_word' id='word_1_164' title='bbox 171 1599 257 1649; x_wconf 83' lang='lat'><strong>36),</strong></span> <span class='ocrx_word' id='word_1_165' title='bbox 275 1601 342 1648; x_wconf 91' lang='lat' dir='ltr'><strong>qui</strong></span> <span class='ocrx_word' id='word_1_166' title='bbox 357 1602 417 1637; x_wconf 88' lang='lat' dir='ltr'><strong>vel</strong></span> <span class='ocrx_word' id='word_1_167' title='bbox 431 1613 478 1636; x_wconf 87' lang='lat' dir='ltr'><strong>ex</strong></span> <span class='ocrx_word' id='word_1_168' title='bbox 492 1601 695 1646; x_wconf 85' lang='lat' dir='ltr'>Andrisco,</span> <span class='ocrx_word' id='word_1_169' title='bbox 710 1602 771 1637; x_wconf 86' lang='lat' dir='ltr'><strong>vel</strong></span> <span class='ocrx_word' id='word_1_170' title='bbox 785 1602 930 1638; x_wconf 87' lang='lat' dir='ltr'><strong>Phileta</strong></span> <span class='ocrx_word' id='word_1_171' title='bbox 947 1603 1007 1638; x_wconf 79' lang='lat' dir='ltr'><strong>vel</strong></span> <span class='ocrx_word' id='word_1_172' title='bbox 1024 1603 1164 1651; x_wconf 86' lang='lat' dir='ltr'><strong>Aglao-</strong></span> 
     </span>
     <span class='ocr_line' id='line_1_24' title="bbox 117 1660 1164 1709; baseline 0.002 -14"><span class='ocrx_word' id='word_1_173' title='bbox 117 1660 248 1695; x_wconf 86' lang='lat' dir='ltr'><strong>sthene</strong></span> <span class='ocrx_word' id='word_1_174' title='bbox 263 1660 323 1694; x_wconf 85' lang='lat' dir='ltr'><strong>vel</strong></span> <span class='ocrx_word' id='word_1_175' title='bbox 339 1671 384 1695; x_wconf 87' lang='lat' dir='ltr'><strong>ex</strong></span> <span class='ocrx_word' id='word_1_176' title='bbox 402 1660 476 1695; x_wconf 87' lang='lat' dir='ltr'><strong>alio</strong></span> <span class='ocrx_word' id='word_1_177' title='bbox 496 1672 624 1695; x_wconf 89' lang='lat' dir='ltr'><strong>rerum</strong></span> <span class='ocrx_word' id='word_1_178' title='bbox 637 1661 865 1695; x_wconf 83' lang='lat' dir='ltr'><strong>Naxicarum</strong></span> <span class='ocrx_word' id='word_1_179' title='bbox 881 1661 1067 1709; x_wconf 87' lang='lat' dir='ltr'><strong>scriptore</strong></span> <span class='ocrx_word' id='word_1_180' title='bbox 1092 1674 1164 1709; x_wconf 90' lang='lat' dir='ltr'><strong>pe-</strong></span> 
     </span>
     <span class='ocr_line' id='line_1_25' title="bbox 117 1718 1165 1763; baseline 0.002 -10"><span class='ocrx_word' id='word_1_181' title='bbox 117 1719 207 1754; x_wconf 88' lang='lat' dir='ltr'><strong>titus</strong></span> <span class='ocrx_word' id='word_1_182' title='bbox 222 1724 289 1755; x_wconf 89' lang='lat' dir='ltr'><strong>est.</strong></span> <span class='ocrx_word' id='word_1_183' title='bbox 309 1719 457 1754; x_wconf 82' lang='lat' dir='ltr'><strong>Etenim</strong></span> <span class='ocrx_word' id='word_1_184' title='bbox 478 1718 696 1754; x_wconf 86' lang='lat' dir='ltr'><strong>Herodotus</strong></span> <span class='ocrx_word' id='word_1_185' title='bbox 715 1719 806 1754; x_wconf 89' lang='lat' dir='ltr'>VIII</span> <span class='ocrx_word' id='word_1_186' title='bbox 819 1746 829 1763; x_wconf 92' lang='lat'>‚</span> <span class='ocrx_word' id='word_1_187' title='bbox 854 1718 902 1761; x_wconf 91' lang='grc'><strong>46</strong></span> <span class='ocrx_word' id='word_1_188' title='bbox 925 1719 1064 1755; x_wconf 87' lang='lat' dir='ltr'><strong>Naxios</strong></span> <span class='ocrx_word' id='word_1_189' title='bbox 1077 1731 1165 1755; x_wconf 89' lang='lat' dir='ltr'><strong>nar-</strong></span> 
     </span>
     <span class='ocr_line' id='line_1_26' title="bbox 117 1776 1165 1825; baseline 0.004 -17"><span class='ocrx_word' id='word_1_190' title='bbox 117 1781 176 1808; x_wconf 88' lang='lat' dir='ltr'><strong>rat</strong></span> <span class='ocrx_word' id='word_1_191' title='bbox 202 1782 274 1810; x_wconf 87' lang='lat' dir='ltr'><strong>tres</strong></span> <span class='ocrx_word' id='word_1_192' title='bbox 289 1787 403 1811; x_wconf 86' lang='lat' dir='ltr'><strong>naves</strong></span> <span class='ocrx_word' id='word_1_193' title='bbox 420 1776 595 1812; x_wconf 83' lang='lat' dir='ltr'><strong>barbaris</strong></span> <span class='ocrx_word' id='word_1_194' title='bbox 615 1777 756 1812; x_wconf 87' lang='lat' dir='ltr'><strong>auxilio</strong></span> <span class='ocrx_word' id='word_1_195' title='bbox 774 1777 936 1825; x_wconf 85' lang='lat' dir='ltr'><strong>misisse,</strong></span> <span class='ocrx_word' id='word_1_196' title='bbox 955 1778 1165 1813; x_wconf 83' lang='lat' dir='ltr'><strong>triremium</strong></span> 
     </span>
     <span class='ocr_line' id='line_1_27' title="bbox 116 1833 1164 1883; baseline 0.004 -15"><span class='ocrx_word' id='word_1_197' title='bbox 116 1833 337 1880; x_wconf 78' lang='lat' dir='ltr'><strong>praefectum</strong></span> <span class='ocrx_word' id='word_1_198' title='bbox 362 1836 625 1870; x_wconf 87' lang='lat' dir='ltr'><strong>Democritum</strong></span> <span class='ocrx_word' id='word_1_199' title='bbox 638 1835 865 1883; x_wconf 82' lang='lat' dir='ltr'><strong>persuasisse</strong></span> <span class='ocrx_word' id='word_1_200' title='bbox 883 1836 978 1880; x_wconf 87' lang='lat' dir='ltr'><strong>suis,</strong></span> <span class='ocrx_word' id='word_1_201' title='bbox 999 1843 1043 1871; x_wconf 91' lang='lat' dir='ltr'><strong>ut</strong></span> <span class='ocrx_word' id='word_1_202' title='bbox 1062 1837 1164 1874; x_wconf 79' lang='lat' dir='ltr'><strong>Grae-</strong></span> 
     </span>
     <span class='ocr_line' id='line_1_28' title="bbox 118 1885 1166 1941; baseline 0.005 -15"><span class='ocrx_word' id='word_1_203' title='bbox 118 1903 253 1927; x_wconf 89' lang='lat' dir='ltr'><strong>corum</strong></span> <span class='ocrx_word' id='word_1_204' title='bbox 267 1904 418 1928; x_wconf 86' lang='lat' dir='ltr'><strong>causam</strong></span> <span class='ocrx_word' id='word_1_205' title='bbox 429 1893 762 1941; x_wconf 83' lang='lat' dir='ltr'><strong>amplecterentur.</strong></span> <span class='ocrx_word' id='word_1_206' title='bbox 775 1894 860 1930; x_wconf 88' lang='lat' dir='ltr'><strong>Haec</strong></span> <span class='ocrx_word' id='word_1_207' title='bbox 871 1894 1055 1931; x_wconf 86' lang='lat' dir='ltr'><strong>malitiose</strong></span> <span class='ocrx_word' id='word_1_208' title='bbox 1064 1885 1166 1931; x_wconf 81' lang='lat' dir='ltr'><strong>dicta</strong></span> 
     </span>
     <span class='ocr_line' id='line_1_29' title="bbox 119 1951 1165 2002; baseline 0.005 -18"><span class='ocrx_word' id='word_1_209' title='bbox 119 1961 195 1985; x_wconf 85' lang='lat' dir='ltr'><strong>esse</strong></span> <span class='ocrx_word' id='word_1_210' title='bbox 206 1957 409 1998; x_wconf 83' lang='lat' dir='ltr'><strong>postquam</strong></span> <span class='ocrx_word' id='word_1_211' title='bbox 429 1952 613 1987; x_wconf 84' lang='lat' dir='ltr'><strong>Hellanici</strong></span> <span class='ocrx_word' id='word_1_212' title='bbox 628 1958 665 1987; x_wconf 90' lang='lat' dir='ltr'><strong>et</strong></span> <span class='ocrx_word' id='word_1_213' title='bbox 682 1951 825 2000; x_wconf 88' lang='lat' dir='ltr'><strong>Ephori</strong></span> <span class='ocrx_word' id='word_1_214' title='bbox 842 1953 1063 1988; x_wconf 83' lang='lat' dir='ltr'><strong>testimoniis</strong></span> <span class='ocrx_word' id='word_1_215' title='bbox 1072 1966 1165 2002; x_wconf 85' lang='lat' dir='ltr'><strong>pro·</strong></span> 
     </span>
     <span class='ocr_line' id='line_1_30' title="bbox 117 2007 1166 2062; baseline 0.005 -19"><span class='ocrx_word' id='word_1_216' title='bbox 117 2007 208 2044; x_wconf 85' lang='lat' dir='ltr'><strong>bare</strong></span> <span class='ocrx_word' id='word_1_217' title='bbox 227 2009 371 2044; x_wconf 88' lang='lat' dir='ltr'><strong>studuit</strong></span> <span class='ocrx_word' id='word_1_218' title='bbox 388 2010 635 2055; x_wconf 81' lang='lat' dir='ltr'><strong>Plutarchus,</strong></span> <span class='ocrx_word' id='word_1_219' title='bbox 658 2011 786 2062; x_wconf 85' lang='lat' dir='ltr'><strong>pergit</strong></span> <span class='ocrx_word' id='word_1_220' title='bbox 803 2011 858 2046; x_wconf 89' lang='lat' dir='ltr'><strong>ita</strong></span> <span class='ocrx_word' id='word_1_221' title='bbox 880 2021 890 2048; x_wconf 85' lang='lat'>:</span> <span class='ocrx_word' id='word_1_222' title='bbox 914 2009 1028 2053; x_wconf 82' lang='grc' dir='ltr'>Αὐτὸς</span> <span class='ocrx_word' id='word_1_223' title='bbox 1045 2009 1080 2048; x_wconf 83' lang='grc' dir='ltr'>δὲ</span> <span class='ocrx_word' id='word_1_224' title='bbox 1106 2010 1166 2048; x_wconf 81' lang='grc' dir='ltr'><strong>καὶ</strong></span> 
     </span>
     <span class='ocr_line' id='line_1_31' title="bbox 120 2065 1166 2120; baseline 0.004 -18"><span class='ocrx_word' id='word_1_225' title='bbox 120 2065 350 2104; x_wconf 88' lang='grc' dir='ltr'>παντάπασιν</span> <span class='ocrx_word' id='word_1_226' title='bbox 369 2065 490 2104; x_wconf 81' lang='grc' dir='ltr'>ἑαυτὸν</span> <span class='ocrx_word' id='word_1_227' title='bbox 508 2068 526 2104; x_wconf 84' lang='grc' dir='ltr'>ὁ</span> <span class='ocrx_word' id='word_1_228' title='bbox 543 2066 729 2119; x_wconf 82' lang='grc' dir='ltr'>Ἡρόδοτος</span> <span class='ocrx_word' id='word_1_229' title='bbox 742 2066 914 2120; x_wconf 81' lang='grc' dir='ltr'>ἐξελέγχει</span> <span class='ocrx_word' id='word_1_230' title='bbox 933 2072 1045 2106; x_wconf 75' lang='grc' dir='ltr'>ταῦτα</span> <span class='ocrx_word' id='word_1_231' title='bbox 1057 2069 1166 2106; x_wconf 84' lang='grc' dir='ltr'>πλατ-</span> 
     </span>
     <span class='ocr_line' id='line_1_32' title="bbox 122 2123 1164 2195; baseline 0.004 -33"><span class='ocrx_word' id='word_1_232' title='bbox 122 2123 280 2195; x_wconf 84' lang='grc' dir='ltr'>τόμενον.</span> <span class='ocrx_word' id='word_1_233' title='bbox 304 2126 351 2163; x_wconf 81' lang='grc' dir='ltr'><strong>Οἱ</strong></span> <span class='ocrx_word' id='word_1_234' title='bbox 373 2123 435 2175; x_wconf 85' lang='grc' dir='ltr'><strong>μὲν</strong></span> <span class='ocrx_word' id='word_1_235' title='bbox 454 2124 522 2176; x_wconf 85' lang='grc' dir='ltr'>γὰρ</span> <span class='ocrx_word' id='word_1_236' title='bbox 552 2127 585 2165; x_wconf 88' lang='lat' dir='ltr'><strong>N</strong></span> <span class='ocrx_word' id='word_1_237' title='bbox 597 2124 722 2169; x_wconf 75' lang='grc' dir='ltr'>αξίων</span> <span class='ocrx_word' id='word_1_238' title='bbox 743 2127 772 2163; x_wconf 87' lang='grc' dir='ltr'>ὡ</span> <span class='ocrx_word' id='word_1_239' title='bbox 786 2140 862 2178; x_wconf 85' lang='grc' dir='ltr'><strong>ρογ</strong></span> <span class='ocrx_word' id='word_1_240' title='bbox 874 2126 947 2179; x_wconf 78' lang='grc' dir='ltr'>ράφ</span> <span class='ocrx_word' id='word_1_241' title='bbox 959 2142 990 2165; x_wconf 92' lang='grc' dir='ltr'><strong>οι</strong></span> <span class='ocrx_word' id='word_1_242' title='bbox 1005 2127 1164 2178; x_wconf 86' lang='grc' dir='ltr'>λέγουσι,</span> 
     </span>
     <span class='ocr_line' id='line_1_33' title="bbox 118 2182 1165 2236; baseline 0.005 -16"><span class='ocrx_word' id='word_1_243' title='bbox 118 2182 180 2220; x_wconf 85' lang='grc' dir='ltr'><strong>καὶ</strong></span> <span class='ocrx_word' id='word_1_244' title='bbox 199 2182 366 2236; x_wconf 88' lang='grc' dir='ltr'>πρότερον</span> <span class='ocrx_word' id='word_1_245' title='bbox 387 2183 606 2234; x_wconf 74' lang='grc' dir='ltr'>Μεγαὸάτην</span> <span class='ocrx_word' id='word_1_246' title='bbox 625 2183 832 2223; x_wconf 83' lang='grc' dir='ltr'>ἀπώσασθαι</span> <span class='ocrx_word' id='word_1_247' title='bbox 849 2185 950 2224; x_wconf 80' lang='grc' dir='ltr'>ναυσὶ</span> <span class='ocrx_word' id='word_1_248' title='bbox 973 2187 1165 2231; x_wconf 80' lang='grc' dir='ltr'>διακοσίαις</span> 
     </span>
     <span class='ocr_line' id='line_1_34' title="bbox 117 2240 1154 2306; baseline 0.005 -27"><span class='ocrx_word' id='word_1_249' title='bbox 117 2240 376 2279; x_wconf 83' lang='grc' dir='ltr'>ἐπιπλεύσαντα</span> <span class='ocrx_word' id='word_1_250' title='bbox 387 2244 429 2294; x_wconf 84' lang='grc' dir='ltr'><strong>τῇ</strong></span> <span class='ocrx_word' id='word_1_251' title='bbox 445 2257 554 2294; x_wconf 79' lang='grc' dir='ltr'>νησῳ,</span> <span class='ocrx_word' id='word_1_252' title='bbox 571 2242 632 2280; x_wconf 82' lang='grc' dir='ltr'><strong>καὶ</strong></span> <span class='ocrx_word' id='word_1_253' title='bbox 645 2245 753 2281; x_wconf 91' lang='grc' dir='ltr'>Δατιν</span> <span class='ocrx_word' id='word_1_254' title='bbox 768 2247 867 2287; x_wconf 82' lang='grc' dir='ltr'>αὖθις</span> <span class='ocrx_word' id='word_1_255' title='bbox 883 2244 941 2283; x_wconf 88' lang='grc' dir='ltr'><strong>τὸν</strong></span> <span class='ocrx_word' id='word_1_256' title='bbox 949 2260 1154 2306; x_wconf 35' lang='grc' dir='ltr'>’στρατηγον</span> 
     </span>
     <span class='ocr_line' id='line_1_35' title="bbox 119 2298 880 2353; baseline 0.004 -16"><span class='ocrx_word' id='word_1_257' title='bbox 119 2298 281 2344; x_wconf 81' lang='grc' dir='ltr'>ἐξελάσαι</span> <span class='ocrx_word' id='word_1_258' title='bbox 301 2300 580 2353; x_wconf 81' lang='grc' dir='ltr'>καταπρήσαντα</span> <span class='ocrx_word' id='word_1_259' title='bbox 598 2304 744 2347; x_wconf 81' lang='grc' dir='ltr'>ποιῆσαι</span> <span class='ocrx_word' id='word_1_260' title='bbox 758 2301 880 2342; x_wconf 88' lang='grc' dir='ltr'>κακόν.</span> 
     </span>
    </p>
   </div>
   <div class='ocr_carea' id='block_1_7' title="bbox 544 2432 756 2447">
    <p class='ocr_par' dir='ltr' id='par_1_9' title="bbox 544 2432 756 2447">
     <span class='ocr_line' id='line_1_36' title="bbox 544 2432 756 2447; baseline 0.005 -3"><span class='ocrx_word' id='word_1_261' title='bbox 544 2432 756 2447; x_wconf 53' lang='grc' dir='ltr'>ψ</span> 
     </span>
    </p>
   </div>
   <div class='ocr_carea' id='block_1_8' title="bbox 210 2530 1072 2592">
    <p class='ocr_par' dir='ltr' id='par_1_10' title="bbox 210 2530 1072 2592">
     <span class='ocr_line' id='line_1_37' title="bbox 210 2530 1072 2592; baseline 0.006 -6"><span class='ocrx_word' id='word_1_262' title='bbox 210 2530 647 2588; x_wconf 84' lang='lat' dir='ltr'><strong>ANDROETAS</strong></span> <span class='ocrx_word' id='word_1_263' title='bbox 695 2532 1072 2592; x_wconf 87' lang='lat' dir='ltr'><strong>TENEDIUS.</strong></span> 
     </span>
    </p>
   </div>
   <div class='ocr_carea' id='block_1_9' title="bbox 219 2659 1067 2700">
    <p class='ocr_par' dir='ltr' id='par_1_11' title="bbox 219 2659 1067 2700">
     <span class='ocr_line' id='line_1_38' title="bbox 219 2659 1067 2700; baseline 0.004 -3"><span class='ocrx_word' id='word_1_264' title='bbox 219 2659 520 2698; x_wconf 69' lang='lat' dir='ltr'><strong>IIEPIIIAOYZ</strong></span> <span class='ocrx_word' id='word_1_265' title='bbox 557 2659 663 2698; x_wconf 86' lang='grc' dir='ltr'><strong>ΤΗΣ</strong></span> <span class='ocrx_word' id='word_1_266' title='bbox 692 2659 1067 2700; x_wconf 90' lang='grc' dir='ltr'>ΠΡΟΠΟΝΤΙΔΟΣ.</span> 
     </span>
    </p>
   </div>
   <div class='ocr_carea' id='block_1_10' title="bbox 121 2763 1168 2875">
    <p class='ocr_par' dir='ltr' id='par_1_12' title="bbox 121 2763 1168 2875">
     <span class='ocr_line' id='line_1_39' title="bbox 174 2763 1163 2840; baseline 0.004 -40"><span class='ocrx_word' id='word_1_267' title='bbox 174 2763 303 2801; x_wconf 85' lang='lat' dir='ltr'><strong>Schol.</strong></span> <span class='ocrx_word' id='word_1_268' title='bbox 343 2764 1163 2840; x_wconf 33' lang='lat' dir='ltr'><strong>Apollon.Rh0d.11,152&#39;Iipsssdpev0z</strong></span> 
     </span>
     <span class='ocr_line' id='line_1_40' title="bbox 121 2819 1168 2875; baseline 0.005 -18"><span class='ocrx_word' id='word_1_269' title='bbox 121 2819 233 2872; x_wconf 79' lang='grc' dir='ltr'>δάφνῃ</span> <span class='ocrx_word' id='word_1_270' title='bbox 255 2820 402 2870; x_wconf 86' lang='grc' dir='ltr'>μέτωπα</span> <span class='ocrx_word' id='word_1_271' title='bbox 433 2822 511 2861; x_wconf 89' lang='grc' dir='ltr'>κτλ.</span> <span class='ocrx_word' id='word_1_272' title='bbox 525 2822 540 2873; x_wconf 88' lang='grc'>]</span> <span class='ocrx_word' id='word_1_273' title='bbox 559 2821 622 2867; x_wconf 76' lang='grc' dir='ltr'><strong>Ἐξ</strong></span> <span class='ocrx_word' id='word_1_274' title='bbox 640 2826 680 2869; x_wconf 84' lang='grc' dir='ltr'><strong>ἧς</strong></span> <span class='ocrx_word' id='word_1_275' title='bbox 701 2822 832 2875; x_wconf 80' lang='grc' dir='ltr'>δάφνης</span> <span class='ocrx_word' id='word_1_276' title='bbox 859 2824 1046 2874; x_wconf 85' lang='grc' dir='ltr'>ἀνημμένα</span> <span class='ocrx_word' id='word_1_277' title='bbox 1063 2828 1105 2871; x_wconf 87' lang='grc' dir='ltr'><strong>ἠν</strong></span> <span class='ocrx_word' id='word_1_278' title='bbox 1123 2824 1168 2862; x_wconf 86' lang='grc' dir='ltr'><strong>τὰ</strong></span> 
     </span>
    </p>
   </div>
   <div class='ocr_carea' id='block_1_11' title="bbox 119 2931 1170 3277">
    <p class='ocr_par' dir='ltr' id='par_1_13' title="bbox 119 2931 1170 3277">
     <span class='ocr_line' id='line_1_41' title="bbox 121 2931 1166 2975; baseline 0.006 -14"><span class='ocrx_word' id='word_1_279' title='bbox 121 2931 272 2963; x_wconf 76' lang='lat' dir='ltr'><strong>secundo.</strong></span> <span class='ocrx_word' id='word_1_280' title='bbox 290 2951 331 2958; x_wconf 81' lang='lat'><strong>·-</strong></span> <span class='ocrx_word' id='word_1_281' title='bbox 355 2933 464 2964; x_wconf 89' lang='lat' dir='ltr'><strong>Scellis</strong></span> <span class='ocrx_word' id='word_1_282' title='bbox 480 2934 511 2964; x_wconf 86' lang='lat' dir='ltr'><strong>et</strong></span> <span class='ocrx_word' id='word_1_283' title='bbox 530 2934 759 2973; x_wconf 80' lang='lat' dir='ltr'><strong>cassamenus‚</strong></span> <span class='ocrx_word' id='word_1_284' title='bbox 781 2934 837 2975; x_wconf 84' lang='lat' dir='ltr'><strong>qni</strong></span> <span class='ocrx_word' id='word_1_285' title='bbox 856 2934 1024 2966; x_wconf 81' lang='lat' dir='ltr'><strong>Thraciam</strong></span> <span class='ocrx_word' id='word_1_286' title='bbox 1044 2936 1166 2968; x_wconf 86' lang='lat' dir='ltr'><strong>colonis</strong></span> 
     </span>
     <span class='ocr_line' id='line_1_42' title="bbox 121 2982 1168 3027; baseline 0.006 -14"><span class='ocrx_word' id='word_1_287' title='bbox 121 2982 383 3023; x_wconf 81' lang='lat' dir='ltr'><strong>frequentarunt,</strong></span> <span class='ocrx_word' id='word_1_288' title='bbox 397 2984 438 3015; x_wconf 86' lang='lat' dir='ltr'><strong>ab</strong></span> <span class='ocrx_word' id='word_1_289' title='bbox 454 2984 557 3015; x_wconf 85' lang='lat' dir='ltr'><strong>insula</strong></span> <span class='ocrx_word' id='word_1_290' title='bbox 567 2993 640 3025; x_wconf 87' lang='lat' dir='ltr'><strong>quae</strong></span> <span class='ocrx_word' id='word_1_291' title='bbox 656 2985 824 3026; x_wconf 83' lang='lat' dir='ltr'><strong>strongyla</strong></span> <span class='ocrx_word' id='word_1_292' title='bbox 835 2986 941 3027; x_wconf 88' lang='lat' dir='ltr'><strong>prius,</strong></span> <span class='ocrx_word' id='word_1_293' title='bbox 958 2995 1045 3018; x_wconf 84' lang='lat' dir='ltr'><strong>nune</strong></span> <span class='ocrx_word' id='word_1_294' title='bbox 1058 2988 1168 3019; x_wconf 83' lang='lat' dir='ltr'><strong>Naxus</strong></span> 
     </span>
     <span class='ocr_line' id='line_1_43' title="bbox 121 3033 1169 3079; baseline 0.006 -14"><span class='ocrx_word' id='word_1_295' title='bbox 121 3033 251 3074; x_wconf 82' lang='lat' dir='ltr'><strong>dicitur,</strong></span> <span class='ocrx_word' id='word_1_296' title='bbox 276 3036 407 3076; x_wconf 80' lang='lat' dir='ltr'><strong>profecti</strong></span> <span class='ocrx_word' id='word_1_297' title='bbox 429 3036 695 3076; x_wconf 65' lang='lat' dir='ltr'><strong>depraedabantur</strong></span> <span class='ocrx_word' id='word_1_298' title='bbox 716 3039 968 3079; x_wconf 83' lang='lat' dir='ltr'><strong>Peloponnesum</strong></span> <span class='ocrx_word' id='word_1_299' title='bbox 985 3041 1018 3071; x_wconf 91' lang='lat' dir='ltr'><strong>et</strong></span> <span class='ocrx_word' id='word_1_300' title='bbox 1033 3039 1169 3071; x_wconf 86' lang='lat' dir='ltr'><strong>circum·</strong></span> 
     </span>
     <span class='ocr_line' id='line_1_44' title="bbox 119 3085 1170 3132; baseline 0.006 -15"><span class='ocrx_word' id='word_1_301' title='bbox 119 3085 260 3125; x_wconf 84' lang='lat' dir='ltr'><strong>jacentes</strong></span> <span class='ocrx_word' id='word_1_302' title='bbox 276 3087 404 3119; x_wconf 88' lang='lat' dir='ltr'><strong>insulas.</strong></span> <span class='ocrx_word' id='word_1_303' title='bbox 424 3088 546 3120; x_wconf 83' lang='lat' dir='ltr'><strong>Deinde</strong></span> <span class='ocrx_word' id='word_1_304' title='bbox 562 3089 594 3120; x_wconf 90' lang='lat' dir='ltr'><strong>in</strong></span> <span class='ocrx_word' id='word_1_305' title='bbox 610 3090 804 3121; x_wconf 79' lang='lat' dir='ltr'><strong>Thessaliam</strong></span> <span class='ocrx_word' id='word_1_306' title='bbox 820 3091 1014 3130; x_wconf 82' lang='lat' dir='ltr'><strong>appellentes</strong></span> <span class='ocrx_word' id='word_1_307' title='bbox 1026 3116 1035 3132; x_wconf 90' lang='lat'><strong><em>‚</em></strong></span> <span class='ocrx_word' id='word_1_308' title='bbox 1052 3092 1170 3123; x_wconf 85' lang='lat' dir='ltr'><strong>multas</strong></span> 
     </span>
     <span class='ocr_line' id='line_1_45' title="bbox 121 3137 1169 3183; baseline 0.007 -14"><span class='ocrx_word' id='word_1_309' title='bbox 121 3138 255 3170; x_wconf 81' lang='lat' dir='ltr'><strong>seminas</strong></span> <span class='ocrx_word' id='word_1_310' title='bbox 269 3137 491 3180; x_wconf 84' lang='lat' dir='ltr'><strong>abduxerunt,</strong></span> <span class='ocrx_word' id='word_1_311' title='bbox 507 3141 588 3172; x_wconf 86' lang='lat' dir='ltr'><strong>inter</strong></span> <span class='ocrx_word' id='word_1_312' title='bbox 599 3150 716 3182; x_wconf 83' lang='lat' dir='ltr'><strong>easque</strong></span> <span class='ocrx_word' id='word_1_313' title='bbox 729 3143 825 3175; x_wconf 86' lang='lat' dir='ltr'><strong>etiam</strong></span> <span class='ocrx_word' id='word_1_314' title='bbox 845 3142 1044 3183; x_wconf 80' lang='lat' dir='ltr'><strong>lphimedam</strong></span> <span class='ocrx_word' id='word_1_315' title='bbox 1060 3145 1169 3176; x_wconf 87' lang='lat' dir='ltr'><strong>Haloei</strong></span> 
     </span>
     <span class='ocr_line' id='line_1_46' title="bbox 124 3190 1170 3238; baseline 0.009 -18"><span class='ocrx_word' id='word_1_316' title='bbox 124 3199 256 3222; x_wconf 74' lang='lat' dir='ltr'><strong>uxorem</strong></span> <span class='ocrx_word' id='word_1_317' title='bbox 270 3190 401 3231; x_wconf 86' lang='lat' dir='ltr'><strong>ejusque</strong></span> <span class='ocrx_word' id='word_1_318' title='bbox 418 3192 514 3224; x_wconf 79' lang='lat' dir='ltr'><strong>liliam</strong></span> <span class='ocrx_word' id='word_1_319' title='bbox 536 3195 712 3235; x_wconf 81' lang='lat' dir='ltr'><strong>Pancrato,</strong></span> <span class='ocrx_word' id='word_1_320' title='bbox 736 3195 828 3235; x_wconf 84' lang='lat' dir='ltr'><strong>cujus</strong></span> <span class='ocrx_word' id='word_1_321' title='bbox 847 3196 942 3228; x_wconf 88' lang='lat' dir='ltr'><strong>ambo</strong></span> <span class='ocrx_word' id='word_1_322' title='bbox 956 3197 1040 3238; x_wconf 86' lang='lat' dir='ltr'><strong>capti</strong></span> <span class='ocrx_word' id='word_1_323' title='bbox 1062 3206 1170 3229; x_wconf 86' lang='lat' dir='ltr'><strong>amore</strong></span> 
     </span>
     <span class='ocr_line' id='line_1_47' title="bbox 121 3244 575 3277; baseline 0.009 -4"><span class='ocrx_word' id='word_1_324' title='bbox 121 3250 189 3275; x_wconf 81' lang='lat' dir='ltr'><strong>sese</strong></span> <span class='ocrx_word' id='word_1_325' title='bbox 205 3245 319 3275; x_wconf 81' lang='lat' dir='ltr'><strong>mutuo</strong></span> <span class='ocrx_word' id='word_1_326' title='bbox 335 3244 575 3277; x_wconf 89' lang='lat' dir='ltr'><strong>interemerunt.</strong></span> 
     </span>
    </p>
   </div>
   <div class='ocr_carea' id='block_1_12' title="bbox 124 3353 1171 3452">
    <p class='ocr_par' dir='ltr' id='par_1_14' title="bbox 124 3353 1171 3452">
     <span class='ocr_line' id='line_1_48' title="bbox 165 3353 1170 3400; baseline 0.007 -16"><span class='ocrx_word' id='word_1_327' title='bbox 165 3353 270 3392; x_wconf 81' lang='lat' dir='ltr'><strong>Naxii,</strong></span> <span class='ocrx_word' id='word_1_328' title='bbox 284 3354 320 3386; x_wconf 82' lang='lat' dir='ltr'><strong>ut</strong></span> <span class='ocrx_word' id='word_1_329' title='bbox 334 3354 508 3386; x_wconf 83' lang='lat' dir='ltr'><strong>Andriscus</strong></span> <span class='ocrx_word' id='word_1_330' title='bbox 518 3355 659 3396; x_wconf 82' lang='lat' dir='ltr'><strong>itemque</strong></span> <span class='ocrx_word' id='word_1_331' title='bbox 672 3355 900 3395; x_wconf 79' lang='lat' dir='ltr'><strong>Aglaoslhenes</strong></span> <span class='ocrx_word' id='word_1_332' title='bbox 913 3359 1054 3391; x_wconf 77' lang='lat' dir='ltr'><strong>referunt</strong></span> <span class='ocrx_word' id='word_1_333' title='bbox 1066 3359 1170 3400; x_wconf 87' lang='lat' dir='ltr'><strong>(apud</strong></span> 
     </span>
     <span class='ocr_line' id='line_1_49' title="bbox 124 3406 1171 3452; baseline 0.009 -17"><span class='ocrx_word' id='word_1_334' title='bbox 124 3406 290 3445; x_wconf 79' lang='lat' dir='ltr'><strong>populares</strong></span> <span class='ocrx_word' id='word_1_335' title='bbox 318 3407 412 3447; x_wconf 87' lang='lat' dir='ltr'><strong>snos)</strong></span> <span class='ocrx_word' id='word_1_336' title='bbox 436 3408 631 3441; x_wconf 63' lang='lat' dir='ltr'><strong>Milionium</strong></span> <span class='ocrx_word' id='word_1_337' title='bbox 657 3409 818 3441; x_wconf 78' lang='lat' dir='ltr'><strong>Bacchum</strong></span> <span class='ocrx_word' id='word_1_338' title='bbox 841 3411 1011 3451; x_wconf 82' lang='lat' dir='ltr'><strong>appellari,</strong></span> <span class='ocrx_word' id='word_1_339' title='bbox 1038 3413 1125 3452; x_wconf 88' lang='lat' dir='ltr'><strong>quod</strong></span> <span class='ocrx_word' id='word_1_340' title='bbox 1146 3412 1171 3445; x_wconf 92' lang='lat' dir='ltr'><strong>is</strong></span> 
     </span>
    </p>
   </div>
   <div class='ocr_carea' id='block_1_13' title="bbox 1223 367 2278 2162">
    <p class='ocr_par' dir='ltr' id='par_1_15' title="bbox 1223 367 2275 881">
     <span class='ocr_line' id='line_1_50' title="bbox 1224 367 2266 425; baseline 0.006 -20"><span class='ocrx_word' id='word_1_341' title='bbox 1224 370 1243 405; x_wconf 81' lang='grc' dir='ltr'>ὁ</span> <span class='ocrx_word' id='word_1_342' title='bbox 1264 367 1511 416; x_wconf 83' lang='grc' dir='ltr'>Ἀπολλώνιος,</span> <span class='ocrx_word' id='word_1_343' title='bbox 1541 368 1618 407; x_wconf 82' lang='grc' dir='ltr'>ἀλλ’</span> <span class='ocrx_word' id='word_1_344' title='bbox 1650 368 1743 407; x_wconf 86' lang='grc' dir='ltr'>ἔστιν</span> <span class='ocrx_word' id='word_1_345' title='bbox 1766 369 1872 413; x_wconf 84' lang='grc' dir='ltr'>ὄντως</span> <span class='ocrx_word' id='word_1_346' title='bbox 1891 371 1925 408; x_wconf 82' lang='grc' dir='ltr'><strong>ἐν</strong></span> <span class='ocrx_word' id='word_1_347' title='bbox 1945 372 1995 422; x_wconf 82' lang='grc' dir='ltr'><strong>τῷ</strong></span> <span class='ocrx_word' id='word_1_348' title='bbox 2011 370 2109 423; x_wconf 84' lang='grc' dir='ltr'>τόπῳ</span> <span class='ocrx_word' id='word_1_349' title='bbox 2131 371 2266 425; x_wconf 83' lang='grc' dir='ltr'>δένδρον</span> 
     </span>
     <span class='ocr_line' id='line_1_51' title="bbox 1225 426 2268 481; baseline 0.005 -17"><span class='ocrx_word' id='word_1_350' title='bbox 1225 426 1358 480; x_wconf 80' lang='grc' dir='ltr'>δάφνης</span> <span class='ocrx_word' id='word_1_351' title='bbox 1374 429 1459 477; x_wconf 84' lang='grc' dir='ltr'>εὖμε</span> <span class='ocrx_word' id='word_1_352' title='bbox 1450 426 1607 479; x_wconf 78' lang='grc' dir='ltr'>’γεθες,</span> <span class='ocrx_word' id='word_1_353' title='bbox 1583 443 1629 471; x_wconf 87' lang='grc' dir='ltr'><strong>ως</strong></span> <span class='ocrx_word' id='word_1_354' title='bbox 1644 442 1748 480; x_wconf 82' lang='grc' dir='ltr'>φησιν</span> <span class='ocrx_word' id='word_1_355' title='bbox 1766 427 1836 467; x_wconf 81' lang='grc' dir='ltr'><strong>Ἀν</strong></span> <span class='ocrx_word' id='word_1_356' title='bbox 1848 427 2022 481; x_wconf 88' lang='grc' dir='ltr'>δροίτας</span> <span class='ocrx_word' id='word_1_357' title='bbox 2035 432 2054 468; x_wconf 86' lang='grc' dir='ltr'>ὁ</span> <span class='ocrx_word' id='word_1_358' title='bbox 2071 431 2268 475; x_wconf 78' lang='grc' dir='ltr'>Τενέδιος</span> 
     </span>
     <span class='ocr_line' id='line_1_52' title="bbox 1224 485 2268 542; baseline 0.006 -20"><span class='ocrx_word' id='word_1_359' title='bbox 1224 485 1259 523; x_wconf 81' lang='grc' dir='ltr'><strong>ἐν</strong></span> <span class='ocrx_word' id='word_1_360' title='bbox 1277 487 1327 538; x_wconf 85' lang='grc' dir='ltr'><strong>τῶ</strong></span> <span class='ocrx_word' id='word_1_361' title='bbox 1355 485 1570 538; x_wconf 84' lang='grc' dir='ltr'>Περίπλῳ</span> <span class='ocrx_word' id='word_1_362' title='bbox 1603 501 1677 533; x_wconf 85' lang='grc' dir='ltr'><strong>της</strong></span> <span class='ocrx_word' id='word_1_363' title='bbox 1707 488 2027 539; x_wconf 83' lang='grc' dir='ltr'>Προποντίδος,</span> <span class='ocrx_word' id='word_1_364' title='bbox 2048 503 2268 542; x_wconf 85' lang='grc' dir='ltr'>παριστορων</span> 
     </span>
     <span class='ocr_line' id='line_1_53' title="bbox 1223 540 2270 598; baseline 0.006 -18"><span class='ocrx_word' id='word_1_365' title='bbox 1223 541 1276 580; x_wconf 79' lang='grc' dir='ltr'><strong>ὅτι</strong></span> <span class='ocrx_word' id='word_1_366' title='bbox 1295 540 1449 594; x_wconf 82' lang='grc' dir='ltr'>Ἄμυκος</span> <span class='ocrx_word' id='word_1_367' title='bbox 1473 543 1535 594; x_wconf 85' lang='grc' dir='ltr'><strong>μὲν</strong></span> <span class='ocrx_word' id='word_1_368' title='bbox 1562 545 1721 582; x_wconf 83' lang='grc' dir='ltr'>καλεῖται</span> <span class='ocrx_word' id='word_1_369' title='bbox 1749 544 1789 583; x_wconf 88' lang='grc' dir='ltr'><strong>τὸ</strong></span> <span class='ocrx_word' id='word_1_370' title='bbox 1816 545 1964 597; x_wconf 87' lang='grc' dir='ltr'>χωρίον,</span> <span class='ocrx_word' id='word_1_371' title='bbox 1977 545 2051 598; x_wconf 81' lang='grc' dir='ltr'>ἔχει</span> <span class='ocrx_word' id='word_1_372' title='bbox 2071 545 2107 585; x_wconf 84' lang='grc' dir='ltr'>δὲ</span> <span class='ocrx_word' id='word_1_373' title='bbox 2131 547 2270 586; x_wconf 79' lang='grc' dir='ltr'>ἐποίκια</span> 
     </span>
     <span class='ocr_line' id='line_1_54' title="bbox 1225 601 2271 658; baseline 0.005 -19"><span class='ocrx_word' id='word_1_374' title='bbox 1225 601 1285 639; x_wconf 83' lang='grc' dir='ltr'><strong>καὶ</strong></span> <span class='ocrx_word' id='word_1_375' title='bbox 1301 605 1374 648; x_wconf 82' lang='grc' dir='ltr'>νῦν,</span> <span class='ocrx_word' id='word_1_376' title='bbox 1397 601 1558 648; x_wconf 86' lang='grc' dir='ltr'>διέστηκε</span> <span class='ocrx_word' id='word_1_377' title='bbox 1590 602 1626 640; x_wconf 79' lang='grc' dir='ltr'>δὲ</span> <span class='ocrx_word' id='word_1_378' title='bbox 1643 619 1702 642; x_wconf 92' lang='grc' dir='ltr'><strong>του</strong></span> <span class='ocrx_word' id='word_1_379' title='bbox 1720 604 1963 651; x_wconf 87' lang='grc' dir='ltr'>Χαλκηδονίου</span> <span class='ocrx_word' id='word_1_380' title='bbox 1981 604 2170 658; x_wconf 85' lang='grc' dir='ltr'>Νυμφαίου</span> <span class='ocrx_word' id='word_1_381' title='bbox 2186 620 2271 644; x_wconf 85' lang='grc' dir='ltr'>στα·</span> 
     </span>
     <span class='ocr_line' id='line_1_55' title="bbox 1227 658 2272 716; baseline 0.007 -20"><span class='ocrx_word' id='word_1_382' title='bbox 1227 658 1318 702; x_wconf 90' lang='grc' dir='ltr'>δίους</span> <span class='ocrx_word' id='word_1_383' title='bbox 1336 659 1451 700; x_wconf 87' lang='grc' dir='ltr'>πέντε.</span> <span class='ocrx_word' id='word_1_384' title='bbox 1488 659 1744 714; x_wconf 87' lang='grc' dir='ltr'>Ἀπολλόδωρος</span> <span class='ocrx_word' id='word_1_385' title='bbox 1761 662 1834 700; x_wconf 85' lang='grc' dir='ltr'>δὲ</span> <span class='ocrx_word' id='word_1_386' title='bbox 1819 678 1853 700; x_wconf 88' lang='grc' dir='ltr'><strong>εν</strong></span> <span class='ocrx_word' id='word_1_387' title='bbox 1869 665 1917 700; x_wconf 87' lang='grc' dir='ltr'><strong>τῶ</strong></span> <span class='ocrx_word' id='word_1_388' title='bbox 1943 662 2074 716; x_wconf 86' lang='grc' dir='ltr'>πρώτῳ</span> <span class='ocrx_word' id='word_1_389' title='bbox 2092 665 2162 702; x_wconf 82' lang='grc' dir='ltr'><strong>τῶν</strong></span> <span class='ocrx_word' id='word_1_390' title='bbox 2178 665 2272 704; x_wconf 84' lang='grc' dir='ltr'>Πον-</span> 
     </span>
     <span class='ocr_line' id='line_1_56' title="bbox 1223 701 2275 772; baseline 0.005 -17"><span class='ocrx_word' id='word_1_391' title='bbox 1223 720 1327 756; x_wconf 84' lang='grc' dir='ltr'>τικῶν</span> <span class='ocrx_word' id='word_1_392' title='bbox 1345 720 1457 770; x_wconf 79' lang='grc' dir='ltr'>ἡρῷον</span> <span class='ocrx_word' id='word_1_393' title='bbox 1482 717 1636 770; x_wconf 80' lang='grc' dir='ltr'>(αὐτόθι)</span> <span class='ocrx_word' id='word_1_394' title='bbox 1656 735 1758 772; x_wconf 80' lang='grc' dir='ltr'>φησιν</span> <span class='ocrx_word' id='word_1_395' title='bbox 1777 714 1864 759; x_wconf 71' lang='grc' dir='ltr'>εἶναι</span> <span class='ocrx_word' id='word_1_396' title='bbox 1885 701 2072 772; x_wconf 57' lang='lat' dir='ltr'><strong>’Auximo&#39;</strong></span> <span class='ocrx_word' id='word_1_397' title='bbox 2057 722 2148 759; x_wconf 84' lang='grc' dir='ltr'>εκεῖ·</span> <span class='ocrx_word' id='word_1_398' title='bbox 2163 721 2223 760; x_wconf 74' lang='grc' dir='ltr'><strong>καὶ</strong></span> <span class='ocrx_word' id='word_1_399' title='bbox 2242 721 2275 760; x_wconf 75' lang='grc' dir='ltr'>εἴ</span> 
     </span>
     <span class='ocr_line' id='line_1_57' title="bbox 1226 776 2274 832; baseline 0.006 -20"><span class='ocrx_word' id='word_1_400' title='bbox 1226 790 1276 818; x_wconf 84' lang='grc' dir='ltr'><strong>τις</strong></span> <span class='ocrx_word' id='word_1_401' title='bbox 1302 776 1342 813; x_wconf 81' lang='grc' dir='ltr'><strong>ἐκ</strong></span> <span class='ocrx_word' id='word_1_402' title='bbox 1377 791 1440 822; x_wconf 91' lang='grc' dir='ltr'><strong>της</strong></span> <span class='ocrx_word' id='word_1_403' title='bbox 1462 776 1593 828; x_wconf 80' lang='grc' dir='ltr'>δάφνης</span> <span class='ocrx_word' id='word_1_404' title='bbox 1625 778 1751 816; x_wconf 87' lang='grc' dir='ltr'>κλάδον</span> <span class='ocrx_word' id='word_1_405' title='bbox 1782 777 1909 828; x_wconf 69' lang='grc' dir='ltr'>λάὸοι,</span> <span class='ocrx_word' id='word_1_406' title='bbox 1939 780 1987 822; x_wconf 87' lang='grc' dir='ltr'><strong>εἷς</strong></span> <span class='ocrx_word' id='word_1_407' title='bbox 2005 778 2178 832; x_wconf 88' lang='grc' dir='ltr'>λοιδορίαν</span> <span class='ocrx_word' id='word_1_408' title='bbox 2197 778 2274 818; x_wconf 83' lang='grc' dir='ltr'>ἀνί-</span> 
     </span>
     <span class='ocr_line' id='line_1_58' title="bbox 1228 848 1345 881; baseline 0.009 -10"><span class='ocrx_word' id='word_1_409' title='bbox 1228 848 1345 881; x_wconf 87' lang='grc' dir='ltr'>στησι.</span> 
     </span>
    </p>

    <p class='ocr_par' dir='ltr' id='par_1_16' title="bbox 1223 892 2278 2162">
     <span class='ocr_line' id='line_1_59' title="bbox 1280 892 2274 947; baseline 0.005 -18"><span class='ocrx_word' id='word_1_410' title='bbox 1280 892 1472 930; x_wconf 87' lang='lat' dir='ltr'><strong>Androetae</strong></span> <span class='ocrx_word' id='word_1_411' title='bbox 1495 907 1567 931; x_wconf 90' lang='lat' dir='ltr'><strong>nos</strong></span> <span class='ocrx_word' id='word_1_412' title='bbox 1597 897 1830 932; x_wconf 89' lang='lat' dir='ltr'><strong>mentionem</strong></span> <span class='ocrx_word' id='word_1_413' title='bbox 1857 896 2014 933; x_wconf 82' lang='lat' dir='ltr'><strong>facimus</strong></span> <span class='ocrx_word' id='word_1_414' title='bbox 2043 904 2204 947; x_wconf 90' lang='lat' dir='ltr'><strong>propter</strong></span> <span class='ocrx_word' id='word_1_415' title='bbox 2229 908 2274 934; x_wconf 89' lang='lat' dir='ltr'><strong>ea</strong></span> 
     </span>
     <span class='ocr_line' id='line_1_60' title="bbox 1228 952 2276 1002; baseline 0.004 -15"><span class='ocrx_word' id='word_1_416' title='bbox 1228 953 1364 1001; x_wconf 78' lang='lat' dir='ltr'><strong>quaein</strong></span> <span class='ocrx_word' id='word_1_417' title='bbox 1380 952 1507 989; x_wconf 91' lang='lat' dir='ltr'><strong>indice</strong></span> <span class='ocrx_word' id='word_1_418' title='bbox 1523 953 1823 1002; x_wconf 86' lang='lat' dir='ltr'><strong>adApollonium</strong></span> <span class='ocrx_word' id='word_1_419' title='bbox 1840 955 1914 992; x_wconf 87' lang='lat' dir='ltr'><strong>Rh.</strong></span> <span class='ocrx_word' id='word_1_420' title='bbox 1928 956 2126 992; x_wconf 84' lang='lat' dir='ltr'><strong>annotavit</strong></span> <span class='ocrx_word' id='word_1_421' title='bbox 2144 955 2276 992; x_wconf 85' lang='lat' dir='ltr'><strong>Fabri-</strong></span> 
     </span>
     <span class='ocr_line' id='line_1_61' title="bbox 1226 1009 2274 1065; baseline 0.004 -19"><span class='ocrx_word' id='word_1_422' title='bbox 1226 1009 1308 1046; x_wconf 90' lang='lat' dir='ltr'><strong>cius</strong></span> <span class='ocrx_word' id='word_1_423' title='bbox 1332 1022 1371 1046; x_wconf 70' lang='grc' dir='ltr'><strong>ια</strong></span> <span class='ocrx_word' id='word_1_424' title='bbox 1394 1010 1518 1058; x_wconf 86' lang='lat' dir='ltr'><strong>Hujus</strong></span> <span class='ocrx_word' id='word_1_425' title='bbox 1541 1011 1751 1057; x_wconf 86' lang='lat' dir='ltr'><strong>Androetae‚</strong></span> <span class='ocrx_word' id='word_1_426' title='bbox 1774 1013 1847 1059; x_wconf 86' lang='lat' dir='ltr'><strong>ait,</strong></span> <span class='ocrx_word' id='word_1_427' title='bbox 1868 1011 2041 1063; x_wconf 79' lang='grc' dir='ltr'>ἱστορικὸν</span> <span class='ocrx_word' id='word_1_428' title='bbox 2065 1011 2176 1065; x_wconf 69' lang='grc' dir='ltr'>Περὶ</span> <span class='ocrx_word' id='word_1_429' title='bbox 2200 1015 2274 1059; x_wconf 75' lang='grc' dir='ltr'><strong>τῆς</strong></span> 
     </span>
     <span class='ocr_line' id='line_1_62' title="bbox 1226 1067 2274 1122; baseline 0.005 -18"><span class='ocrx_word' id='word_1_430' title='bbox 1226 1070 1289 1118; x_wconf 70' lang='grc' dir='ltr'><strong>γῆς</strong></span> <span class='ocrx_word' id='word_1_431' title='bbox 1318 1067 1425 1106; x_wconf 77' lang='grc' dir='ltr'>αὐτοῦ</span> <span class='ocrx_word' id='word_1_432' title='bbox 1455 1068 1620 1122; x_wconf 87' lang='grc' dir='ltr'>πατρίδος</span> <span class='ocrx_word' id='word_1_433' title='bbox 1661 1077 1894 1107; x_wconf 86' lang='lat' dir='ltr'><strong>memoratur</strong></span> <span class='ocrx_word' id='word_1_434' title='bbox 1933 1072 1973 1107; x_wconf 91' lang='lat' dir='ltr'><strong>in</strong></span> <span class='ocrx_word' id='word_1_435' title='bbox 2005 1079 2103 1108; x_wconf 88' lang='lat' dir='ltr'><strong>msto</strong></span> <span class='ocrx_word' id='word_1_436' title='bbox 2137 1071 2274 1109; x_wconf 85' lang='lat' dir='ltr'><strong>codice</strong></span> 
     </span>
     <span class='ocr_line' id='line_1_63' title="bbox 1229 1127 2276 1180; baseline 0.001 -17"><span class='ocrx_word' id='word_1_437' title='bbox 1229 1127 1345 1177; x_wconf 82' lang='lat' dir='ltr'><strong>(Bibl.</strong></span> <span class='ocrx_word' id='word_1_438' title='bbox 1358 1127 1602 1178; x_wconf 89' lang='lat' dir='ltr'><strong>Vindobon.)</strong></span> <span class='ocrx_word' id='word_1_439' title='bbox 1619 1129 1721 1177; x_wconf 86' lang='lat' dir='ltr'><strong>apud</strong></span> <span class='ocrx_word' id='word_1_440' title='bbox 1732 1129 1977 1166; x_wconf 87' lang='lat' dir='ltr'><strong>Lambecium</strong></span> <span class='ocrx_word' id='word_1_441' title='bbox 1989 1131 2019 1177; x_wconf 85' lang='grc' dir='ltr'><strong>Ι,</strong></span> <span class='ocrx_word' id='word_1_442' title='bbox 2033 1143 2072 1180; x_wconf 87' lang='lat' dir='ltr'><strong>p.</strong></span> <span class='ocrx_word' id='word_1_443' title='bbox 2092 1143 2107 1167; x_wconf 90' lang='lat'>1</span> <span class='ocrx_word' id='word_1_444' title='bbox 2117 1130 2179 1174; x_wconf 87' lang='grc'><strong>48.</strong></span> <span class='ocrx_word' id='word_1_445' title='bbox 2194 1146 2210 1164; x_wconf 70' lang='lat' dir='ltr'><strong>n</strong></span> <span class='ocrx_word' id='word_1_446' title='bbox 2223 1152 2276 1160; x_wconf 86' lang='lat'><em>-</em></span> 
     </span>
     <span class='ocr_line' id='line_1_64' title="bbox 1224 1187 2277 1238; baseline 0.003 -15"><span class='ocrx_word' id='word_1_447' title='bbox 1224 1189 1281 1223; x_wconf 92' lang='lat' dir='ltr'><strong>De</strong></span> <span class='ocrx_word' id='word_1_448' title='bbox 1294 1187 1435 1235; x_wconf 86' lang='lat' dir='ltr'><strong>Amyco</strong></span> <span class='ocrx_word' id='word_1_449' title='bbox 1450 1187 1592 1223; x_wconf 92' lang='lat' dir='ltr'><strong>Plinius</strong></span> <span class='ocrx_word' id='word_1_450' title='bbox 1601 1189 1644 1234; x_wconf 89' lang='lat' dir='ltr'><strong>V,</strong></span> <span class='ocrx_word' id='word_1_451' title='bbox 1660 1187 1681 1236; x_wconf 87' lang='lat'>§</span> <span class='ocrx_word' id='word_1_452' title='bbox 1697 1187 1744 1232; x_wconf 81' lang='grc'><strong>43</strong></span> <span class='ocrx_word' id='word_1_453' title='bbox 1766 1189 1932 1224; x_wconf 83' lang='lat' dir='ltr'><strong>:Deinde</strong></span> <span class='ocrx_word' id='word_1_454' title='bbox 1944 1190 2144 1238; x_wconf 65' lang='lat' dir='ltr'><strong>Nicopolis,</strong></span> <span class='ocrx_word' id='word_1_455' title='bbox 2161 1202 2188 1226; x_wconf 91' lang='lat' dir='ltr'><strong>a</strong></span> <span class='ocrx_word' id='word_1_456' title='bbox 2201 1203 2277 1238; x_wconf 83' lang='lat' dir='ltr'><strong>qua</strong></span> 
     </span>
     <span class='ocr_line' id='line_1_65' title="bbox 1227 1248 2277 1296; baseline 0.003 -16"><span class='ocrx_word' id='word_1_457' title='bbox 1227 1258 1361 1281; x_wconf 85' lang='lat' dir='ltr'><strong>nomen</strong></span> <span class='ocrx_word' id='word_1_458' title='bbox 1394 1248 1594 1281; x_wconf 81' lang='lat' dir='ltr'><strong>etiamnum</strong></span> <span class='ocrx_word' id='word_1_459' title='bbox 1625 1248 1726 1281; x_wconf 78' lang='lat' dir='ltr'><strong>sinus</strong></span> <span class='ocrx_word' id='word_1_460' title='bbox 1763 1249 1896 1282; x_wconf 83' lang='lat' dir='ltr'><strong>retinet</strong></span> <span class='ocrx_word' id='word_1_461' title='bbox 1929 1258 1938 1281; x_wconf 87' lang='lat'><strong>.·</strong></span> <span class='ocrx_word' id='word_1_462' title='bbox 1975 1250 2012 1282; x_wconf 85' lang='lat' dir='ltr'><strong>in</strong></span> <span class='ocrx_word' id='word_1_463' title='bbox 2046 1259 2117 1295; x_wconf 82' lang='lat' dir='ltr'><strong>quo</strong></span> <span class='ocrx_word' id='word_1_464' title='bbox 2146 1255 2277 1296; x_wconf 83' lang='lat' dir='ltr'><strong>portus</strong></span> 
     </span>
     <span class='ocr_line' id='line_1_66' title="bbox 1227 1304 2276 1353; baseline 0.003 -14"><span class='ocrx_word' id='word_1_465' title='bbox 1227 1305 1386 1351; x_wconf 84' lang='lat' dir='ltr'><strong>Amyci:</strong></span> <span class='ocrx_word' id='word_1_466' title='bbox 1410 1305 1545 1340; x_wconf 83' lang='lat' dir='ltr'><strong>deinde</strong></span> <span class='ocrx_word' id='word_1_467' title='bbox 1558 1304 1796 1341; x_wconf 79' lang='lat' dir='ltr'><strong>Naulochum</strong></span> <span class='ocrx_word' id='word_1_468' title='bbox 1817 1309 2122 1353; x_wconf 82' lang='lat' dir='ltr'><strong>promontorium.</strong></span> <span class='ocrx_word' id='word_1_469' title='bbox 2146 1307 2192 1342; x_wconf 91' lang='lat' dir='ltr'><strong>In</strong></span> <span class='ocrx_word' id='word_1_470' title='bbox 2211 1317 2276 1343; x_wconf 88' lang='lat' dir='ltr'><strong>ea-</strong></span> 
     </span>
     <span class='ocr_line' id='line_1_67' title="bbox 1229 1361 2276 1414; baseline 0.001 -15"><span class='ocrx_word' id='word_1_471' title='bbox 1229 1363 1316 1399; x_wconf 87' lang='lat' dir='ltr'><strong>dem</strong></span> <span class='ocrx_word' id='word_1_472' title='bbox 1332 1375 1426 1399; x_wconf 88' lang='lat' dir='ltr'><strong>vero</strong></span> <span class='ocrx_word' id='word_1_473' title='bbox 1446 1363 1600 1411; x_wconf 85' lang='lat' dir='ltr'><strong>regione</strong></span> <span class='ocrx_word' id='word_1_474' title='bbox 1617 1363 1788 1411; x_wconf 89' lang='lat' dir='ltr'><strong>Periplus</strong></span> <span class='ocrx_word' id='word_1_475' title='bbox 1808 1364 1959 1400; x_wconf 84' lang='lat' dir='ltr'><strong>Arriani</strong></span> <span class='ocrx_word' id='word_1_476' title='bbox 1979 1363 2002 1412; x_wconf 68' lang='lat' dir='ltr'>S</span> <span class='ocrx_word' id='word_1_477' title='bbox 2022 1362 2070 1399; x_wconf 78' lang='lat'><strong>25</strong></span> <span class='ocrx_word' id='word_1_478' title='bbox 2092 1364 2205 1414; x_wconf 88' lang='lat' dir='ltr'><strong>ponit</strong></span> <span class='ocrx_word' id='word_1_479' title='bbox 2217 1361 2276 1400; x_wconf 85' lang='grc' dir='ltr'><strong>τὸν</strong></span> 
     </span>
     <span class='ocr_line' id='line_1_68' title="bbox 1226 1418 2276 1472; baseline 0 -15"><span class='ocrx_word' id='word_1_480' title='bbox 1226 1418 1351 1469; x_wconf 85' lang='grc' dir='ltr'>λιμένα</span> <span class='ocrx_word' id='word_1_481' title='bbox 1377 1418 1520 1472; x_wconf 73' lang='grc' dir='ltr'>Δάφνης</span> <span class='ocrx_word' id='word_1_482' title='bbox 1536 1422 1597 1466; x_wconf 82' lang='grc' dir='ltr'>τ’ἧς</span> <span class='ocrx_word' id='word_1_483' title='bbox 1622 1419 1847 1468; x_wconf 82' lang='grc' dir='ltr'>Μαινομένης</span> <span class='ocrx_word' id='word_1_484' title='bbox 1873 1418 2112 1468; x_wconf 85' lang='grc' dir='ltr'>καλουμένης,</span> <span class='ocrx_word' id='word_1_485' title='bbox 2140 1422 2202 1458; x_wconf 86' lang='lat' dir='ltr'><strong>vel</strong></span> <span class='ocrx_word' id='word_1_486' title='bbox 2223 1422 2276 1457; x_wconf 89' lang='lat' dir='ltr'><strong>si-</strong></span> 
     </span>
     <span class='ocr_line' id='line_1_69' title="bbox 1227 1479 2271 1528; baseline 0 -13"><span class='ocrx_word' id='word_1_487' title='bbox 1227 1480 1305 1515; x_wconf 88' lang='lat' dir='ltr'><strong>cuti</strong></span> <span class='ocrx_word' id='word_1_488' title='bbox 1335 1480 1559 1527; x_wconf 86' lang='lat' dir='ltr'><strong>Anonymus</strong></span> <span class='ocrx_word' id='word_1_489' title='bbox 1588 1479 1628 1514; x_wconf 91' lang='lat' dir='ltr'><strong>in</strong></span> <span class='ocrx_word' id='word_1_490' title='bbox 1647 1480 1760 1514; x_wconf 88' lang='lat' dir='ltr'><strong>Ponti</strong></span> <span class='ocrx_word' id='word_1_491' title='bbox 1779 1481 1875 1517; x_wconf 88' lang='lat' dir='ltr'><strong>Eux.</strong></span> <span class='ocrx_word' id='word_1_492' title='bbox 1910 1481 2064 1528; x_wconf 90' lang='lat' dir='ltr'><strong>Periplo</strong></span> <span class='ocrx_word' id='word_1_493' title='bbox 2090 1487 2185 1517; x_wconf 84' lang='lat' dir='ltr'><strong>extr.</strong></span> <span class='ocrx_word' id='word_1_494' title='bbox 2205 1480 2271 1526; x_wconf 84' lang='lat' dir='ltr'><strong>ait,</strong></span> 
     </span>
     <span class='ocr_line' id='line_1_70' title="bbox 1225 1535 2270 1589; baseline 0 -15"><span class='ocrx_word' id='word_1_495' title='bbox 1225 1536 1350 1587; x_wconf 85' lang='grc' dir='ltr'>λιμένα</span> <span class='ocrx_word' id='word_1_496' title='bbox 1387 1536 1528 1589; x_wconf 76' lang='grc' dir='ltr'>Δάφνης</span> <span class='ocrx_word' id='word_1_497' title='bbox 1561 1539 1622 1582; x_wconf 72' lang='grc' dir='ltr'><strong>τῆς</strong></span> <span class='ocrx_word' id='word_1_498' title='bbox 1651 1537 1877 1587; x_wconf 83' lang='grc' dir='ltr'>Μαινομένης</span> <span class='ocrx_word' id='word_1_499' title='bbox 1908 1536 1966 1575; x_wconf 77' lang='grc' dir='ltr'><strong>τὸν</strong></span> <span class='ocrx_word' id='word_1_500' title='bbox 1995 1540 2054 1575; x_wconf 78' lang='grc' dir='ltr'><strong>νῦν</strong></span> <span class='ocrx_word' id='word_1_501' title='bbox 2083 1535 2270 1588; x_wconf 84' lang='grc' dir='ltr'>λεγόμενον</span> 
     </span>
     <span class='ocr_line' id='line_1_71' title="bbox 1229 1594 2271 1646; baseline -0.002 -12"><span class='ocrx_word' id='word_1_502' title='bbox 1229 1594 1431 1641; x_wconf 85' lang='grc' dir='ltr'>Σωσθένην.</span> <span class='ocrx_word' id='word_1_503' title='bbox 1453 1598 1543 1643; x_wconf 86' lang='lat' dir='ltr'><strong>Quae</strong></span> <span class='ocrx_word' id='word_1_504' title='bbox 1572 1598 1602 1632; x_wconf 91' lang='lat' dir='ltr'><strong>si</strong></span> <span class='ocrx_word' id='word_1_505' title='bbox 1627 1598 1909 1645; x_wconf 85' lang='lat' dir='ltr'><strong>comparaveris</strong></span> <span class='ocrx_word' id='word_1_506' title='bbox 1936 1610 2020 1633; x_wconf 91' lang='lat' dir='ltr'><strong>cum</strong></span> <span class='ocrx_word' id='word_1_507' title='bbox 2047 1597 2093 1634; x_wconf 86' lang='lat' dir='ltr'><strong>iis</strong></span> <span class='ocrx_word' id='word_1_508' title='bbox 2119 1609 2203 1646; x_wconf 85' lang='lat' dir='ltr'><strong>quae</strong></span> <span class='ocrx_word' id='word_1_509' title='bbox 2223 1595 2271 1632; x_wconf 88' lang='lat' dir='ltr'><strong>de</strong></span> 
     </span>
     <span class='ocr_line' id='line_1_72' title="bbox 1227 1655 2275 1704; baseline -0.001 -13"><span class='ocrx_word' id='word_1_510' title='bbox 1227 1655 1338 1691; x_wconf 82' lang='lat' dir='ltr'><strong>lauro</strong></span> <span class='ocrx_word' id='word_1_511' title='bbox 1357 1655 1571 1704; x_wconf 70' lang='lat' dir='ltr'><strong>praegrandi</strong></span> <span class='ocrx_word' id='word_1_512' title='bbox 1586 1655 1632 1690; x_wconf 84' lang='lat' dir='ltr'><strong>ad</strong></span> <span class='ocrx_word' id='word_1_513' title='bbox 1650 1658 1833 1703; x_wconf 86' lang='lat' dir='ltr'><strong>Amycum</strong></span> <span class='ocrx_word' id='word_1_514' title='bbox 1850 1655 1978 1691; x_wconf 90' lang='lat' dir='ltr'><strong>locum</strong></span> <span class='ocrx_word' id='word_1_515' title='bbox 1997 1656 2190 1704; x_wconf 79' lang='lat' dir='ltr'><strong>leguntur,</strong></span> <span class='ocrx_word' id='word_1_516' title='bbox 2210 1655 2275 1691; x_wconf 82' lang='lat' dir='ltr'><strong>vix</strong></span> 
     </span>
     <span class='ocr_line' id='line_1_73' title="bbox 1230 1714 2276 1762; baseline 0.001 -13"><span class='ocrx_word' id='word_1_517' title='bbox 1230 1714 1391 1750; x_wconf 90' lang='lat' dir='ltr'><strong>dubium</strong></span> <span class='ocrx_word' id='word_1_518' title='bbox 1406 1721 1462 1750; x_wconf 90' lang='lat' dir='ltr'><strong>est</strong></span> <span class='ocrx_word' id='word_1_519' title='bbox 1481 1714 1575 1761; x_wconf 90' lang='lat' dir='ltr'><strong>quin</strong></span> <span class='ocrx_word' id='word_1_520' title='bbox 1594 1720 1755 1761; x_wconf 85' lang='lat' dir='ltr'><strong>uterque</strong></span> <span class='ocrx_word' id='word_1_521' title='bbox 1779 1715 1886 1750; x_wconf 90' lang='lat' dir='ltr'><strong>locus</strong></span> <span class='ocrx_word' id='word_1_522' title='bbox 1907 1727 2005 1750; x_wconf 87' lang='lat' dir='ltr'><strong>unus</strong></span> <span class='ocrx_word' id='word_1_523' title='bbox 2035 1715 2084 1750; x_wconf 91' lang='lat' dir='ltr'><strong>sit</strong></span> <span class='ocrx_word' id='word_1_524' title='bbox 2098 1714 2276 1762; x_wconf 83' lang='lat' dir='ltr'><strong>idemque</strong></span> 
     </span>
     <span class='ocr_line' id='line_1_74' title="bbox 1228 1769 2277 1823; baseline -0.002 -14"><span class='ocrx_word' id='word_1_525' title='bbox 1228 1771 1304 1821; x_wconf 86' lang='lat' dir='ltr'><strong>(Cf.</strong></span> <span class='ocrx_word' id='word_1_526' title='bbox 1327 1772 1456 1821; x_wconf 83' lang='lat' dir='ltr'><strong>steph.</strong></span> <span class='ocrx_word' id='word_1_527' title='bbox 1475 1774 1562 1820; x_wconf 88' lang='lat' dir='ltr'><strong>Byz.</strong></span> <span class='ocrx_word' id='word_1_528' title='bbox 1577 1784 1614 1807; x_wconf 78' lang='lat' dir='ltr'><strong>V.</strong></span> <span class='ocrx_word' id='word_1_529' title='bbox 1631 1771 1753 1823; x_wconf 81' lang='grc' dir='ltr'>Δάφνη</span> <span class='ocrx_word' id='word_1_530' title='bbox 1765 1769 1791 1823; x_wconf 89' lang='grc'><strong>).</strong></span> <span class='ocrx_word' id='word_1_531' title='bbox 1813 1793 1866 1800; x_wconf 93' lang='lat'><strong>—-</strong></span> <span class='ocrx_word' id='word_1_532' title='bbox 1881 1774 1954 1820; x_wconf 87' lang='lat' dir='ltr'><strong>Qui</strong></span> <span class='ocrx_word' id='word_1_533' title='bbox 1967 1774 2014 1810; x_wconf 89' lang='lat' dir='ltr'><strong>sit</strong></span> <span class='ocrx_word' id='word_1_534' title='bbox 2030 1773 2277 1822; x_wconf 83' lang='lat' dir='ltr'><strong>Apollodorus</strong></span> 
     </span>
     <span class='ocr_line' id='line_1_75' title="bbox 1226 1830 2275 1879; baseline -0.001 -12"><span class='ocrx_word' id='word_1_535' title='bbox 1226 1830 1407 1868; x_wconf 85' lang='grc' dir='ltr'>Ποντικῶν</span> <span class='ocrx_word' id='word_1_536' title='bbox 1439 1838 1585 1876; x_wconf 89' lang='lat' dir='ltr'><strong>auctor,</strong></span> <span class='ocrx_word' id='word_1_537' title='bbox 1607 1832 1785 1869; x_wconf 77' lang='lat' dir='ltr'><strong>nescitur.</strong></span> <span class='ocrx_word' id='word_1_538' title='bbox 1808 1831 1944 1868; x_wconf 87' lang='lat' dir='ltr'><strong>Galeus</strong></span> <span class='ocrx_word' id='word_1_539' title='bbox 1972 1839 2010 1867; x_wconf 90' lang='lat' dir='ltr'><strong>et</strong></span> <span class='ocrx_word' id='word_1_540' title='bbox 2035 1831 2204 1879; x_wconf 89' lang='lat' dir='ltr'><strong>Heynius</strong></span> <span class='ocrx_word' id='word_1_541' title='bbox 2225 1830 2275 1866; x_wconf 86' lang='lat' dir='ltr'><strong>ad</strong></span> 
     </span>
     <span class='ocr_line' id='line_1_76' title="bbox 1224 1888 2275 1938; baseline -0.004 -12"><span class='ocrx_word' id='word_1_542' title='bbox 1224 1889 1450 1938; x_wconf 85' lang='lat' dir='ltr'><strong>Apollodor.</strong></span> <span class='ocrx_word' id='word_1_543' title='bbox 1466 1900 1556 1937; x_wconf 88' lang='lat' dir='ltr'><strong>·pro</strong></span> <span class='ocrx_word' id='word_1_544' title='bbox 1595 1888 1835 1937; x_wconf 89' lang='lat' dir='ltr'><strong>Apollodoro</strong></span> <span class='ocrx_word' id='word_1_545' title='bbox 1866 1888 2130 1938; x_wconf 89' lang='lat' dir='ltr'><strong>reponendum</strong></span> <span class='ocrx_word' id='word_1_546' title='bbox 2159 1894 2275 1936; x_wconf 86' lang='lat' dir='ltr'><strong>puta—</strong></span> 
     </span>
     <span class='ocr_line' id='line_1_77' title="bbox 1223 1946 2274 1996; baseline -0.003 -12"><span class='ocrx_word' id='word_1_547' title='bbox 1223 1955 1315 1984; x_wconf 87' lang='lat' dir='ltr'><strong>runt</strong></span> <span class='ocrx_word' id='word_1_548' title='bbox 1340 1949 1603 1996; x_wconf 80' lang='lat' dir='ltr'><strong>Apollonium,</strong></span> <span class='ocrx_word' id='word_1_549' title='bbox 1632 1948 1879 1996; x_wconf 86' lang='lat' dir='ltr'><strong>intelligentes</strong></span> <span class='ocrx_word' id='word_1_550' title='bbox 1904 1947 2153 1996; x_wconf 87' lang='lat' dir='ltr'><strong>Apollonium</strong></span> <span class='ocrx_word' id='word_1_551' title='bbox 2171 1946 2274 1982; x_wconf 88' lang='lat' dir='ltr'><strong>Rho·</strong></span> 
     </span>
     <span class='ocr_line' id='line_1_78' title="bbox 1226 2003 2278 2054; baseline -0.003 -12"><span class='ocrx_word' id='word_1_552' title='bbox 1226 2006 1352 2052; x_wconf 85' lang='lat' dir='ltr'><strong>dium,</strong></span> <span class='ocrx_word' id='word_1_553' title='bbox 1374 2007 1440 2054; x_wconf 90' lang='lat' dir='ltr'><strong>qui</strong></span> <span class='ocrx_word' id='word_1_554' title='bbox 1457 2019 1576 2054; x_wconf 91' lang='lat' dir='ltr'><strong>quum</strong></span> <span class='ocrx_word' id='word_1_555' title='bbox 1595 2003 1737 2047; x_wconf 88' lang='grc' dir='ltr'>Κτίσεις</span> <span class='ocrx_word' id='word_1_556' title='bbox 1764 2006 1968 2054; x_wconf 85' lang='lat' dir='ltr'><strong>scripserit,</strong></span> <span class='ocrx_word' id='word_1_557' title='bbox 1991 2011 2138 2053; x_wconf 85' lang='lat' dir='ltr'><strong>partem</strong></span> <span class='ocrx_word' id='word_1_558' title='bbox 2161 2003 2278 2050; x_wconf 89' lang='lat' dir='ltr'><strong>hujus</strong></span> 
     </span>
     <span class='ocr_line' id='line_1_79' title="bbox 1226 2062 2274 2113; baseline -0.003 -12"><span class='ocrx_word' id='word_1_559' title='bbox 1226 2065 1352 2113; x_wconf 91' lang='lat' dir='ltr'><strong>operis</strong></span> <span class='ocrx_word' id='word_1_560' title='bbox 1372 2062 1531 2102; x_wconf 83' lang='grc' dir='ltr'>Ποντικοί</span> <span class='ocrx_word' id='word_1_561' title='bbox 1551 2063 1757 2100; x_wconf 88' lang='lat' dir='ltr'><strong>inscribere</strong></span> <span class='ocrx_word' id='word_1_562' title='bbox 1781 2065 1976 2113; x_wconf 89' lang='lat' dir='ltr'><strong>potuisset.</strong></span> <span class='ocrx_word' id='word_1_563' title='bbox 1993 2065 2084 2111; x_wconf 87' lang='lat' dir='ltr'><strong>Quae</strong></span> <span class='ocrx_word' id='word_1_564' title='bbox 2111 2062 2274 2111; x_wconf 88' lang='lat' dir='ltr'><strong>suspicio</strong></span> 
     </span>
     <span class='ocr_line' id='line_1_80' title="bbox 1224 2124 1695 2162; baseline -0.006 -1"><span class='ocrx_word' id='word_1_565' title='bbox 1224 2125 1378 2161; x_wconf 89' lang='lat' dir='ltr'><strong>minime</strong></span> <span class='ocrx_word' id='word_1_566' title='bbox 1397 2124 1609 2160; x_wconf 88' lang='lat' dir='ltr'><strong>verisimilis</strong></span> <span class='ocrx_word' id='word_1_567' title='bbox 1628 2130 1695 2162; x_wconf 85' lang='lat' dir='ltr'><strong>est.</strong></span> 
     </span>
    </p>
   </div>
   <div class='ocr_carea' id='block_1_14' title="bbox 1644 2253 1858 2269">
    <p class='ocr_par' dir='ltr' id='par_1_17' title="bbox 1644 2253 1858 2269">
     <span class='ocr_line' id='line_1_81' title="bbox 1644 2253 1858 2269; baseline 0.005 -3"><span class='ocrx_word' id='word_1_568' title='bbox 1644 2253 1858 2269; x_wconf 57' lang='grc' dir='ltr'>ψ</span> 
     </span>
    </p>
   </div>
   <div class='ocr_carea' id='block_1_15' title="bbox 1337 2352 2161 2413">
    <p class='ocr_par' dir='ltr' id='par_1_18' title="bbox 1337 2352 2161 2413">
     <span class='ocr_line' id='line_1_82' title="bbox 1337 2352 2161 2413; baseline -0.007 -1"><span class='ocrx_word' id='word_1_569' title='bbox 1337 2354 1805 2413; x_wconf 87' lang='lat' dir='ltr'><strong>ANDRONICUS</strong></span> <span class='ocrx_word' id='word_1_570' title='bbox 1835 2352 2161 2411; x_wconf 90' lang='lat' dir='ltr'><strong>ALYPIUS.</strong></span> 
     </span>
    </p>
   </div>
   <div class='ocr_carea' id='block_1_16' title="bbox 1227 2477 2278 2877">
    <p class='ocr_par' dir='ltr' id='par_1_19' title="bbox 1227 2477 2278 2877">
     <span class='ocr_line' id='line_1_83' title="bbox 1281 2477 2276 2528; baseline -0.004 -13"><span class='ocrx_word' id='word_1_571' title='bbox 1281 2480 1539 2528; x_wconf 83' lang='lat' dir='ltr'><strong>Hieronymus</strong></span> <span class='ocrx_word' id='word_1_572' title='bbox 1557 2480 1705 2517; x_wconf 84' lang='lat' dir='ltr'><strong>Praesat.</strong></span> <span class='ocrx_word' id='word_1_573' title='bbox 1729 2481 1769 2515; x_wconf 93' lang='lat' dir='ltr'><strong>in</strong></span> <span class='ocrx_word' id='word_1_574' title='bbox 1785 2479 1933 2516; x_wconf 86' lang='lat' dir='ltr'><strong>Daniel.</strong></span> <span class='ocrx_word' id='word_1_575' title='bbox 1955 2488 1965 2515; x_wconf 88' lang='lat'>:</span> <span class='ocrx_word' id='word_1_576' title='bbox 1985 2477 2052 2513; x_wconf 86' lang='lat' dir='ltr'><strong>Ad</strong></span> <span class='ocrx_word' id='word_1_577' title='bbox 2066 2477 2276 2523; x_wconf 83' lang='lat' dir='ltr'><strong>intelligen-</strong></span> 
     </span>
     <span class='ocr_line' id='line_1_84' title="bbox 1227 2535 2275 2586; baseline -0.004 -13"><span class='ocrx_word' id='word_1_578' title='bbox 1227 2538 1297 2573; x_wconf 72' lang='lat' dir='ltr'><strong>clas</strong></span> <span class='ocrx_word' id='word_1_579' title='bbox 1307 2547 1430 2574; x_wconf 82' lang='lat' dir='ltr'><strong>aulem</strong></span> <span class='ocrx_word' id='word_1_580' title='bbox 1442 2547 1629 2574; x_wconf 74' lang='lat' dir='ltr'><strong>extremas</strong></span> <span class='ocrx_word' id='word_1_581' title='bbox 1638 2546 1766 2586; x_wconf 78' lang='lat' dir='ltr'><strong>partes</strong></span> <span class='ocrx_word' id='word_1_582' title='bbox 1780 2539 1951 2572; x_wconf 82' lang='lat' dir='ltr'><strong>Danielis</strong></span> <span class='ocrx_word' id='word_1_583' title='bbox 1964 2536 2162 2584; x_wconf 81' lang='lat' dir='ltr'><strong>multiplex</strong></span> <span class='ocrx_word' id='word_1_584' title='bbox 2175 2535 2275 2570; x_wconf 83' lang='lat' dir='ltr'><strong>Grae·</strong></span> 
     </span>
     <span class='ocr_line' id='line_1_85' title="bbox 1227 2594 2278 2639; baseline -0.005 -7"><span class='ocrx_word' id='word_1_585' title='bbox 1227 2609 1350 2632; x_wconf 83' lang='lat' dir='ltr'><strong>corum</strong></span> <span class='ocrx_word' id='word_1_586' title='bbox 1385 2597 1540 2632; x_wconf 76' lang='lat' dir='ltr'><strong>historia</strong></span> <span class='ocrx_word' id='word_1_587' title='bbox 1574 2599 1784 2632; x_wconf 78' lang='lat' dir='ltr'><strong>necessaria</strong></span> <span class='ocrx_word' id='word_1_588' title='bbox 1817 2603 1891 2639; x_wconf 82' lang='lat' dir='ltr'><strong>est,</strong></span> <span class='ocrx_word' id='word_1_589' title='bbox 1929 2596 2068 2630; x_wconf 83' lang='lat' dir='ltr'><strong>Sutorii</strong></span> <span class='ocrx_word' id='word_1_590' title='bbox 2105 2594 2278 2629; x_wconf 82' lang='lat' dir='ltr'><strong>videlicet</strong></span> 
     </span>
     <span class='ocr_line' id='line_1_86' title="bbox 1229 2651 2270 2700; baseline -0.004 -11"><span class='ocrx_word' id='word_1_591' title='bbox 1229 2653 1417 2698; x_wconf 81' lang='lat' dir='ltr'><strong>Callinici,</strong></span> <span class='ocrx_word' id='word_1_592' title='bbox 1437 2655 1608 2697; x_wconf 70' lang='lat' dir='ltr'><strong>Diodori,</strong></span> <span class='ocrx_word' id='word_1_593' title='bbox 1632 2655 1863 2700; x_wconf 83' lang='lat' dir='ltr'><strong>Hieronymi,</strong></span> <span class='ocrx_word' id='word_1_594' title='bbox 1884 2654 1979 2700; x_wconf 76' lang='lat' dir='ltr'><strong>Poly</strong></span> <span class='ocrx_word' id='word_1_595' title='bbox 1981 2653 2043 2696; x_wconf 86' lang='lat' dir='ltr'><strong>bii,</strong></span> <span class='ocrx_word' id='word_1_596' title='bbox 2067 2651 2270 2694; x_wconf 82' lang='lat' dir='ltr'><strong>Posidonii</strong></span> 
     </span>
     <span class='ocr_line' id='line_1_87' title="bbox 1229 2711 2268 2759; baseline -0.005 -12"><span class='ocrx_word' id='word_1_597' title='bbox 1229 2712 1381 2747; x_wconf 85' lang='lat' dir='ltr'><strong>Claudii</strong></span> <span class='ocrx_word' id='word_1_598' title='bbox 1408 2713 1568 2748; x_wconf 70' lang='lat' dir='ltr'><strong>Theonis·</strong></span> <span class='ocrx_word' id='word_1_599' title='bbox 1583 2719 1619 2747; x_wconf 82' lang='lat' dir='ltr'><strong>et</strong></span> <span class='ocrx_word' id='word_1_600' title='bbox 1635 2713 1843 2747; x_wconf 84' lang='lat' dir='ltr'><strong>Andronici</strong></span> <span class='ocrx_word' id='word_1_601' title='bbox 1861 2718 2101 2759; x_wconf 79' lang='lat' dir='ltr'><strong>cognomento</strong></span> <span class='ocrx_word' id='word_1_602' title='bbox 2126 2711 2268 2757; x_wconf 76' lang='lat' dir='ltr'><strong>Alypii,</strong></span> 
     </span>
     <span class='ocr_line' id='line_1_88' title="bbox 1227 2767 2278 2818; baseline -0.003 -13"><span class='ocrx_word' id='word_1_603' title='bbox 1227 2783 1315 2818; x_wconf 79' lang='lat' dir='ltr'><strong>quos</strong></span> <span class='ocrx_word' id='word_1_604' title='bbox 1331 2779 1367 2806; x_wconf 81' lang='lat' dir='ltr'><strong>et</strong></span> <span class='ocrx_word' id='word_1_605' title='bbox 1383 2771 1614 2818; x_wconf 67' lang='lat' dir='ltr'><strong>Porphyrius</strong></span> <span class='ocrx_word' id='word_1_606' title='bbox 1630 2783 1707 2806; x_wconf 82' lang='lat' dir='ltr'><strong>csse</strong></span> <span class='ocrx_word' id='word_1_607' title='bbox 1722 2778 1883 2806; x_wconf 81' lang='lat' dir='ltr'><strong>secutum</strong></span> <span class='ocrx_word' id='word_1_608' title='bbox 1899 2782 1938 2804; x_wconf 82' lang='lat' dir='ltr'><strong>se</strong></span> <span class='ocrx_word' id='word_1_609' title='bbox 1952 2770 2053 2805; x_wconf 85' lang='lat' dir='ltr'><strong>dicit.</strong></span> <span class='ocrx_word' id='word_1_610' title='bbox 2075 2768 2149 2815; x_wconf 90' lang='lat' dir='ltr'><strong>Qui</strong></span> <span class='ocrx_word' id='word_1_611' title='bbox 2164 2767 2278 2803; x_wconf 86' lang='lat' dir='ltr'><strong>fuerit</strong></span> 
     </span>
     <span class='ocr_line' id='line_1_89' title="bbox 1228 2825 2275 2877; baseline -0.003 -14"><span class='ocrx_word' id='word_1_612' title='bbox 1228 2830 1296 2864; x_wconf 88' lang='lat' dir='ltr'><strong>iste</strong></span> <span class='ocrx_word' id='word_1_613' title='bbox 1306 2829 1547 2865; x_wconf 89' lang='lat' dir='ltr'><strong>Andronicus</strong></span> <span class='ocrx_word' id='word_1_614' title='bbox 1557 2830 1716 2877; x_wconf 87' lang='lat' dir='ltr'><strong>Alypius</strong></span> <span class='ocrx_word' id='word_1_615' title='bbox 1733 2828 1867 2863; x_wconf 86' lang='lat' dir='ltr'><strong>frustra</strong></span> <span class='ocrx_word' id='word_1_616' title='bbox 1880 2828 2047 2875; x_wconf 85' lang='lat' dir='ltr'><strong>quaesivi.</strong></span> <span class='ocrx_word' id='word_1_617' title='bbox 2066 2828 2165 2862; x_wconf 84' lang='lat' dir='ltr'><strong>Num</strong></span> <span class='ocrx_word' id='word_1_618' title='bbox 2177 2825 2275 2860; x_wconf 85' lang='lat' dir='ltr'><strong>sorte</strong></span> 
     </span>
    </p>
   </div>
   <div class='ocr_carea' id='block_1_17' title="bbox 1227 2933 2278 3136">
    <p class='ocr_par' dir='ltr' id='par_1_20' title="bbox 1227 2933 2278 3136">
     <span class='ocr_line' id='line_1_90' title="bbox 1228 2933 2277 2975; baseline -0.004 -7"><span class='ocrx_word' id='word_1_619' title='bbox 1228 2937 1419 2969; x_wconf 84' lang='lat' dir='ltr'><strong>mortalibus</strong></span> <span class='ocrx_word' id='word_1_620' title='bbox 1443 2937 1495 2969; x_wconf 87' lang='lat' dir='ltr'><strong>fici</strong></span> <span class='ocrx_word' id='word_1_621' title='bbox 1517 2937 1639 2969; x_wconf 83' lang='lat' dir='ltr'><strong>arboris</strong></span> <span class='ocrx_word' id='word_1_622' title='bbox 1656 2937 1797 2969; x_wconf 69' lang='lat' dir='ltr'><strong>(ructum</strong></span> <span class='ocrx_word' id='word_1_623' title='bbox 1816 2935 1940 2967; x_wconf 85' lang='lat' dir='ltr'><strong>dederit</strong></span> <span class='ocrx_word' id='word_1_624' title='bbox 1956 2946 1964 2968; x_wconf 93' lang='lat'>:</span> <span class='ocrx_word' id='word_1_625' title='bbox 1986 2943 2122 2975; x_wconf 88' lang='lat' dir='ltr'><strong>eamque</strong></span> <span class='ocrx_word' id='word_1_626' title='bbox 2139 2933 2181 2966; x_wconf 91' lang='lat' dir='ltr'><strong>ob</strong></span> <span class='ocrx_word' id='word_1_627' title='bbox 2199 2942 2277 2965; x_wconf 82' lang='lat' dir='ltr'><strong>eau-</strong></span> 
     </span>
     <span class='ocr_line' id='line_1_91' title="bbox 1227 2985 2278 3030; baseline -0.005 -8"><span class='ocrx_word' id='word_1_628' title='bbox 1227 2998 1314 3030; x_wconf 86' lang='lat' dir='ltr'><strong>sam,</strong></span> <span class='ocrx_word' id='word_1_629' title='bbox 1336 2998 1432 3030; x_wconf 89' lang='lat' dir='ltr'><strong>quem</strong></span> <span class='ocrx_word' id='word_1_630' title='bbox 1450 2989 1641 3023; x_wconf 83' lang='lat' dir='ltr'><strong>Baccheum</strong></span> <span class='ocrx_word' id='word_1_631' title='bbox 1667 2991 1855 3029; x_wconf 78' lang='lat' dir='ltr'><strong>Dionysum</strong></span> <span class='ocrx_word' id='word_1_632' title='bbox 1868 2988 2047 3029; x_wconf 87' lang='lat' dir='ltr'><strong>appellant,</strong></span> <span class='ocrx_word' id='word_1_633' title='bbox 2070 2989 2139 3026; x_wconf 87' lang='lat' dir='ltr'><strong>ejus</strong></span> <span class='ocrx_word' id='word_1_634' title='bbox 2159 2986 2210 3019; x_wconf 88' lang='lat' dir='ltr'><strong>dei</strong></span> <span class='ocrx_word' id='word_1_635' title='bbox 2231 2985 2278 3017; x_wconf 76' lang='lat' dir='ltr'><strong>fa-</strong></span> 
     </span>
     <span class='ocr_line' id='line_1_92' title="bbox 1229 3037 2276 3082; baseline -0.003 -9"><span class='ocrx_word' id='word_1_636' title='bbox 1229 3042 1310 3074; x_wconf 88' lang='lat' dir='ltr'><strong>ciem</strong></span> <span class='ocrx_word' id='word_1_637' title='bbox 1329 3042 1413 3082; x_wconf 86' lang='lat' dir='ltr'><strong>apud</strong></span> <span class='ocrx_word' id='word_1_638' title='bbox 1431 3042 1549 3074; x_wconf 86' lang='lat' dir='ltr'><strong>Naxios</strong></span> <span class='ocrx_word' id='word_1_639' title='bbox 1578 3041 1760 3081; x_wconf 75' lang='lat' dir='ltr'><strong>vitigineam</strong></span> <span class='ocrx_word' id='word_1_640' title='bbox 1788 3050 1868 3074; x_wconf 90' lang='lat' dir='ltr'><strong>esse.</strong></span> <span class='ocrx_word' id='word_1_641' title='bbox 1893 3040 2042 3073; x_wconf 73' lang='lat' dir='ltr'><strong>Milicln‘i</strong></span> <span class='ocrx_word' id='word_1_642' title='bbox 2055 3048 2131 3072; x_wconf 88' lang='lat' dir='ltr'><strong>vero</strong></span> <span class='ocrx_word' id='word_1_643' title='bbox 2145 3037 2276 3078; x_wconf 73' lang='lat' dir='ltr'><strong>Dionysi</strong></span> 
     </span>
     <span class='ocr_line' id='line_1_93' title="bbox 1230 3093 2068 3136; baseline -0.004 -9"><span class='ocrx_word' id='word_1_644' title='bbox 1230 3095 1420 3136; x_wconf 82' lang='lat' dir='ltr'><strong>ficulneam;</strong></span> <span class='ocrx_word' id='word_1_645' title='bbox 1435 3095 1510 3127; x_wconf 79' lang='lat' dir='ltr'><strong>ticos</strong></span> <span class='ocrx_word' id='word_1_646' title='bbox 1526 3094 1612 3127; x_wconf 90' lang='lat' dir='ltr'><strong>enim</strong></span> <span class='ocrx_word' id='word_1_647' title='bbox 1625 3094 1709 3135; x_wconf 88' lang='lat' dir='ltr'><strong>apud</strong></span> <span class='ocrx_word' id='word_1_648' title='bbox 1726 3103 1780 3127; x_wconf 89' lang='lat' dir='ltr'><strong>eos</strong></span> <span class='ocrx_word' id='word_1_649' title='bbox 1793 3094 1936 3126; x_wconf 64' lang='lat' dir='ltr'><strong>iniliclm</strong></span> <span class='ocrx_word' id='word_1_650' title='bbox 1950 3093 2068 3125; x_wconf 81' lang='lat' dir='ltr'><strong>vocari.</strong></span> 
     </span>
    </p>
   </div>
   <div class='ocr_carea' id='block_1_18' title="bbox 1442 3198 2064 3240">
    <p class='ocr_par' dir='ltr' id='par_1_21' title="bbox 1442 3198 2064 3240">
     <span class='ocr_line' id='line_1_94' title="bbox 1442 3198 2064 3240; baseline 0 -2"><span class='ocrx_word' id='word_1_651' title='bbox 1442 3199 1690 3239; x_wconf 84' lang='lat' dir='ltr'><strong>PERIPLUS</strong></span> <span class='ocrx_word' id='word_1_652' title='bbox 1717 3198 2064 3240; x_wconf 88' lang='lat' dir='ltr'><strong>PROPONTIDIS.</strong></span> 
     </span>
    </p>
   </div>
   <div class='ocr_carea' id='block_1_19' title="bbox 1232 3308 2276 3453">
    <p class='ocr_par' dir='ltr' id='par_1_22' title="bbox 1232 3308 2276 3453">
     <span class='ocr_line' id='line_1_95' title="bbox 1272 3308 2276 3350; baseline -0.006 -9"><span class='ocrx_word' id='word_1_653' title='bbox 1272 3311 1377 3341; x_wconf 85' lang='lat' dir='ltr'><strong>Lauro</strong></span> <span class='ocrx_word' id='word_1_654' title='bbox 1403 3309 1493 3341; x_wconf 74' lang='lat' dir='ltr'><strong>funes</strong></span> <span class='ocrx_word' id='word_1_655' title='bbox 1516 3311 1600 3349; x_wconf 86' lang='lat' dir='ltr'><strong>Argo</strong></span> <span class='ocrx_word' id='word_1_656' title='bbox 1623 3309 1716 3341; x_wconf 88' lang='lat' dir='ltr'><strong>navis</strong></span> <span class='ocrx_word' id='word_1_657' title='bbox 1749 3310 1868 3350; x_wconf 84' lang='lat' dir='ltr'><strong>alligati</strong></span> <span class='ocrx_word' id='word_1_658' title='bbox 1902 3310 2004 3342; x_wconf 83' lang='lat' dir='ltr'><strong>erant.</strong></span> <span class='ocrx_word' id='word_1_659' title='bbox 2034 3308 2184 3341; x_wconf 79' lang='lat' dir='ltr'><strong>ceterum</strong></span> <span class='ocrx_word' id='word_1_660' title='bbox 2210 3313 2276 3336; x_wconf 90' lang='lat' dir='ltr'><strong>non</strong></span> 
     </span>
     <span class='ocr_line' id='line_1_96' title="bbox 1232 3357 2276 3401; baseline -0.006 -9"><span class='ocrx_word' id='word_1_661' title='bbox 1232 3360 1324 3393; x_wconf 82' lang='lat' dir='ltr'><strong>finxit</strong></span> <span class='ocrx_word' id='word_1_662' title='bbox 1341 3361 1525 3401; x_wconf 85' lang='lat' dir='ltr'><strong>Apollonius</strong></span> <span class='ocrx_word' id='word_1_663' title='bbox 1545 3360 1671 3392; x_wconf 85' lang='lat' dir='ltr'><strong>licentia</strong></span> <span class='ocrx_word' id='word_1_664' title='bbox 1687 3361 1811 3401; x_wconf 83' lang='lat' dir='ltr'><strong>poetica</strong></span> <span class='ocrx_word' id='word_1_665' title='bbox 1830 3362 1958 3393; x_wconf 86' lang='lat' dir='ltr'><strong>laurum</strong></span> <span class='ocrx_word' id='word_1_666' title='bbox 1972 3361 2087 3399; x_wconf 85' lang='lat' dir='ltr'><strong>istum,</strong></span> <span class='ocrx_word' id='word_1_667' title='bbox 2100 3357 2155 3391; x_wconf 87' lang='lat' dir='ltr'><strong>sed</strong></span> <span class='ocrx_word' id='word_1_668' title='bbox 2165 3364 2276 3388; x_wconf 83' lang='lat' dir='ltr'><strong>revera</strong></span> 
     </span>
     <span class='ocr_line' id='line_1_97' title="bbox 1233 3408 2275 3453; baseline -0.007 -9"><span class='ocrx_word' id='word_1_669' title='bbox 1233 3412 1264 3444; x_wconf 90' lang='lat' dir='ltr'><strong>in</strong></span> <span class='ocrx_word' id='word_1_670' title='bbox 1276 3421 1313 3445; x_wconf 91' lang='lat' dir='ltr'><strong>eo</strong></span> <span class='ocrx_word' id='word_1_671' title='bbox 1325 3414 1392 3445; x_wconf 81' lang='lat' dir='ltr'><strong>loco</strong></span> <span class='ocrx_word' id='word_1_672' title='bbox 1405 3413 1514 3445; x_wconf 85' lang='lat' dir='ltr'><strong>laurus</strong></span> <span class='ocrx_word' id='word_1_673' title='bbox 1524 3412 1617 3444; x_wconf 85' lang='lat' dir='ltr'><strong>arbor</strong></span> <span class='ocrx_word' id='word_1_674' title='bbox 1626 3412 1821 3453; x_wconf 76' lang='lat' dir='ltr'><strong>praegrandis</strong></span> <span class='ocrx_word' id='word_1_675' title='bbox 1830 3415 1890 3453; x_wconf 91' lang='lat' dir='ltr'><strong>est,</strong></span> <span class='ocrx_word' id='word_1_676' title='bbox 1903 3412 1950 3444; x_wconf 86' lang='lat' dir='ltr'><strong>uti</strong></span> <span class='ocrx_word' id='word_1_677' title='bbox 1962 3413 2097 3445; x_wconf 80' lang='lat' dir='ltr'><strong>testatur</strong></span> <span class='ocrx_word' id='word_1_678' title='bbox 2108 3408 2275 3443; x_wconf 77' lang='lat' dir='ltr'><strong>Androetas</strong></span> 
     </span>
    </p>
   </div>
  </div>
 </body>
</html>
