2372 3704
669 268 899 311 DIONYSll
930 268 1302 310 CHALCIDENSIS
1330 269 1664 311 FRAGMENTA.

115 401 505 461 DIONYSIUS
544 399 1092 459 CHALCIDENSIS.

131 538 337 586 Dionysius
370 537 625 574 Chalcidensis
653 538 710 573 De
737 536 893 572 urbium
920 536 1132 585 originibus

79 596 232 645 scripsit
250 596 370 632 libros
386 596 570 644 quinque.
599 596 718 631 Testis
743 602 799 631 est
817 593 1002 643 Scymnus
1017 595 1132 641 Chius

77 666 117 692 v.
152 666 167 690 1
179 653 224 690 15
238 682 250 702 ,
270 654 339 690 ubi
362 666 441 703 prae
461 654 595 691 ceteris
615 654 837 690 auctoribus
861 666 900 691 se
923 665 1035 690 usum
1053 665 1132 690 esse

80 712 175 749 dicit
190 713 439 749 Eratosthene
449 740 460 759 ,

161 814 282 856 Ἐφόρῳ
294 825 328 847 τε
343 815 397 846 καὶ
409 817 455 856 τῷ
467 814 521 852 τὰς
538 814 653 852 κτίσεις
666 814 801 856 εἰρηκότι

163 862 196 894 ἐν
209 863 299 905 πέντε
314 863 430 904 βίὸλοις
443 863 593 895 Χαλκιδεῖ
609 863 777 904 Διονυσίῳ.

76 945 225 993 Quodsi
251 946 386 983 ordine
414 945 690 996 chronologico
715 948 947 997 scriptorum
975 947 1132 983 nomina

77 1017 117 1040 se
150 1005 366 1054 excipiunt,
407 1006 564 1054 Ephoro
595 1007 800 1054 Dionysius
834 1007 1031 1054 antiquior
1059 1014 1128 1042 est.

79 1063 264 1112 Opinioni
282 1064 384 1100 favet
399 1065 543 1100 Plinius
560 1065 630 1110 IV,
650 1077 696 1100 21
719 1063 787 1113 (fr.
811 1064 856 1114 9)
872 1091 882 1110 ,
904 1066 971 1113 qui
990 1065 1039 1101 de
1055 1066 1131 1101 Eu-

78 1121 167 1158 boea
182 1122 343 1170 loquens
365 1121 496 1158 laudat
518 1124 735 1168 Dionysium
755 1132 794 1159 et
811 1124 1000 1172 Ephorum
1009 1137 1025 1167 ;
1042 1136 1132 1160 nam

76 1179 362 1217 Chalcidensem
380 1182 487 1217 innui
503 1182 568 1217 vix
584 1181 745 1218 dubium
761 1195 838 1219 esse
850 1190 987 1231 potest.
1009 1184 1129 1219 Porro

77 1239 215 1276 Strabo
239 1239 303 1287 (fr.
329 1237 373 1290 7)
395 1240 442 1276 de
468 1241 582 1288 Mysis
611 1241 798 1289 Bithyniae
825 1248 998 1279 veterum
1027 1243 1130 1277 testi·

76 1299 207 1334 monia
216 1310 436 1335 recensens:
453 1299 613 1349 Πρῶτον,
625 1300 696 1345 ait,
713 1298 930 1351 μαρτυρήσει
944 1297 1127 1343 Σκύλαξ...

78 1348 154 1393 εἶτα
168 1354 348 1400 Διονύσιος
366 1358 384 1394 ὁ
401 1355 462 1400 τὰς
479 1355 618 1400 Κτίσεις
633 1357 850 1409 συγγράψας.
867 1359 997 1396 Schol.
1016 1360 1130 1408 Apol-

77 1415 155 1452 lon.
183 1417 223 1460 1,
247 1414 324 1452 538
352 1415 418 1465 (fr.
446 1414 490 1465 6)
517 1416 769 1464 ajunioribus
799 1418 848 1454 ad
871 1419 1127 1466 antiquiores,

75 1481 120 1510 ut
130 1474 298 1520 videtur,
314 1475 564 1523 progrediens
579 1477 719 1512 excitat
735 1489 744 1512 ε
761 1477 918 1513 Suidam
931 1484 969 1513 et
981 1477 1130 1513 Aristo-

76 1533 210 1578 telem,
238 1533 306 1581 qui
331 1533 379 1569 de
399 1534 539 1570 Euboea
556 1534 815 1583 scripserunt,
838 1533 896 1572 τὸν
916 1532 996 1578 τοὺς
1025 1535 1128 1586 Φρυ-

77 1589 173 1641 γίους
202 1589 323 1640 λόγους
350 1589 535 1643 γράψαντα
548 1621 558 1639 ,
597 1593 865 1639 Daimachum‚
903 1595 1131 1642 Dionysium

76 1650 374 1689 Chalcidensem.
411 1650 584 1689 Certiora
613 1651 756 1688 indicia
785 1652 980 1698 desider03
1008 1666 1055 1689 ex
1083 1654 1129 1689 iis

77 1721 160 1757 quae
175 1709 407 1758 praebentur,
427 1710 582 1759 colligas
595 1711 820 1758 Dionysium
836 1709 1009 1748 floruisse
1026 1713 1130 1748 circa

79 1766 154 1805 350
171 1781 207 1803 a.
229 1768 271 1806 C.
291 1769 351 1805 vel
371 1769 485 1804 etiam
500 1770 630 1818 paullo
650 1771 768 1819 prius.

128 1827 162 1862 A
181 1826 340 1861 Tatiano
359 1827 425 1863 Or.
450 1827 537 1863 adv.
556 1828 623 1864 Gr.
647 1841 682 1865 c.
704 1832 775 1877 49,
795 1829 894 1865 inter
911 1841 976 1865 eos
996 1830 1063 1877 qui
1083 1829 1129 1866 de

76 1885 235 1920 Homeri
251 1897 388 1933 genere
408 1893 445 1921 et
463 1893 570 1922 aetate
591 1886 756 1923 dixerint
770 1914 781 1933 ‚
801 1895 939 1937 praeter
958 1889 1129 1937 Theage·

74 1954 174 1988 nem,
187 1943 494 1990 Stesimbrotum‚
510 1946 792 1993 Antimachum,
806 1946 1015 1983 afferuntur
1028 1944 1130 1997 Ἡρό-

76 1999 175 2042 δοτος
191 2002 209 2037 ὁ
224 1999 334 2040 Ἁλικ.
347 2000 407 2039 καὶ
423 2001 600 2046 Διονύσιος
613 2004 631 2040 ὁ
646 2001 842 2050 Ὀλύνθιος,
854 2005 992 2041 deinde
1005 2007 1130 2054 Epho-

77 2071 161 2104 rUS,
183 2060 261 2098 alii.
279 2061 417 2096 Nescio
436 2073 485 2096 an
500 2062 701 2109 Olynthius
720 2063 783 2098 ille
800 2075 821 2098 a
832 2064 973 2098 Nostro
989 2076 1068 2099 non
1083 2065 1131 2099 sit

75 2117 246 2154 diversus
268 2117 331 2168 (²⁴).
354 2120 620 2156 Chalcidenses
640 2119 879 2171 φιλαπόδημοι
905 2123 1128 2159 Dicaearcho

75 2183 185 2222 sunt;
219 2177 404 2224 Olynthus
435 2178 739 2215 Chalcidensium
769 2179 940 2225 colonia;
971 2182 1130 2216 Homeri

73 2235 234 2271 historia
258 2236 362 2273 haud
383 2249 461 2273 uno
480 2237 598 2274 modo
617 2251 703 2274 cum
723 2236 847 2276 Κτίσει
875 2236 1010 2280 Ἰωνίας
1035 2253 1130 2276 con-

71 2292 317 2342 jungebatur.

77 2367 90 2379 -.
102 2388 110 2398 ,
127 2353 173 2388 In
188 2352 406 2402 fragmentis
425 2354 629 2402 Dionysius
646 2362 776 2391 noster
791 2356 910 2391 sexies
932 2354 998 2404 (fr.
1026 2369 1041 2392 1
1054 2386 1061 2393 .
1084 2356 1121 2395 5.

75 2410 114 2447 6.
151 2423 212 2447 10.
254 2425 268 2447 1
281 2424 314 2449 1.
353 2412 397 2448 13
416 2411 425 2462 )
459 2414 684 2449 nominatur
716 2415 734 2450 ὃ
766 2412 981 2460 Χαλκιδεύς,
1014 2417 1129 2452 semel

81 2470 150 2519 (fr.
174 2483 219 2506 12
233 2469 244 2519 )
262 2471 280 2506 ὁ
299 2468 498 2517 Ἀθηναῖος;
518 2480 652 2508 contra
668 2473 871 2520 Dionysius
887 2481 1002 2522 poeta
1014 2474 1078 2510 ille
1092 2482 1130 2511 et

77 2535 210 2564 orator
221 2536 258 2564 et
270 2527 461 2575 πολιτικός,
475 2543 586 2578 quem
598 2544 728 2567 omnes
739 2532 930 2577 novimus,
942 2545 1059 2580 quum
1071 2546 1129 2570 ce-

77 2587 166 2622 teris
185 2587 233 2622 sit
250 2588 506 2634 Atheniensis,
526 2590 665 2625 Photio
686 2597 724 2626 et
748 2590 872 2627 Suidae
896 2590 955 2639 (v.
975 2590 1127 2642 Θουριο-

75 2642 236 2693 μάντεις;
253 2642 315 2690 τὴν
329 2644 397 2696 γὰρ
413 2646 459 2688 εἷς
475 2644 632 2699 Σύὸαριν
647 2647 811 2684 ἀποικίαν
825 2648 856 2685 οἱ
871 2646 933 2696 μὲν
949 2647 1127 2698 Λάμπωνι

76 2701 345 2742 ἀνατιθέασιν...
361 2704 439 2741 οἶδὲ
454 2706 504 2756 τῷ
519 2705 688 2743 Χαλκιδεῖ
698 2704 868 2758 Διονυσίῳ
878 2708 974 2757 κτλ.)
987 2708 1129 2746 dicitur

74 2762 343 2801 Chalcidensis.
357 2765 487 2800 Putari
498 2766 614 2814 igitur
625 2767 744 2814 possit
763 2764 919 2803 Κτίσεων
934 2775 1129 2806 auctorem

74 2820 236 2857 eundem
256 2834 334 2858 esse
358 2835 447 2859 cum
466 2824 651 2872 Dionysio
667 2832 797 2874 poeta.
822 2827 873 2862 At
898 2838 1036 2875 parum
1052 2828 1128 2864 hoc

42 2874 45 2877 ’
73 2878 291 2927 probabile.
313 2879 531 2919 Chalcidem
544 2884 710 2933 patriam
723 2882 847 2934 pdetae
863 2887 1057 2936 pepererit
1068 2888 1130 2924 τοῦ

118 2988 161 3028 (⁹¹)
175 2978 288 3022 'Simili
305 2991 402 3024 modo
424 2993 607 3034 Ephippum
631 2994 823 3035 Olynthium
846 2996 887 3028 ab
913 2996 1047 3029 Arriano
1065 2997 1128 3029 dici

75 3035 317 3070 Chalcidensem
335 3039 542 3080 probabiliter
557 3042 670 3074 statuit
686 3043 792 3075 Geier.

347 3168 554 3210 URBIUM
585 3171 848 3212 ORIGINES.

116 3341 254 3374 Arcades
272 3343 423 3377 videntur
436 3346 511 3379 ante
530 3347 640 3380 lunam
661 3349 776 3390 fuisse,
798 3345 835 3382 ut
850 3351 948 3383 etiam
973 3351 1127 3385 Eudoxus

78 3391 109 3424 in
125 3394 257 3427 Periodo
271 3396 325 3428 ait.
338 3397 526 3432 Theodorus
536 3401 660 3433 veroin
674 3402 824 3434 vicesimo
837 3412 923 3435 nono
937 3404 1043 3444 paullo
1053 3409 1128 3437 ante

78 3446 224 3480 Herculis
248 3449 359 3482 contra
385 3451 536 3492 Gigantes
557 3452 677 3487 bellum
700 3455 810 3487 lunam
836 3457 1018 3497 apparuisse
1036 3458 1125 3491 dicit.

2166 281 2251 315 393·

1193 358 1330 410 χαλκοῦ
1342 372 1557 409 cognomen
1567 367 1605 396 et
1613 366 1748 408 stupor
1757 359 2000 396 librariorum
2017 361 2091 412 (Cf.
2104 363 2241 402 Osann.

1193 420 1370 466 Beitrage
1379 431 1414 456 z.
1428 431 1486 466 gr.
1501 432 1539 455 u.
1551 431 1659 457 roem.
1675 420 1746 456 Lic.
1762 419 1853 454 fasc.
1872 421 1889 455 I
1901 446 1912 465 ,
1925 433 1966 469 p.
1987 420 2051 458 80.
2071 423 2240 460 Schiller.

1192 479 1250 514 De
1269 477 1504 515 Thnriorum
1522 478 1618 525 Rep.
1639 489 1677 525 p.
1703 476 1792 525 16).
1825 478 1915 514 Vice
1943 491 2051 515 versa
2075 492 2121 516 ex
2143 483 2243 518 Dio-

1191 536 1300 583 nysio
1317 535 1556 572 Chalcidensi
1579 536 1685 571 nasci
1702 535 1830 584 potuit
1855 536 1904 574 D.
1924 536 1942 572 δ
1960 535 2112 586 χαλκοῦς
2124 566 2135 586 ‚
2153 539 2242 576 hinc

1193 594 1370 643 deinceps
1392 594 1410 630 ὁ
1427 591 1617 640 Ἀθηναῖος.
1639 595 1880 642 Quamquam
1904 594 1978 630 hoc
1998 595 2156 633 fortasse
2180 611 2242 634 ar-

1192 654 1318 702 gutius
1331 660 1388 689 est
1404 665 1520 701 quam
1535 653 1661 689 verius
1677 650 1733 702 (v.
1749 660 1832 688 not.
1850 652 1898 689 ad
1911 652 1957 689 fr.
1979 653 2060 703 12).

1244 714 1302 749 De
1324 713 1551 749 auctoritate
1582 713 1780 761 scriptoris
1806 719 1850 747 ut
1878 711 1976 748 bene
1996 724 2240 762 auguremur,

1191 772 1364 820 inprimis
1389 772 1532 808 faciunt
1546 771 1666 808 verba
1685 771 1839 820 Scymni
1858 771 1976 807 modo
1993 773 2166 820 appicta‚
2197 785 2242 809 ac

1192 831 1303 867 facile
1334 831 1550 880 principem
1580 831 1679 866 inter
1706 827 1866 868 Κτίσεων
1902 836 2077 866 auctores
2115 831 2244 870 locum

1191 891 1398 938 Dionysius
1430 890 1654 926 obtinuerit.
1685 888 1797 927 Certe
1827 889 1968 924 malam
1990 889 2026 924 ei
2044 896 2177 926 notam
2198 902 2258 927 ex.

1190 949 1315 997 parcis
1340 961 1424 997 quae
1451 948 1710 998 perdurarunt
1741 947 1992 996 fragminibus
2013 947 2243 997 adspergere

1190 1020 1270 1043 non
1286 1008 1387 1046 licet.
1404 1009 1532 1055 Siqua
1547 1008 1671 1043 minus
1683 1014 1786 1043 recte
1807 1007 1954 1055 posita,
1975 1013 2063 1042 sunt
2079 1008 2124 1042 ea
2143 1006 2242 1054 ejus-

1190 1065 1319 1111 modi,
1357 1073 1401 1102 ut
1438 1067 1576 1102 summi
1606 1066 1770 1101 nominis
1804 1066 2033 1114 scriptorum
2068 1067 2242 1115 exemplo

1192 1125 1365 1160 excusari
1385 1131 1540 1173 queant.
1561 1124 1675 1171 Quod
1701 1124 1987 1172 dispositionem
2007 1125 2135 1173 operis
2155 1126 2242 1161 atti-

1190 1190 1256 1219 net
1268 1210 1279 1228 ,
1296 1183 1391 1218 nihil
1408 1184 1481 1219 nisi
1505 1183 1770 1232 chronologici
1786 1174 1932 1219 ordinis
1950 1183 2096 1220 indicia
2112 1196 2157 1221 ex
2176 1197 2241 1221 re-

1190 1241 1318 1290 liquiis
1339 1239 1397 1292 (1.
1416 1253 1453 1277 2.
1473 1253 1495 1278 2
1509 1241 1549 1291 a)
1567 1253 1700 1279 eruere
1714 1242 1838 1291 potui.

1573 1346 1576 1349 ’
1604 1364 1826 1403 ΚΤΙΣΕΙΣ.

1509 1471 1540 1506 E
1567 1471 1719 1507 LIBRO
1747 1470 1918 1510 PRIMO.

1698 1579 1733 1604 1.

1244 1647 1372 1684 Schol.
1396 1646 1576 1696 Apollon.
1604 1648 1680 1686 Rh.
1707 1649 1779 1694 IV,
1802 1647 1877 1693 264
1902 1659 1912 1687 :
1934 1648 1980 1687 Οἱ
2002 1646 2167 1701 Ἀρκάδες
2183 1649 2240 1688 δο-

1192 1707 1295 1742 κοῦσι
1323 1703 1391 1757 πρὸ
1416 1708 1479 1752 τῆς
1498 1704 1646 1753 σελήνης
1665 1705 1869 1757 γεγονέναι,
1892 1708 1937 1750 ὡς
1954 1706 2014 1744 καὶ
2038 1707 2185 1752 Εὔδοξος
2205 1710 2241 1747 ἐν

1190 1766 1233 1816 τῇ
1258 1763 1432 1816 Περιόδῳ.
1460 1763 1644 1816 Θεόδωρος
1663 1762 1699 1802 δὲ
1720 1765 1755 1802 ἐν
1776 1765 1924 1818 εἰκοστῷ
1945 1764 2076 1818 ἐννοίτῳ
2098 1767 2153 1817 (ἐν
2180 1766 2237 1805 κδ’

1191 1823 1280 1860 cod.
1300 1825 1386 1862 Par.
1401 1825 1432 1872 )‚
1451 1820 1558 1874 ὀλίγῳ
1583 1822 1749 1876 πρότερον
1777 1823 1863 1876 φησὶ
1891 1827 1950 1862 τοῦ
1971 1825 2055 1876 πρὸς
2077 1824 2154 1869 τοὺς
2181 1825 2241 1876 γί-

1191 1896 1322 1932 γαντας
1338 1881 1496 1931 πολέμου
1517 1881 1731 1933 Ἡρακλέους
1744 1881 1808 1929 τὴν
1823 1882 1972 1929 σελήνην
1986 1886 2149 1936 φανῆναι.
2168 1884 2241 1924 Καὶ

1191 1937 1355 1990 Ἀρίστων
1370 1941 1388 1976 ὃ
1407 1939 1491 1981 Χῖος
1505 1940 1539 1976 ἐν
1555 1944 1631 1983 ταῖς
1647 1939 1779 1978 Θέσεσι
1801 1939 1967 1990 (Κτίσεσι
1981 1955 2055 1978 em.
2075 1944 2241 1992 Rutger-

1191 1998 1287 2048 sius)
1304 2026 1314 2044 ‚
1336 1997 1396 2036 καὶ
1415 1996 1594 2040 Διονύσιος
1610 2000 1628 2035 ὁ
1644 1997 1839 2042 Χαλκιδεὺς
1866 2000 1901 2037 ἐν
1921 1999 2052 2053 πρώτῳ
2081 1999 2238 2038 Κτίσεων

1190 2055 1235 2093 τὰ
1250 2055 1340 2093 αὐταί
1357 2070 1461 2108 φασι·
1479 2055 1539 2093 καὶ
1559 2055 1652 2099 ἔθνος
1670 2055 1706 2093 δὲ
1728 2055 1910 2108 Ἀρκαδίας
1924 2057 2118 2103 Σεληνίτας
2135 2051 2239 2099 εἶναι.

1193 2112 1359 2157 Μνασέας
1376 2112 1413 2151 δέ
1432 2114 1509 2153 κτλ.
1526 2116 1744 2164 Sequuntur
1756 2118 1949 2153 sententiae
1961 2119 2142 2165 Mnaseae,
2156 2120 2240 2155 Ari-

1190 2174 1332 2209 stotelis
1346 2200 1356 2218 ,
1376 2174 1546 2210 Duridis.
1563 2176 1701 2210 Totum
1720 2175 1848 2211 locum
1863 2177 2037 2213 Musurus
2050 2178 2242 2214 transtulit

1191 2232 1230 2266 in
1242 2232 1361 2270 schol.
1379 2232 1466 2271 Ald.
1483 2232 1533 2268 ad
1545 2234 1740 2282 Aristoph.
1763 2234 1866 2270 Nub.
1894 2234 1969 2284 397
1998 2234 2055 2286 (p.
2076 2235 2149 2281 431
2170 2237 2232 2275 ed.

1190 2288 1397 2342 Diibner.).
1417 2291 1473 2330 Cf.
1494 2291 1644 2330 Eudoc.
1666 2305 1708 2341 p.
1728 2292 1819 2353 [381.

1492 2397 1523 2432 E
1555 2397 1706 2434 LIBRO
1734 2398 1930 2435 TERTIO.

1693 2500 1732 2527 2.

1241 2569 1472 2617 Harpocrat.
1490 2579 1530 2604 v.
1549 2565 1743 2619 Ἡφαιστία
1758 2579 1768 2607 z
1784 2565 1870 2607 Ὅτι
1888 2567 1921 2620 β’
1938 2567 2056 2612 πόλεις
2071 2562 2162 2615 ἦσαν
2178 2571 2240 2617 τῆς

1188 2624 1334 2676 Λήμνου
1362 2624 1526 2678 Μύρρινά
1546 2641 1582 2663 τε
1613 2624 1672 2664 καὶ
1699 2625 1891 2678 Ἡφαιστία
1911 2628 2012 2675 δηλοῖ
2031 2627 2091 2665 καὶ
2110 2627 2239 2666 Διονύ-

1188 2698 1261 2726 σιος
1277 2685 1295 2721 ὁ
1315 2682 1510 2727 Χαλκιδεὺς
1530 2684 1565 2722 ἔν
1582 2683 1615 2736 γ’
1636 2683 1808 2724 Κτίσεων.
2204 2687 2207 2689 ’

1243 2744 1411 2780 Crameri
1436 2744 1580 2782 Anecd.
1608 2744 1680 2782 Ox.
1701 2746 1773 2791 IV,
1792 2757 1834 2794 p.
1858 2757 1931 2791 271
1959 2757 1969 2783 :
2002 2745 2189 2788 Χαλκιδεῖς
2206 2746 2238 2783 οἱ

1189 2802 1223 2839 ἐν
1244 2799 1379 2853 Εὐὸοίᾳ
1404 2801 1476 2844 τοῖς
1505 2801 1639 2853 ῥήμασι
1666 2806 1738 2844 τοῖς
1769 2801 2060 2852 συντασσομένοις
2088 2804 2239 2847 δοτικαῖς

1189 2858 1383 2902 αἷτιατικὰς
1410 2858 1576 2912 πρότερον
1607 2858 1827 2911 ἐπιφέροντες
1860 2858 1922 2904 τὰς
1959 2859 2097 2904 δοτικὰς
2125 2860 2237 2899 συνά-

1188 2932 1332 2956 πτουσιν
1344 2933 1352 2941 ·
1370 2911 1440 2956 οἷον
1460 2916 1637 2961 Διονύσιος
1656 2919 1674 2955 ὁ
1699 2917 1896 2962 Χαλκιδεύς
1908 2933 1918 2943 ·
1939 2936 1954 2954 «
1971 2918 2153 2971 Μυρρίνην
2170 2918 2235 2965 τὴν

1191 2976 1398 3026 Ἀμαζονίδα
1419 2975 1741 3028 περιὸλεψοίμενος,
1769 2976 1897 3016 ἔδωκεν
1917 2978 2012 3030 αὗτῷ
2038 2977 2099 3022 τὰς
2127 2977 2236 3021 ἄλλας

1170 3055 1173 3057 >
1189 3033 1414 3084 Ἀμαζονίδας
1431 3033 1751 3083 μετακαλέσασθαι.
1773 3053 1790 3069 »

1189 3146 1293 3185 Atque
1307 3145 1434 3177 Ariston
1450 3145 1549 3177 Chius
1561 3145 1594 3177 in
1613 3146 1798 3186 Originibus
1809 3147 1842 3179 et
1856 3147 2025 3188 Dionysius
2041 3134 2122 3178 libro
2135 3146 2237 3186 primo

1188 3197 1355 3237 Originum
1367 3197 1479 3230 eadem
1492 3199 1635 3239 narrant,
1648 3199 1747 3240 atque
1759 3199 1915 3241 populum
1925 3199 2071 3232 Arcadiae
2082 3199 2237 3232 Selenitas

1189 3257 1267 3281 esse.

1693 3306 1727 3338 2.

1230 3371 1317 3401 Duas
1328 3369 1422 3402 fuisse
1435 3370 1546 3402 Lemni
1556 3370 1652 3402 urbes
1661 3370 1859 3411 Myrrhinam
1869 3371 1901 3402 et
1912 3369 2129 3410 Hephaestiam
2137 3367 2234 3400 etiam

1190 3420 1359 3462 Dionysius
1372 3421 1589 3454 Chalcidensis
1602 3421 1698 3454 tertio
1711 3421 1879 3462 Originum
1895 3420 2047 3452 declarat.
