2372 3704
160 202 235 233 530

394 296 444 352 X
461 297 958 356 ENOCRATES.

554 421 793 460 XPONIKA.

474 533 504 567 E
532 533 681 570 LIBRO
710 535 878 571 PRIMO.

211 637 332 683 Etym.
357 635 405 688 Μ.
433 649 474 685 p.
503 636 593 682 157‚
626 636 672 674 53
695 651 703 673 ε
726 636 907 689 Ἀσσυρία,
931 640 951 683 ἡ
972 638 1195 676 Βαὸυλωνία.

157 692 208 730 Τὸ
223 692 286 741 μὲν
298 695 432 744 πρῶτον
445 695 601 731 ἐκαλεῖτο
617 694 803 746 Ιίὔφρατις,
818 694 1002 747 ὕστερονδὲ
1018 696 1195 744 Χαλδαία,

155 750 194 787 τὸ
210 752 404 789 τελευταῖον
423 752 457 789 δὲ
476 751 544 789 ἀπὸ
561 752 721 804 Ἀσούρου
737 757 795 790 τοῦ
814 754 947 792 Σούσου
962 754 1136 806 Ἀσσυρία,
1150 757 1195 798 ὡς

155 810 374 862 Ξενοκράτης
394 811 428 848 ἐν
448 810 576 863 πρώτῳ
598 813 787 862 Χρονικῶν.

209 870 370 906 Aliunde
393 871 440 906 de
464 872 678 907 Xenocrate
707 879 896 920 tamquam
919 872 1098 922 Χρονικῶν
1127 886 1193 909 au·

155 936 258 964 ctore
277 942 355 964 non
370 937 529 966 constat.
553 931 656 966 Fort.
676 943 747 978 pro
766 929 984 980 Ξενοκράτης
1002 944 1192 980 reponen-

156 988 245 1022 dum
262 992 317 1024 est
331 986 542 1036 Ξεναγόρας.

205 1048 434 1081 Xenocrates
452 1046 646 1094 Ephesius,
675 1048 739 1094 qui
763 1048 892 1094 paullo
918 1055 1004 1084 ante
1032 1050 1194 1085 Plinium

150 1106 298 1152 scripsit
327 1103 443 1148 (Plin.
469 1106 530 1150 37,
553 1118 575 1140 2
589 1132 597 1148 ,
626 1118 637 1140 1
651 1118 664 1140 1
676 1134 685 1148 ,
712 1102 752 1154 1)
774 1105 821 1140 de
838 1106 995 1142 historia
1010 1109 1191 1154 naturali,

150 1164 203 1197 uti
230 1164 394 1206 videtur,
424 1163 598 1198 laudatur
615 1175 636 1198 a
667 1164 788 1199 Plinio
802 1165 899 1212 XX,
934 1170 992 1208 14.
1023 1178 1087 1201 20.
1120 1179 1190 1212 21;

151 1222 258 1265 XXI,
280 1222 346 1265 313
367 1223 502 1266 XXII,
520 1233 592 1265 v22;
611 1223 818 1267 XXXVII,
842 1235 878 1258 2.
908 1236 967 1258 ιο.
990 1245 1042 1251 —-
1061 1226 1190 1260 Xeno·

149 1288 279 1328 crates,
302 1281 507 1327 discipulus
530 1281 734 1328 Tisicratis,
755 1282 969 1326 statuarius,
987 1284 1135 1331 scripsit
1148 1284 1193 1320 de

149 1346 227 1373 arte
254 1340 431 1374 statuaria
455 1338 571 1389 (Plin.
595 1340 774 1383 XXXIV,
795 1353 826 1375 c.
849 1339 918 1389 8),
942 1341 988 1376 de
1009 1343 1192 1378 toreutice

147 1397 271 1444 (Plin.
291 1395 514 1446 XXXIII),
533 1398 580 1433 de
606 1399 755 1445 pictura
775 1397 895 1446 (Plin.
918 1400 1078 1446 XXXV,
1103 1399 1188 1449 10).

147 1476 198 1481 —-
218 1457 451 1491 Xenocrates
470 1457 771 1503 Aphrodisiensis
791 1457 958 1492 medicus
980 1458 1088 1504 plura
1109 1471 1191 1505 quae

147 1514 197 1548 ad
228 1521 343 1549 artem
372 1514 557 1549 medicam
584 1515 776 1562 pertinent
799 1516 1029 1562 composuit.
1047 1517 1090 1552 V.
1116 1517 1192 1552 Ga-

149 1573 221 1607 len.
235 1574 286 1617 11,
300 1586 339 1620 p.
355 1572 418 1609 68.
431 1575 472 1616 V,
483 1585 524 1620 p.
539 1586 581 1618 71
595 1586 624 1608 1.
637 1574 688 1617 11,
702 1573 823 1621 p.132
837 1587 846 1618 ;
859 1575 1087 1609 Artemidor.
1102 1576 1191 1610 Oni-

147 1644 248 1668 rocr.
269 1634 333 1675 IV,
363 1645 410 1667 22
432 1632 522 1679 ibiq.
546 1631 659 1669 Reiff.
682 1633 720 1667 in
737 1633 814 1670 ind.
833 1640 931 1670 auct.
947 1634 1005 1668 Ad
1031 1635 1190 1669 eundem
1212 1666 1215 1669 ,

146 1698 316 1737 spectare
344 1691 491 1726 videtur
519 1692 550 1727 J.
588 1691 714 1738 Lydus
741 1693 800 1727 De
827 1704 941 1729 mens.
973 1705 1012 1740 p.
1040 1705 1107 1728 xoo
1129 1693 1188 1730 ed.

145 1750 315 1784 Roether.

415 1964 898 2022 XENOPHILUS.

432 2087 641 2125 ΛΥΔΙΚΛΙ
662 2087 899 2126 ΙΣΤοΡιΑῐ.

196 2194 384 2239 Anonym.
410 2194 466 2227 De
491 2192 680 2227 mulierib.
718 2193 829 2228 claris
861 2205 893 2228 c.
922 2204 946 2240 9
965 2191 1025 2241 (p.
1050 2192 1124 2228 216
1146 2193 1182 2228 in

142 2250 328 2287 Paradox.
351 2251 553 2288 Westerm.
569 2249 579 2297 )
598 2263 605 2285 :
629 2247 758 2295 Λύδη.
787 2248 931 2295 Ταύτην
949 2249 1051 2301 φησὶν
1069 2248 1182 2287 Ξενό-

143 2308 238 2358 φιλος
255 2308 271 2343 ὁ
291 2305 351 2348 τὰς
380 2306 530 2350 Λυδικὰς
547 2305 697 2358 ἱστορίας
717 2306 870 2359 γράψας,
892 2308 1041 2358 γυναῖκά
1057 2323 1095 2345 τε
1122 2306 1182 2344 καὶ

143 2364 292 2416 ἀδελφὴν
311 2359 397 2402 εἶναι
424 2364 596 2402 Ἀλυάτεω
616 2365 850 2416 (Σαδυάττεω
863 2381 935 2403 scr.
954 2370 1116 2403 Heeren.
1137 2381 1181 2404 ex

140 2425 286 2461 Herod.
313 2427 351 2469 I,
379 2425 443 2471 16)
469 2428 526 2460 τοῦ
551 2423 696 2475 Κροίσου
709 2424 937 2476 προπάτορος.
957 2423 1098 2471 Ταύτης
1112 2425 1181 2468 υἱὸς

141 2481 308 2527 Ἀλυάτης
325 2481 561 2531 διαδεξάμενος
580 2483 642 2528 τὴν
661 2486 721 2520 τοῦ
747 2482 876 2533 πατρὸς
905 2483 1082 2534 βασιλείαν
1104 2482 1180 2533 ἐγέ-

140 2556 216 2578 νετο
236 2531 352 2582 δεινῶς
375 2540 555 2592 ὓὸριστῆς,
572 2542 616 2583 ὡς
636 2540 694 2578 καὶ
715 2540 758 2577 τὰ
777 2540 900 2587 ἱμάτια
918 2541 1103 2592 ἀξιολόγων
1119 2543 1179 2578 ἀν-

765 199 1112 249 XENOCRATIS,
1143 202 1449 253 XENOPHILI,
1481 205 1697 252 ZENIDIS,

1257 290 1317 328 καὶ
1335 290 1447 340 λόγοις
1466 294 1630 343 χρηστοῖς
1645 291 1705 329 καὶ
1720 291 1830 344 ἔργοις
1848 292 2024 342 ἠμείὸετο.
2041 295 2166 333 Πᾶσαν
2193 296 2227 334 δὲ
2245 299 2293 348 τῷ

1257 349 1319 399 υἱῷ
1353 348 1600 401 φιλοφροσύνην
1633 349 1875 402 προσφέρουσα
1907 353 1954 395 εἷς
1987 353 2135 405 στοργὴν
2171 357 2295 402 ἑαυτῆς

1257 405 1387 453 πολλὴν
1405 407 1505 445 αὐτὸν
1519 407 1731 460 περιέτρεψε.
1751 408 1941 458 Νομίσασα
1961 409 1996 448 δὲ
2014 413 2194 465 αὖταρκῶς
2210 415 2296 464 ἀγα·

1256 467 1388 502 πᾶσθαι
1402 494 1413 512 ,
1437 465 1645 517 σκηψαμένη
1667 466 1844 504 ἀσθένειαν
1866 467 1961 506 σι’του
1982 467 2042 506 καὶ
2067 472 2135 508 τῶν
2163 472 2296 509 λοιπῶν

1257 522 1449 574 ἀπέσχετο·
1466 522 1522 560 τὸν
1546 523 1582 560 δὲ
1608 523 1862 575 παρεδρεύοντα
1882 528 1941 563 καὶ
1968 527 2094 575 ὁμοίως
2114 530 2298 568 ἀσιτοῧντα

1255 581 1519 626 κατασταλῆναι
1550 581 1610 619 καὶ
1642 583 1689 624 εἷς
1719 585 1822 620 τοῦτο
1851 584 2153 633 μεταὸοίλλεσθαι,
2185 584 2296 635 ὥστε,

1255 638 1370 690 φησὶν,
1388 639 1571 690 ὀρθότατον
1590 639 1650 677 καὶ
1669 640 1885 679 δικαιότατον
1905 641 2008 680 αὐτὸν
2021 642 2190 693 γενέσθαι.

1307 699 1398 734 Cum
1413 699 1469 734 his
1483 699 1613 735 confer
1631 700 1777 736 Nicolai
1793 700 1836 736 fr.
1852 701 1899 743 64
1919 700 2034 753 (tom.
2057 704 2128 752 111,
2140 716 2178 752 p.
2196 702 2293 753 396)

1254 763 1291 791 et
1313 757 1455 792 Xanthi
1487 757 1618 805 fragm.
1657 770 1702 805 19
1743 757 1855 806 (tom.
1894 759 1930 804 I,
1962 773 2003 808 p.
2040 758 2134 810 42),
2166 761 2297 810 ibique

1248 821 1378 849 notam
1390 815 1580 859 Creuzeri,
1608 815 1673 861 qui
1687 814 1841 851 fortasse
1857 829 1929 864 pro
1949 818 2170 866 Xenophilo
2194 831 2233 858 n.
2270 819 2295 857 l.

1253 873 1449 908 Xanthum
1478 885 1555 908 esse
1579 874 1843 921 reponendum
1874 876 2094 923 suspicatur.
2113 876 2220 912 Idem
2238 884 2296 913 ta-

1252 943 1339 966 men
1355 931 1379 968 l.
1411 931 1434 967 l.
1463 943 1503 978 p.
1549 936 1597 974 40
1625 939 1742 970 nostr.
1765 932 1874 981 edit.,
1900 933 1968 968 ubi
1994 935 2169 970 Xanthus
2195 937 2300 984 apud

1253 988 1474 1024 Athenoeum
1505 989 1759 1037 Adramyten,
1799 991 1904 1038 apud
1938 992 2160 1039 Hesychium
2203 1005 2296 1029 vero

1254 1046 1384 1094 Gygen
1415 1047 1619 1082 mulierum
1646 1049 1908 1084 castrationem
1941 1051 2123 1087 invenisse
2157 1051 2296 1088 dicitur

1251 1116 1419 1140 narrasse
1432 1131 1442 1149 ,
1471 1105 1651 1140 alterutro
1676 1106 1762 1142 loco
1789 1107 1944 1143 fortasse
1957 1121 2036 1157 upro
2051 1101 2207 1145 Xantho
2224 1122 2296 1146 no-

1251 1163 1470 1198 minandum
1488 1163 1597 1199 fuisse
1615 1164 1873 1212 Xenophilum
1889 1172 2023 1205 censet.

1304 1221 1438 1256 Nescio
1472 1232 1519 1255 an
1546 1221 1755 1270 Xenophili
1790 1235 1930 1259 nomen
1954 1223 2222 1272 reponendum
2249 1226 2297 1261 sit

1251 1278 1354 1325 apud
1382 1279 1615 1327 Antigonum
1638 1281 1722 1316 Mir.
1755 1293 1787 1316 c.
1821 1282 1894 1317 166
1927 1282 1980 1330 (c.
2015 1281 2085 1318 151
2120 1283 2181 1320 ed.
2201 1284 2294 1319 We·

1251 1343 1378 1373 sterm.
1393 1340 1403 1385 )
1423 1350 1431 1372 :
1449 1335 1638 1386 Ζηνόφιλον
1653 1336 1688 1374 δὲ
1703 1338 1771 1387 (sc.
1787 1351 1940 1377 narrare
1956 1340 2206 1378 Callimachus
2218 1341 2291 1391 ait)

1252 1394 1286 1430 ἐν
1309 1393 1370 1442 μὲν
1405 1396 1447 1444 τῇ
1468 1393 1616 1439 πλησίον
1638 1394 1786 1442 Ἰόππης
1802 1396 1953 1449 (λίμνῃ)
1977 1399 2015 1435 οὗ
2042 1397 2145 1448 μόνον
2181 1398 2295 1436 ἐπιδέ-

1250 1455 1374 1502 χεσθαι
1396 1458 1464 1489 πᾶν
1496 1452 1617 1503 βάρος,
1638 1453 1727 1491 ἀλλὰ
1750 1454 1809 1491 καὶ
1834 1455 1932 1507 παρὰ
1950 1455 2063 1507 τρίτον
2085 1456 2157 1500 ἔτος
2182 1456 2294 1508 φέρειν

1252 1508 1357 1558 ὑγρὰν
1375 1508 1569 1560 ἄσφαλτον·
1596 1509 1677 1548 ὅταν
1711 1510 1747 1548 δὲ
1767 1511 1932 1564 γίγνηται.
1946 1516 2064 1560 τοῦτο,
2095 1512 2192 1564 παρὰ
2224 1516 2295 1557 τοῖς

1253 1567 1344 1610 ἐντὸς
1369 1568 1554 1619 τριάκοντα
1582 1569 1731 1606 σταδίων
1747 1572 1900 1608 οἰκοῦσιν
1932 1573 2295 1623 κατιοῧσθαιχαλκώ-

1251 1641 1359 1676 ματα.
1380 1628 1434 1664 Cf.
1449 1628 1611 1664 Diodor.
1635 1630 1744 1676 XIX,
1766 1630 1837 1677 983
1859 1629 1994 1666 Strabo
2011 1632 2123 1676 XVI,
2141 1644 2181 1679 p.
2202 1631 2291 1678 763.

1250 1706 1302 1713 —
1316 1688 1370 1722 De
1388 1688 1608 1734 Xenophilo
1624 1688 1860 1724 Chalcidensi
1891 1696 1928 1724 et
1941 1691 1994 1726 X.
2017 1688 2293 1739 Cyzicenova-

1252 1745 1438 1794 thagoreis
1458 1758 1493 1783 v,
1518 1746 1667 1783 Fabrie.
1686 1748 1728 1784 B.
1752 1745 1819 1783 Gr.
1838 1749 1876 1792 Ι,
1899 1760 1936 1795 p.
1960 1747 2036 1796 879
2057 1748 2162 1784 Harl.

1664 1877 1879 1892 m*-

1657 1973 1797 2028 ΖΕΝ
1802 1972 1883 2028 IS.

1624 2089 1743 2127 ΠΕΡΙ
1775 2090 1911 2127 ΧιοΥ.

1300 2190 1497 2226 Athenaeus
1505 2191 1613 2236 XIII,
1627 2205 1663 2240 p.
1674 2192 1745 2228 661
1755 2221 1764 2239 ‚
1774 2194 1822 2229 F:
1846 2191 1988 2238 Καὶτὴν
2000 2191 2085 2245 πρὸς
2095 2191 2291 2240 Ἀθηναίους

1246 2247 1276 2284 δ’
1292 2246 1418 2299 ἔχθραν
1436 2247 1619 2286 διελύσατο
1638 2249 1774 2296 Μίνως,
1794 2249 1921 2302 καίπερ
1936 2249 1993 2288 ἐπὶ
2013 2249 2151 2303 θανάτῳ
2167 2251 2291 2294 παιδὸς

1245 2310 1435 2351 συστᾶσαν,
1457 2305 1606 2351 Θησέως
1627 2307 1800 2358 ἐρασθεὶς,
1827 2307 1886 2344 καὶ
1901 2307 1963 2354 τὴν
1986 2308 2160 2358 θυγατέρα
2175 2307 2287 2361 τούτῳ

1243 2369 1389 2413 γυναῖκα
1422 2362 1529 2401 ἔδωκε
1556 2363 1731 2416 Φαίδραν,
1766 2367 1811 2408 ὡς
1832 2365 1934 2412 Ζηνὶς
1967 2364 1989 2412 ἢ
2026 2367 2156 2413 Ζηνεύς
2181 2382 2286 2420 φησιν

1243 2424 1260 2458 ὁ
1279 2423 1362 2463 Χῖος
1376 2423 1408 2458 ἐν
1424 2424 1472 2474 τῷ
1491 2422 1579 2474 Περὶ
1596 2425 1656 2468 τ’ἥς
1674 2423 1838 2476 πατρίδος
1855 2424 2120 2476 συγγράμματι.

1297 2483 1419 2526 Ζῆνις,
1455 2495 1557 2518 nom.
1578 2496 1730 2531 propr„
1755 2493 1987 2520 memoratur
2026 2484 2207 2523 Choerob.
2249 2485 2289 2520 in

1238 2540 1352 2576 Bekk.
1381 2543 1451 2577 An.
1475 2541 1538 2577 Gr.
1558 2554 1596 2589 p.
1629 2554 1642 2576 1
1656 2542 1740 2589 193.
1757 2544 1865 2578 Zenis
1884 2543 2114 2588 Dardanius,
2132 2543 2289 2580 AEolidjs

141 2599 231 2650 δρῶν
245 2598 447 2649 περισχίσαι
463 2599 521 2636 καὶ
548 2598 756 2651 προσπτύειν
774 2600 926 2641 πολλοῖς.
948 2599 1043 2645 Αὐτὴ
1066 2599 1102 2636 δὲ
1119 2599 1176 2636 τὸν
1237 2607 1404 2647 satrapa,
1422 2612 1484 2647 ap.
1507 2601 1752 2648 Xenophout.
1776 2602 1870 2638 nell.
1892 2603 1963 2646 III,
1990 2614 2024 2646 1,
2049 2614 2108 2637 10.

140 2657 211 2693 υἱὸν
238 2657 317 2693 ὅσον
347 2656 488 2694 ἐδύνατο
520 2657 762 2707 κατέστελλεν,
784 2657 860 2700 τοὺς
881 2657 916 2694 δὲ
934 2656 1176 2708 ὑδριζομένους

524 2766 585 2804 CH
595 2766 791 2804 ROMCA.

181 2851 336 2888 Assyria,
377 2850 559 2890 Babylonia.
603 2851 745 2883 Primum
778 2851 953 2882 vocabatur
993 2851 1178 2891 Euphratis,

138 2901 252 2932 deinde
266 2901 411 2933 Chaldaea
424 2926 431 2939 ‚
446 2904 639 2942 postremum
655 2903 695 2934 ab
711 2907 809 2934 Asuro
822 2903 892 2934 susi
907 2903 970 2934 filio
982 2903 1105 2942 Assyria
1116 2926 1125 2942 ‚
1145 2904 1180 2934 ut

139 2956 333 2986 Xenocrates
350 2954 380 2984 in
396 2955 497 2994 primo
512 2955 742 2986 Chronicorum
757 2958 869 2986 auctor
885 2957 942 2987 est.

379 3044 444 3081 DE
468 3044 631 3083 REBUS
657 3044 928 3083 LYDORUM.

185 3134 284 3175 Lyde.
312 3136 399 3165 Hanc
415 3133 626 3173 Xenophilus,
644 3134 699 3174 qui
718 3134 850 3174 Lydicas
875 3135 1020 3166 historias
1035 3136 1176 3176 scripsit,

137 3195 270 3218 uxorem
285 3187 316 3216 et
338 3194 477 3217 somrein
494 3185 671 3225 Smiyattis,
694 3187 749 3225 qui
769 3187 866 3218 Croesi
884 3196 963 3218 avus
978 3188 1066 3227 erat,
1083 3188 1178 3220 fuisse

136 3240 214 3272 dicit
242 3239 339 3271 Filius
351 3239 419 3279 ejus
433 3239 591 3278 Alyattes,
606 3239 703 3279 patris
721 3240 752 3270 in
776 3249 870 3279 regno
887 3249 1060 3280 successor,
1078 3243 1177 3273 tantoe

137 3293 196 3324 t'uit
210 3291 402 3329 insolentiae,
422 3291 456 3322 ut
470 3292 571 3322 vestes
587 3292 727 3321 virorum
747 3291 921 3330 primorum
941 3293 1175 3333 proscinderet,

137 3343 318 3384 multosque
340 3345 537 3383 conspueret.
564 3344 649 3383 Lyde
665 3352 741 3374 vero
758 3344 914 3383 quantum
934 3346 1056 3384 poterat
1075 3346 1175 3378 tilium

136 3396 357 3437 compescebat
379 3396 556 3436 iniuriaque
573 3396 703 3428 affectos
715 3399 748 3428 et
768 3398 871 3428 verbis
887 3398 980 3430 bouis
995 3402 1023 3431 ct
1045 3401 1172 3432 actioni·

1294 2658 1461 2704 Subjicio
1495 2659 1621 2694 locum
1646 2661 1805 2705 AEliani,
1831 2673 1909 2707 (suo
1939 2660 2142 2695 laudantur
2163 2659 2194 2695 οἱ
2227 2656 2288 2702 τὰς

1242 2764 1300 2795 bus
1316 2764 1590 2802 remunerabatur,
1604 2765 1636 2795 et
1660 2773 1785 2795 summa
1801 2765 1952 2795 comitate
1979 2772 2052 2804 erga
2077 2763 2178 2795 filium
2193 2765 2287 2796 utens

1241 2823 1388 2854 magnum
1403 2815 1450 2846 sui
1465 2823 1606 2846 amorem
1620 2815 1651 2846 in
1661 2824 1699 2846 eo
1707 2815 1866 2846 excitavit.
1885 2818 1922 2846 Et
1933 2815 2105 2855 quumjam
2117 2815 2193 2854 satis
2202 2823 2236 2846 se
2245 2815 2286 2846 ab

1240 2874 1278 2896 eo
1292 2866 1431 2896 adamari
1445 2866 1586 2897 crederet
1595 2889 1604 2904 ,
1618 2865 1834 2897 infirmitatem
1842 2867 2021 2905 praetexens
2030 2865 2102 2896 cibo
2114 2866 2145 2896 et
2156 2865 2285 2905 reliquis

1239 2918 1426 2949 abstinebat.
1439 2919 1522 2948 Tum
1542 2918 1631 2949 iilum
1653 2918 1842 2949 assidentem
1864 2918 1892 2949 ei
1908 2918 2048 2957 itemque
2062 2917 2170 2949 cibum
2189 2926 2281 2949 recu-

1236 2971 1360 3000 santem
1383 2968 1462 2999 adeo
1479 2969 1645 2999 remissum
1669 2969 1804 3001 evasisse
1826 2970 2068 3008 mutatumque,
2085 2969 2122 2999 ut
2134 2969 2281 3009 oequissi·

1239 3030 1312 3052 inus
1327 3030 1364 3052 ac
1375 3021 1567 3059 justissimus
1585 3021 1685 3052 tieret.

1645 3141 1711 3179 DE
1732 3140 1869 3179 CHIO.

1276 3248 1462 3280 Inimicitias
1487 3247 1638 3279 adversus
1664 3247 1887 3285 Athenienses,
1910 3248 1983 3280 licet
2007 3248 2049 3280 ob
2074 3248 2127 3280 filii
2154 3249 2274 3282 caedem

1235 3301 1414 3340 susceptas,
1441 3299 1621 3339 composuit
1646 3300 1770 3338 Minos,
1799 3299 1912 3331 Thesei
1936 3308 2044 3332 amore
2072 3303 2200 3341 captus,
2225 3301 2277 3332 cui

1235 3353 1330 3383 etiam
1349 3352 1444 3384 titiam
1466 3352 1630 3383 Phaedram
1647 3361 1779 3383 uxorem
1793 3352 1897 3392 dedit,
1915 3353 1950 3383 ut
1973 3352 2064 3385 Zenis
2078 3352 2144 3385 sive
2155 3355 2277 3386 Zeneus

1235 3403 1332 3436 Chius
1344 3403 1389 3435 ait
1411 3404 1443 3435 in
1457 3403 1539 3435 libro
1552 3412 1646 3444 quem
1663 3405 1707 3435 De
1720 3403 1821 3444 patria
1835 3403 1967 3444 scripsit.
