2326 3724
1025 228 1357 269 FRAGMENTA.
1402 278 1404 280 V

69 320 250 357 Athenaeo
269 326 341 366 est,
360 319 551 369 colligitur
563 318 652 356 inde
665 345 676 365 ‚
695 325 799 355 aetate
813 318 987 355 nonnihil
1009 329 1125 367 supe-

69 379 210 416 riorem
229 379 480 428 Theopompo
509 378 621 415 fuisse
646 378 851 416 Alcimum.
879 393 894 410 »
927 376 1124 423 Schweio-

71 438 233 478 hoeuser.
258 438 301 474 in
322 437 453 475 Indice
480 444 597 474 auctt.
614 437 750 475 Athen.

578 564 615 602 6.

126 679 258 727 Festus
269 693 312 730 p.
333 679 410 718 266
427 679 487 719 ed.
504 681 656 719 Miiller.
682 693 691 717 τ
710 681 875 716 Alcimus
887 683 943 716 ait
963 679 1126 728 Tyrrhe-

74 741 139 774 ηἱα
169 741 303 776 AEneoe
326 742 456 776 natum
472 740 599 786 filium
627 741 823 776 Romulum
841 738 981 786 fuisse,
1016 747 1128 787 atque

73 810 117 834 eo
130 806 248 834 ortum
264 799 401 834 Albam
418 801 552 834 AEneoe
566 807 723 848 neptem,
743 803 845 846 cujus
853 799 962 847 filius
979 802 1128 834 nomine

73 855 237 893 Rhomus
259 855 368 907 (cod.
386 857 565 908 Rhodius)
590 859 795 895 condiderit
811 859 936 894 urbem
953 859 1124 894 Romam.

397 982 536 1022 ΠΡΟΣ
564 983 815 1024 ΑΜΥΝΤΑΝ
863 1027 865 1030 ,

414 1094 562 1147 βι6λία
583 1094 794 1149 τέτταρα.

588 1220 623 1253 7.

131 1321 296 1370 Diogen.
313 1321 442 1357 Laert.
459 1320 531 1369 111,
550 1332 587 1369 9,
606 1320 654 1357 de
672 1321 830 1357 Platone
848 1334 856 1357 :
878 1318 1002 1359 Πολλὰ
1019 1319 1055 1359 δὲ
1072 1321 1132 1360 καὶ

79 1379 165 1430 παρ’
198 1376 428 1430 Ἐπιχάρμου
455 1380 515 1415 τοῦ
543 1378 810 1430 κωμῳδιοποιοῦ
836 1378 1130 1432 προσωφέληται,

79 1436 125 1475 τὰ
143 1438 293 1475 πλεῖστα
311 1435 556 1489 μεταγράψας,
583 1436 676 1475 καθά
696 1452 799 1488 φησιν
826 1434 991 1489 Ἄλκιμος
1011 1439 1046 1476 ἐν
1062 1444 1133 1483 τοῖς

80 1495 166 1549 πρὸς
182 1493 371 1547 Ἀμύνταν,
383 1495 406 1534 ἅ
423 1497 497 1533 ἐστι
509 1494 673 1547 τέτταρα.
686 1495 799 1535 Ἔνθα
816 1496 877 1535 καὶ
890 1499 924 1536 ἐν
938 1499 988 1550 τῷ
1004 1497 1133 1551 πρώτῳ

81 1554 169 1607 φησὶ
187 1558 318 1593 ταῦτα·
339 1572 356 1588 «
388 1553 563 1594 Φαίνεται
591 1552 628 1593 δὲ
651 1553 713 1592 καὶ
745 1554 894 1594 Πλάτων
920 1555 1035 1594 πολλὰ
1064 1558 1132 1594 τῶν

84 1611 313 1664 Ἐπιχάρμου
337 1611 470 1663 λέγων·
501 1611 670 1651 σκεπτέον
699 1612 750 1654 δέ.
779 1612 824 1653 Ὁ
846 1613 999 1653 Πλάτων
1029 1630 1132 1668 φησιν

83 1671 248 1718 αἰσθητὸν
269 1669 332 1722 μὲν
353 1665 441 1710 εἶναι
465 1670 505 1710 τὸ
528 1671 706 1722 μηδέποτε
733 1687 767 1710 εν
794 1673 844 1710 τῶ
867 1675 956 1725 ποιῷ
977 1672 1065 1724 μηδὲ
1084 1690 1134 1727 τῳ

83 1731 183 1782 ποσῷ
203 1729 378 1780 διαμένον,
405 1731 483 1768 ἀλλ’
511 1729 564 1768 ἀεὶ
593 1729 669 1783 ῥέον
695 1730 755 1768 καὶ
775 1731 1015 1782 μεταὸάλλον
1035 1733 1082 1776 ὡς
1101 1712 1135 1778 ἐξ

84 1783 133 1826 ὧν
153 1787 194 1826 ἄν
210 1803 261 1832 τις
285 1789 390 1840 ἀνέλῃ
413 1787 470 1827 τὸν
498 1788 659 1841 ἀριθμὸν,
687 1788 817 1828 τούτων
846 1789 925 1829 οὔτε
952 1789 1036 1829 ἴσων
1058 1791 1135 1831 οὔτε

82 1848 185 1885 τινῶν
205 1845 285 1885 οὔτε
312 1849 430 1885 ποσῶν
459 1846 537 1885 οὔτε
563 1849 671 1886 ποιῶν
687 1846 811 1888 ὄντων.
843 1851 967 1888 Ταυτα
996 1851 1026 1888 δ’
1045 1849 1136 1889 ἔστιν

85 1898 134 1944 ὧν
155 1905 209 1943 ἀεὶ
228 1905 378 1958 γένεσις,
398 1906 497 1945 οὗσία
515 1905 550 1944 δὲ
568 1906 743 1957 μηδέποτε
771 1906 918 1961 πέφυκε.
942 1909 1079 1956 Νοητὸν
1100 1909 1134 1948 δὲ

86 1958 125 2002 οὗ
141 1962 287 2013 μηδὲν’
268 1965 469 2016 απογίνεται
490 1965 577 2014 μηδὲ
597 1965 834 2017 προσγίνεται.
854 1968 928 2005 Γ
890 1981 970 2005 ουτο
992 1968 1022 2005 δ’
1043 1967 1136 2006 ἔστιν

87 2025 108 2069 ἡ
127 2024 196 2060 τῶν
213 2022 333 2062 ἀϊδίων
354 2022 455 2075 φύσις
469 2053 480 2074 ,
508 2022 551 2070 ἣν
574 2023 699 2074 ὁμοίαν
721 2039 760 2062 τε
791 2023 850 2062 καὶ
869 2023 931 2071 τὴν
952 2025 1059 2072 αὐτὴν
1084 2028 1139 2065 ἀεὶ

2153 229 2228 264 297

1187 314 1409 365 συμῧέὸηκεν
1430 309 1530 354 εἶναι.
1555 314 1628 353 Καὶ
1650 313 1717 361 μὴν
1734 314 1754 352 ὅ
1767 329 1805 366 γε
1826 314 2046 369 Ἐπίχαρμος
2065 315 2231 370 περὶτῶν

1188 374 1362 420 αἰσθητῶν
1381 373 1440 411 καὶ
1460 373 1591 420 νοητῶν
1612 373 1765 425 ἐναργῶς
1784 372 1919 425 εἴρηκεν
1931 389 1939 397 ·

1231 493 1268 523 A.
1291 490 1364 522 Ἀλλ’
1381 490 1430 522 ἀεὶ
1445 491 1492 521 τοὶ
1509 490 1571 522 θεοὶ
1585 492 1742 530 παρῆσαν,
1755 489 1903 521 ὑπέλιπον
1919 489 1983 522 δὀὐ
1996 491 2133 522 πώποκα
2143 500 2150 508 ·

1289 536 1363 568 τάδε
1375 535 1402 568 δ’
1418 536 1465 568 ἀεὶ
1477 535 1605 577 πάρεσθ’
1619 536 1713 578 ὅμοια
1722 560 1732 576 ,
1755 536 1807 567 διά
1821 547 1854 568 τε
1866 541 1928 568 τῶν
1945 537 2045 568 αὐτῶν
2058 537 2117 568 ἀεί.

1233 585 1270 616 Β.
1294 582 1383 615 Ἀλλὰ
1401 584 1520 623 λέγεται
1536 583 1596 624 μὰν
1613 583 1689 624 χάος
1704 586 1819 625 πρᾶτον
1835 583 1975 623 γενέσθαι
1989 586 2050 614 τῶν
2064 584 2151 614 θεῶν.

1231 630 1270 663 Α“.
1291 632 1364 667 Πῶς
1375 630 1418 669 δ’;
1432 630 1593 671 ἀμάχανον
1603 630 1632 670 γ’
1643 630 1697 662 ἀπ’
1712 630 1829 666 οὔτινος
1843 630 1926 670 εἶμεν
1940 630 1957 661 ὅ
1970 641 1998 661 τι
2011 633 2126 670 πρᾶτον
2137 629 2236 670 μόλοι.

1232 679 1268 710 Β.
1290 678 1361 710 Οὐκ
1374 678 1394 709 ἆ
1413 678 1422 691 ’
1436 678 1527 718 ἔμολε
1542 681 1659 719 πρᾶτον
1673 677 1781 717 οὐδέν;
1798 680 1835 710 A.
1851 677 1931 709 Οὐδὲ
1946 677 1989 716 μὰ
2006 677 2065 708 Δία
2075 676 2213 718 δεύτερον

1293 725 1390 756 τῶνδέ
1396 689 1431 766 ἦ
1446 725 1490 756 ὧν
1504 725 1602 766 ἄμμες
1615 725 1668 756 νὺν
1684 725 1744 756 ὧδε
1757 725 1894 764 λέγομες.
1914 723 1999 755 Ἀλλὰ
2011 723 2076 764 τᾷδ’
2094 723 2177 764 ἄθρει
2187 732 2194 739 ·

1291 772 1324 804 αἶ
1336 771 1407 803 ποτ’
1419 772 1546 813 ἀριθμόν
1561 783 1608 808 τις
1623 772 1782 813 περισσὸν,
1797 772 1829 802 αἱ
1842 771 1874 802 δὲ
1890 772 1943 812 λῇς
1953 794 1962 808 ,
1977 771 2033 801 τιν’
2052 770 2155 811 ἄρτιον

1292 818 1453 859 ποτιθέμεν
1465 819 1503 861 λῇ
1521 820 1622 860 ψᾶφον
1638 819 1658 857 ἢ
1675 819 1727 849 καὶ
1743 821 1799 849 τᾶν
1814 819 2009 858 ὑπαρχοισᾶν
2029 817 2145 855 λαὸεῖν,

1295 865 1315 904 ἦ
1333 866 1418 897 δοκεῖ
1429 866 1471 897 κά
1485 877 1532 898 τοι
1548 866 1620 908 ’πόχ’
1633 866 1732 902 ωὑτὸς
1746 865 1847 906 εἷμεν;
1862 865 1896 896 Β.
1913 865 1980 896 Οὐκ
1996 863 2106 904 ἐμίνγα
2122 874 2176 895 κα.

1232 916 1270 945 A.
1295 912 1374 944 Ουδὲ
1388 912 1448 954 μὰν
1462 913 1524 944 οὐδ’
1540 913 1572 944 αἰ
1585 913 1654 944 ποτὶ
1670 923 1704 953 με
1707 922 1778 954 τρον
1789 914 1943 968 παχυαῖον
1956 910 2117 968 πρτιθέμεν

1296 960 1333 998 λῇ
1349 971 1394 995 τις
1410 960 1458 991 ἕτε
1444 970 1511 1000 ρον
1533 962 1630 1000 μᾶκος
1644 961 1663 998 ἢ
1677 962 1722 990 τῶ
1736 958 1845 1000 πρόσθ’
1856 958 1958 994 ἐόντος
1971 958 2156 1015 ἀποταμεῖν,

1295 1007 1339 1038 ἔτι
1351 1006 1381 1047 χ’
1388 1006 1525 1047 υπάρχοι
1535 1010 1608 1044 τῆνο
1617 1007 1653 1037 τὸ
1665 1006 1785 1047 μέτρον;
1800 1005 1899 1037 Β.οὐ
1908 1004 1978 1045 γάρ
1990 1007 2026 1036 A.
2032 995 2110 1036 Ωδε
2122 1006 2175 1035 νῦν
2185 1003 2241 1044 ὅρη

1296 1054 1348 1084 καὶ
1365 1053 1415 1089 τὸς
1432 1053 1613 1093 ἀνθρωπως·
1626 1053 1643 1084 ὃ
1659 1053 1712 1093 μὲν
1722 1053 1781 1109 γὰρ
1793 1052 1908 1091 αὔξεθ’,
1922 1051 1939 1082 ὃ
1954 1052 1987 1083 δέ
2002 1061 2043 1092 γα
2060 1051 2120 1092 μὰν
2133 1049 2239 1091 φθίνεκ

1296 1100 1327 1131 ἐν
1346 1101 1522 1141 μεταλλαγᾷ
1537 1100 1570 1131 δὲ
1588 1100 1699 1136 πάντες
1719 1099 1779 1131 ἐντὶ
1795 1101 1898 1131 πάντα
1912 1099 1965 1130 τὸν
1981 1097 2101 1139 χρόνον.

1296 1146 1338 1178 ’Ὀ
1352 1147 1384 1178 δὲ
1402 1146 1606 1187 μεταλλάσσει
1623 1146 1705 1177 κατὰ
1720 1146 1810 1184 φύσιν
1827 1145 1958 1176 κοῦποκ’
1976 1145 2007 1176 ἐν
2020 1144 2124 1185 ταύτῷ
2139 1142 2240 1184 μένει,

1297 1194 1398 1235 ἕτερον
1413 1193 1460 1231 εἴη
1476 1204 1518 1224 κα
1535 1193 1600 1225 τόδ’
1615 1193 1674 1231 ἤδη
1693 1195 1737 1223 τῶ
1750 1191 2026 1231 παρεξεστακότος.

1298 1241 1360 1272 Καὶ
1374 1240 1409 1272 τὺ
1423 1240 1460 1277 δὴ
1474 1240 1563 1280 κάγὼ
1577 1239 1649 1280 χθὲς
1665 1239 1750 1270 ἄλλοι
1766 1239 1818 1270 καὶ
1831 1239 1883 1270 νὺν
1897 1238 1983 1269 ἄλλοι
1996 1237 2153 1277 τελέθομες
2162 1259 2172 1275 ,

1297 1285 1403 1323 καῦθις
1417 1286 1502 1318 ἄλλοι
1516 1284 1650 1327 κοῦποχ’
1664 1286 1758 1317 ωὑτοὶ
1772 1285 1884 1317 καττὸν
1899 1284 1991 1317 αὐτὸν
2007 1283 2047 1316 αὖ
2060 1284 2163 1324 λόγον.
2183 1295 2198 1311 υ

1194 1383 1277 1424 Ἔτι
1296 1386 1400 1439 φησιν
1421 1389 1439 1425 ὁ
1457 1385 1623 1436 Ἄλκιμος
1639 1386 1700 1425 καὶ
1715 1385 1827 1424 ταυτί·
1841 1403 1856 1422 α
1875 1386 1994 1425 Φασιν
2014 1387 2045 1424 οἱ
2062 1383 2159 1438 σοφοὶ
2179 1400 2241 1430 την

1194 1443 1311 1496 ψυχὴν
1339 1444 1384 1483 τὰ
1410 1444 1473 1496 μὲν
1505 1445 1562 1483 διὰ
1601 1449 1657 1484 τοῦ
1699 1444 1860 1495 σώματος
1892 1443 2137 1490 αἰσθάνεσθαι,
2171 1457 2240 1482 οιον

1197 1501 1406 1550 ἀκούουσαν,
1438 1502 1655 1554 βλέπουσαν·
1674 1501 1719 1541 τὰ
1739 1504 1768 1541 δ’
1790 1501 1897 1549 αὐτὴν
1917 1505 1995 1540 καθ’
2016 1501 2125 1548 αυτὴν
2146 1503 2244 1540 ἐνθυ-

1197 1563 1355 1610 μεῖσθαι,
1376 1560 1484 1612 μηδὲν
1501 1563 1550 1599 τῶ
1571 1562 1709 1612 σώματι
1725 1560 1924 1635 χρωμένην.
1942 1559 2004 1599 Διὸ
2024 1576 2084 1598 και
2102 1562 2169 1598 τῶν
2184 1558 2244 1598 ὅν-

1195 1634 1263 1656 των
1283 1618 1327 1657 τὰ
1348 1619 1411 1670 μὲν
1431 1619 1580 1666 αἰσθητὰ
1597 1623 1704 1667 εἶναι,
1722 1619 1767 1658 τὰ
1787 1619 1822 1657 δὲ
1840 1618 1960 1666 νοητά.
1982 1611 2086 1657 ’ΜΩν
2067 1634 2167 1656 ενεκα
2185 1617 2246 1656 καὶ

1198 1676 1348 1716 Πλάτων
1370 1678 1486 1730 ἔλεγεν
1516 1679 1565 1717 ὅτι
1595 1679 1645 1717 δεῖ
1664 1694 1741 1722 τους
1766 1678 1914 1715 συνιδεῖν
1939 1676 2000 1722 τὰς
2030 1680 2089 1715 τοῦ
2116 1676 2244 1719 παντὸς

1199 1735 1311 1788 ἀρχὰς
1326 1737 1581 1787 επιθυμοῧντας
1595 1738 1757 1790 πρῶτον
1752 1735 1812 1775 μὲν
1833 1734 1940 1780 αὐτὰς
1956 1737 2032 1774 καθ’
2051 1735 2193 1778 αὑτὰς
2175 1750 2247 1773 οιε-

1197 1794 1317 1832 λέσθαι
1338 1794 1400 1839 τὰς
1417 1795 1531 1847 ἰδέας,
1550 1799 1620 1834 οῖον
1638 1794 1829 1846 ὁμοιότητα
1843 1794 1902 1834 καὶ
1923 1794 2057 1845 μονάδα
2079 1809 2139 1832 και
2156 1794 2246 1839 πλῆ-

1199 1855 1253 1896 θος
1275 1853 1334 1891 καὶ
1356 1854 1498 1926 μέγεθος
1514 1854 1574 1893 καὶ
1592 1854 1715 1892 στάσιν
1736 1853 1795 1892 καὶ
1815 1853 1969 1900 κίνησιν·
1985 1851 2143 1904 δεύτερον
2162 1852 2247 1889 αὐτὸ

1199 1912 1275 1950 καθ’
1290 1912 1375 1950 αὑτὸ
1389 1913 1428 1950 τὸ
1442 1912 1549 1951 καλὸν
1563 1913 1623 1951 καὶ
1638 1912 1763 1964 ἀγαθὸν
1780 1912 1840 1950 καὶ
1855 1911 1985 1950 δίκαιον
1999 1910 2059 1949 καὶ
2074 1910 2119 1949 τὰ
2133 1913 2247 1948 τοιαῦ-

1201 1985 1243 2007 τα
1282 1971 1486 2010 &messem-
1508 1972 1636 2044 Ντρίτον
1655 1974 1724 2010 τῶν
1753 1973 1851 2009 ἰδεῶν
1885 1971 2030 2008 συνιδεῖν
2058 1969 2137 2007 ὅσαι
2163 1967 2248 2021 πρὸς

1200 2029 1355 2076 ἀλλήλας
1371 2030 1474 2081 εἰσὶν,
1494 2024 1593 2069 οῖον’
1578 2045 1776 2081 επιστημην
1794 2028 1816 2076 ἢ
1835 2028 1975 2080 μέγεθος
1989 2028 2010 2075 ἢ
2031 2028 2246 2067 δεσποτείαν·

435 2180 506 2220 AD
534 2178 794 2219 AMYNTAM

473 2276 558 2309 libri
577 2277 758 2318 quattuor.

597 2364 632 2397 7.

132 2447 236 2481 Multo
246 2447 308 2480 fuit
318 2447 443 2480 Platoni
453 2446 551 2479 etiam
562 2446 776 2487 Epicharmus
786 2446 930 2478 comicus
939 2446 1140 2486 adjument0,

91 2501 184 2542 cuius
195 2501 334 2543 plurima
345 2500 564 2541 transcripsit,
584 2501 622 2532 ut
637 2499 782 2532 Alcimus
797 2499 831 2532 in
847 2500 885 2532 iis
901 2500 990 2532 libris
1004 2508 1087 2540 quos
1102 2499 1143 2531 ad

92 2555 267 2598 Amyntam
290 2553 417 2594 scripsit
440 2553 596 2593 quattuor
617 2560 765 2592 numero,
790 2551 949 2584 meminit.
969 2553 1090 2583 Eorum
1110 2551 1143 2582 in

93 2605 196 2646 primo
208 2606 253 2638 ita
265 2604 409 2646 loquitur
424 2613 432 2636 :
451 2616 467 2632 ιι
482 2604 615 2636 Constat
630 2605 740 2635 autem
757 2604 789 2635 et
801 2603 968 2635 Platonem
978 2602 1145 2643 complura

92 2658 153 2691 sibi
168 2658 209 2690 de
222 2657 403 2699 Epicharmi
416 2656 504 2697 libris
514 2664 686 2689 assumere.
703 2655 740 2688 ld
751 2665 827 2688 vero
843 2655 1073 2696 dispiciendum
1087 2656 1144 2687 est.

94 2710 248 2743 sensibile
257 2710 368 2743 asserit
393 2710 484 2742 Plato
494 2734 503 2749 ,
527 2709 614 2751 quod
636 2711 692 2741 aut
707 2708 741 2740 in
757 2709 911 2749 qualitate
926 2708 1029 2740 autin
1044 2717 1145 2748 quan-

96 2762 187 2795 titate
203 2771 371 2803 nunquam
385 2762 550 2803 persistat,
564 2761 619 2793 sed
635 2760 762 2792 diffluat
774 2766 900 2801 semper
913 2762 1011 2801 atque
1025 2760 1145 2791 immu-

93 2814 183 2847 tetur
200 2825 208 2846 :
225 2812 326 2845 veluti
340 2812 367 2844 si
385 2821 557 2844 numerum
573 2820 615 2844 ex
630 2812 668 2844 iis
682 2812 812 2852 tuleris,
833 2820 907 2852 quae
920 2820 1025 2852 neque
1037 2820 1146 2852 aequa-

96 2866 138 2898 lia
150 2889 160 2905 ,
194 2874 301 2906 neque
328 2864 436 2906 aliqua
447 2889 456 2905 ,
481 2872 587 2906 neque
615 2864 737 2904 quanta
747 2887 757 2903 ‚
789 2871 894 2903 neque
926 2863 1034 2903 qualia
1059 2864 1143 2894 sunt.

98 2919 197 2949 Porro
220 2917 280 2949 ista
303 2917 378 2949 sunt
401 2924 541 2957 quorum
562 2924 687 2956 semper
714 2915 876 2955 generatio
898 2916 964 2954 est,
981 2923 1147 2954 nunquam

100 2976 176 3000 vero
190 2966 378 2999 substantia.
393 2966 594 3007 lntelligibile
614 2975 693 2998 vero
704 2989 713 3005 ,
728 2966 780 2997 cui
798 2965 878 2997 nihil
893 2966 943 2997 vel
954 2965 1081 2997 decedit
1096 2966 1147 2997 vel

59 3011 61 3014 ’
98 3019 231 3052 accedit.
245 3019 316 3050 Hoc
328 3020 435 3050 autem
446 3019 714 3059 sempiternorum
731 3019 848 3049 natura
866 3019 915 3050 est
925 3041 934 3057 ,
948 3025 1046 3057 quam
1059 3016 1147 3048 simi-

100 3071 163 3104 lem
176 3074 274 3111 atque
286 3070 419 3102 eandem
430 3079 556 3111 semper
566 3079 634 3102 esse
644 3069 810 3110 contingit.
825 3069 923 3109 Atqui
938 3068 1149 3109 Epicharmus

100 3123 153 3156 de.
166 3123 367 3156 sensibilibus
386 3124 485 3163 atque
504 3123 756 3163 intelligibilibus
769 3130 917 3163 expresse
946 3121 1091 3161 loquitur
1115 3121 1149 3151 in

102 3176 185 3207 hanc
196 3175 388 3208 senteutiam
402 3188 409 3208 t

138 3284 172 3311 A.
194 3284 306 3319 Nempe
318 3282 350 3311 di
362 3289 478 3318 semper
491 3282 615 3312 fuerunt
626 3284 715 3320 atque
730 3289 884 3319 nunquam
894 3280 1095 3310 intercident:

191 3327 255 3358 baec
264 3335 330 3364 quae
343 3328 412 3357 dico
422 3328 538 3365 semper
551 3328 638 3357 nobis
646 3328 736 3357 rebus
746 3328 778 3356 in
792 3327 886 3356 isdem
900 3334 930 3355 se
942 3326 1091 3355 exhibent.

142 3375 173 3401 B.
191 3374 340 3402 Exstitisse
354 3373 404 3402 scd
414 3373 541 3402 deorum
554 3374 684 3410 primum
698 3373 873 3409 perhibetur
884 3372 989 3400 chaos,

143 3421 176 3447 Α.
198 3418 328 3454 Quinam
338 3420 430 3448 vero?
444 3427 513 3448 nam
527 3419 565 3448 de
573 3419 667 3448 nihilo
681 3419 724 3447 nil
739 3421 809 3456 pote
821 3418 952 3454 primum
965 3417 1115 3446 exsistere.

1236 2142 1269 2169 B.
1291 2142 1371 2177 Ergo
1382 2145 1507 2170 necerat
1520 2142 1651 2178 primum
1660 2141 1823 2178 quidquam
1831 2141 1844 2168 ζ’
1855 2143 1889 2169 A.
1903 2142 1964 2169 Nec
1975 2140 2066 2176 magis
2077 2138 2197 2168 hercule
2207 2138 2247 2166 al-

2089 2187 2196 2219 [terum

1290 2240 1395 2262 eorum
1408 2241 1474 2271 quae
1489 2242 1572 2264 nunc
1581 2234 1763 2272 appellamus
1776 2241 1878 2263 rerum
1892 2233 2022 2263 nomine.
2038 2234 2109 2261 Haec
2124 2239 2195 2260 vero
2208 2231 2250 2259 ita

2093 2277 2173 2314 [vide
2187 2287 2196 2304 ι

1291 2332 1373 2353 sume
1379 2332 1540 2354 numerum
1551 2346 1558 2359 ,
1570 2333 1748 2362 quemquem
1755 2325 1855 2360 libeat,
1867 2325 1915 2354 vel
1922 2331 2023 2361 parem
2030 2323 2076 2352 vel
2088 2324 2230 2359 imparem
2242 2332 2250 2354 ;

1291 2370 1315 2398 si
1327 2378 1417 2407 quem
1428 2371 1499 2400 huic
1511 2371 1612 2408 cupias
1624 2378 1784 2407 aggregare
1797 2371 1968 2399 clanculum
1980 2371 2033 2398 aut
2045 2368 2212 2397 subducere
2222 2387 2231 2401 ‚

1291 2425 1330 2446 an
1340 2418 1394 2447 tibi
1410 2418 1459 2447 hic
1472 2419 1551 2447 idem
1564 2418 1704 2447 videtur?
1714 2421 1747 2447 B.
1763 2419 1788 2446 N
1791 2425 1832 2446 on
1842 2418 1914 2446 mihi
1925 2424 1998 2445 vero
2011 2416 2143 2453 quidem.

1239 2467 1273 2493 A.
1295 2465 1344 2493 Sic
1357 2467 1387 2494 et
1401 2465 1514 2501 aliquid
1527 2465 1564 2494 ad
1577 2465 1737 2494 cubitalem
1749 2465 1772 2493 si
1786 2464 1878 2493 addas
1890 2463 2143 2500 magnitudinem,

1299 2514 1350 2541 aut
1360 2512 1383 2540 si
1397 2514 1502 2541 contra
1514 2511 1632 2549 demas,
1646 2512 1749 2541 eadem
1760 2512 1824 2548 jam
1839 2518 1978 2540 mensura
1990 2518 2052 2540 non
2066 2510 2134 2545 erit,

1292 2561 1361 2588 ante
1371 2567 1436 2596 quae
1447 2558 1512 2589 ruit.
1525 2562 1558 2588 B.
1571 2559 1743 2588 Enimvero.
1762 2562 1798 2588 A.
1812 2559 1929 2587 Pariter
1942 2565 2024 2586 nunc
2038 2556 2192 2586 considera

1293 2606 1429 2635 homines
1443 2617 1451 2634 ι
1466 2606 1575 2635 horum
1595 2606 1694 2635 videas
1708 2606 1792 2634 illum
1804 2612 1955 2636 crescere,
1976 2603 2057 2632 hunc
2070 2603 2252 2632 decrescere.

1295 2654 1452 2688 Quotquot
1465 2654 1554 2685 sunt,
1571 2652 1730 2680 mutationi
1747 2653 1881 2687 tempore
1897 2649 1979 2678 omni
1991 2649 2163 2683 subjacent,

1294 2703 1325 2728 et
1335 2702 1476 2727 naturam
1489 2699 1612 2736 quisque
1625 2698 1719 2727 variat
1731 2717 1740 2732 ,
1750 2705 1813 2726 uno
1826 2704 1882 2725 uec
1893 2698 1994 2725 manet
2007 2696 2038 2724 in
2049 2697 2129 2723 statu
2139 2705 2147 2727 ς

1295 2748 1383 2782 atque
1394 2745 1472 2774 idem
1485 2748 1570 2775 estet
1581 2753 1682 2774 rursus
1692 2744 1771 2773 aliud
1783 2744 1824 2772 illi
1837 2743 1918 2780 quod
1929 2750 2012 2771 nunc
2024 2742 2141 2770 transiit
2156 2751 2163 2768 =

1294 2792 1356 2827 ipse
1370 2792 1437 2820 heri
1457 2795 1548 2827 tuque
1564 2791 1644 2820 aliud
1661 2790 1790 2822 fuimus,
1806 2788 1887 2818 aliud
1906 2795 2007 2816 sumus
2020 2787 2078 2815 hoc
2101 2789 2252 2822 tempore,

1272 2871 1274 2873 ‚
1295 2837 1464 2874 iterumque
1475 2836 1525 2866 alii
1534 2846 1541 2863 ε
1550 2843 1704 2873 nunquam
1713 2835 1808 2864 eidem
1821 2835 1975 2869 sumus‚ut
1987 2833 2063 2862 ratio
2077 2831 2226 2868 praedicat.
2239 2841 2251 2857 1·

1208 2939 1338 2972 Addidit
1359 2939 1430 2970 haec
1454 2939 1609 2979 praeterea
1625 2938 1768 2970 Alcimus
1787 2950 1793 2968 :
1821 2949 1837 2964 κ
1856 2936 1952 2968 Aiunt
1974 2935 2080 2966 autem
2099 2933 2255 2974 sapientes

1208 2991 1348 3022 animam
1377 2990 1439 3021 alia
1463 2989 1594 3029 quidem
1623 2989 1741 3021 sentire
1765 2997 1822 3028 per
1851 2995 1984 3027 corpus,
2016 2987 2092 3026 puta
2117 2983 2254 3016 videndo

1208 3045 1306 3083 atque
1334 3042 1510 3081 audiend03
1528 3042 1589 3073 alia
1610 3050 1687 3073 vero
1713 3041 1812 3081 ipsam
1839 3048 1896 3080 per
1923 3047 1956 3071 se
1983 3038 2083 3078 ipsam
2109 3035 2253 3068 animad-

1210 3097 1351 3133 vertere,
1375 3094 1464 3126 nullo
1481 3095 1623 3134 corporis
1649 3093 1756 3125 officio
1778 3093 1935 3124 utentem.
1960 3090 2118 3128 Quocirca
2143 3095 2252 3120 eorum

1210 3155 1283 3187 quae
1302 3146 1378 3177 sunt
1402 3145 1463 3176 alia
1481 3145 1625 3176 sensibus
1650 3142 1788 3184 percipi,
1809 3142 1871 3174 alia
1888 3139 2105 3180 intelligentiae
2133 3138 2254 3169 ratione

1210 3196 1446 3238 comprehendi.
1465 3198 1571 3232 Quare
1584 3195 1675 3228 Plato
1688 3202 1818 3235 quoque
1831 3194 1977 3234 oportere
1992 3190 2116 3222 dicebat
2129 3197 2183 3220 eos
2195 3187 2252 3227 qui

1211 3253 1364 3292 cuperent
1376 3259 1482 3283 rerum
1497 3251 1586 3282 initia
1603 3250 1750 3291 colligere
1759 3273 1768 3289 ‚
1781 3250 1864 3289 ipsas
1874 3249 2012 3288 primum
2025 3246 2142 3285 species
2152 3267 2160 3282 ‚
2172 3251 2251 3282 quas

1211 3305 1298 3337 ideas
1307 3306 1412 3343 vocat,
1432 3303 1609 3336 seeundum
1622 3312 1655 3335 se
1668 3303 1750 3343 ipsas
1766 3301 1967 3337 distribuere,
1982 3300 2056 3338 puta
2070 3294 2253 3327 similitudi·

1212 3366 1285 3389 nem
1312 3359 1343 3389 et
1362 3357 1517 3389 unitatem
1530 3357 1563 3388 et
1579 3354 1817 3388 multitudinem
1842 3354 1874 3384 et
1896 3349 2164 3390 magnitudinem,
2187 3347 2251 3377 sta-

1213 3411 1350 3449 tumque
1362 3410 1394 3440 et
1407 3409 1532 3440 motum
1552 3420 1558 3439 :
1574 3406 1713 3439 seeundo
1731 3406 1835 3445 ipsum
1849 3412 1905 3443 per
1917 3411 1950 3434 se
1964 3402 2066 3440 ipsum
2086 3398 2252 3430 honestum
