2326 3724
960 189 1287 229 FRAGMENTA.
1804 224 1806 226 ,
2161 191 2209 223 53

241 258 248 269 .
1510 257 1512 259 ,

54 283 99 324 τὰ
117 282 258 322 πλείονα
281 282 352 335 (τῷ
371 280 486 320 πολλὰ
503 279 566 331 Β.)
586 278 648 331 μὲν
670 278 878 332 ὑφελέσθαι,
900 276 1040 316 πλείονα
1063 276 1098 315 δὲ
1161 279 1191 315 οἱ
1224 276 1259 314 δὲ
1293 275 1430 327 ἔχοντες
1461 276 1520 320 ζῆν
1555 275 1687 323 μᾶλλον
1718 272 1739 318 ἢ
1769 272 1843 316 τοὺς
1871 302 1878 309 .
1901 304 1908 312 .
1932 303 1939 311 .
1964 274 2031 311 δεῖν
2053 273 2134 326 πυρὶ
2152 273 2212 311 καὶ

57 341 268 382 καταὸαλεῖν
286 339 470 379 συλλαὸὼν
489 337 645 383 ἀπέδειξε
662 336 798 381 δικαίας
817 335 1026 375 ἀποτίνοντα
1045 352 1097 374 τι-

44 400 187 454 μωρίας
202 403 263 438 τοῢ
282 398 374 438 κατὰ
390 397 572 452 Φράὸιθον
589 396 707 450 φόνου.
731 396 775 435 Ὁ
793 395 828 434 δὲ
843 394 955 447 Ἱέραξ
972 393 1101 434 καλού-

16 470 23 474 ”·
56 474 155 510 μενος
174 457 241 497 ὑπὸ
261 462 319 496 τοῦ
336 456 478 496 πλείονα
498 455 706 499 καταθέντος
721 454 842 507 ὥσπερ
863 457 963 492 ἀετοῦ
984 468 1100 491 συνει-

28 565 29 568 Ὶ
57 516 233 568 λημμένος
269 514 386 563 ἀηδὼν
416 510 459 562 ἧν
491 513 683 557 Ἡσιόδειος
725 515 763 552 οὗ
807 511 982 563 δυναμένη
1015 510 1102 564 πρὸς

27 604 30 610 -
56 575 234 630 κρείττονα
265 574 505 627 ἀντιφερίζειν.
538 572 610 614 Καὶ
642 572 745 616 αὐτὸς
765 571 802 610 δὲ
829 575 848 610 ὁ
876 570 976 614 ἀετὸς
1003 569 1101 609 οὐδὲν

57 633 209 688 διέφερεν
225 633 387 681 ἀηδόνος,
400 632 492 679 πλὴν
508 631 573 671 ὅσα
593 631 653 670 καὶ
674 633 721 675 εἷς
745 631 802 669 τὸν
829 634 888 668 τοῦ
910 629 1019 681 μύθου
1038 644 1102 668 κο-

57 692 147 733 λοιὸν
187 691 315 740 ἐτέλει,
349 694 418 730 τῶν
454 690 547 730 ἰδίων
580 693 717 742 πτερῶν
757 689 876 742 ὥσπερ
911 688 1103 741 ἀλλοτρίων

58 749 298 803 ἐστερημένος.

109 808 197 850 “ou
224 808 283 848 ἐπὶ
304 811 365 855 τ’ῆς
399 809 507 856 αὖτ’ἤς
535 807 711 860 βασιλίδος
742 808 805 845 οὐκ
828 799 871 853 ἦν
900 820 978 844 τινα
1007 803 1105 857 παρὰ

58 867 121 915 τὴν
137 866 405 908 Κωνσταντίνου
418 867 518 905 πόλιν
536 866 585 918 μὴ
601 870 702 905 τοῦτο
718 868 879 904 ἀκοῦσαι·
895 883 910 898 u
927 863 974 904 Τί
993 863 1028 902 δὲ
1047 863 1103 910 σὺ,

8 975 9 978 ¹
58 927 197 966 πάντων
229 927 362 979 ἀνδρῶν
390 924 675 979 θαυμασιώτερε,
704 925 873 977 [πόλε]ων
892 925 955 962 οὐκ
986 922 1106 975 ἄρχεις

59 986 119 1025 καὶ
138 987 267 1037 ἐθνῶν,
289 1004 304 1020 »2
324 984 385 1023 καὶ
404 987 422 1023 ὁ
441 985 540 1037 λόγος
559 980 601 1032 ἦν
627 989 688 1024 τοῦ
717 982 809 1023 κατὰ
836 986 942 1034 μῦθον
962 985 1015 1021 ἰοῦ
1039 984 1107 1020 τῶν

60 1044 210 1099 διψάδων
228 1043 472 1097 δυνατώτερος.

113 1107 202 1142 Haec
234 1106 275 1141 in
305 1105 442 1140 iisdem
471 1105 584 1141 rebus
608 1112 819 1150 versantur,
841 1103 889 1140 de
910 1103 1048 1152 quibus
1070 1103 1110 1138 in

60 1165 270 1213 fragmento
301 1164 550 1200 antecedente
572 1177 698 1201 sermo
721 1171 790 1201 est.
813 1162 874 1201 Ad
903 1163 1110 1199 Pulcheriae

61 1226 238 1272 Augustae
258 1230 432 1271 tempora
449 1222 554 1271 (inde
573 1223 620 1259 ab
642 1235 705 1276 qn.
733 1222 827 1271 414)
850 1229 984 1258 auctor
1008 1220 1112 1271 (mo-
1159 1256 1163 1259 .

61 1289 173 1317 nente
191 1281 424 1330 Niebuhrio)
444 1281 482 1316 h.
503 1282 526 1317 l.
545 1281 730 1330 digressus
746 1289 822 1326 est,
848 1288 891 1316 ut
909 1279 1110 1316 referendo

62 1340 258 1388 quomodo
284 1340 444 1384 Hierax,
460 1341 614 1384 aemulo,
636 1341 703 1388 qui
721 1340 926 1388 vel‘ipsum
945 1338 1114 1386 nequitia

61 1405 256 1447 superaret
270 1425 280 1443 ‚
311 1410 382 1447 per
403 1400 582 1447 Augustae
614 1399 812 1434 avaritiam
834 1397 993 1433 traditus
1006 1423 1016 1441 ,
1039 1409 1112 1445 pro

62 1468 155 1492 nece
169 1457 347 1493 Fravittae
364 1467 464 1491 seras
475 1468 623 1504 poenas,
635 1464 893 1492 verumtamen
901 1467 1034 1505 poenas
1048 1455 1114 1491 de-

63 1514 162 1550 derit
174 1540 185 1560 ,
202 1526 241 1550 se
257 1515 458 1552 solaretur.
480 1515 536 1550 Ne
555 1527 640 1550 cum
658 1517 757 1551 Maio
775 1515 906 1551 credas
926 1526 1048 1562 usque
1065 1513 1115 1549 ad

64 1585 203 1608 annum
218 1577 239 1616 4
248 1577 292 1616 14
310 1574 370 1608 vel
383 1573 485 1609 ultra
504 1574 619 1610 etiam
631 1575 845 1623 Eunapium
855 1574 1114 1609 narrationem

64 1631 261 1668 deduxisse
273 1658 283 1676 ,
307 1631 476 1680 falsaque
495 1632 543 1668 de
560 1633 814 1668 Historiarum
834 1633 997 1669 termino
1013 1632 1116 1667 Pho—

65 1690 159 1725 tium
177 1690 397 1735 tradidisse,
420 1692 479 1727 vel
500 1690 591 1727 inde
610 1692 899 1740 prohibeberis,
928 1691 1035 1740 quod
1059 1703 1115 1727 se·

65 1748 194 1796 quitur
225 1747 475 1797 fragmentum
504 1750 552 1786 de
583 1750 798 1786 Stelichone
809 1776 819 1795 ‚
853 1751 920 1798 qui
955 1750 1117 1785 multum

65 1813 149 1843 ante
167 1807 372 1844 Pulcheriae
388 1819 545 1857 regnum
565 1810 680 1858 periit
700 1809 782 1860 (an.
804 1809 911 1859 408).

557 1893 622 1932 88.

120 1974 218 2012 lbid.
242 1987 282 2024 p.
308 1974 383 2024 295
410 1989 417 2011 :
441 1973 486 2013 ‘O
506 1973 542 2012 δὲ
572 1974 752 2027 Στελίχων
773 1976 837 2013 οὐκ
856 1974 1018 2028 ἐφόνευσε
1038 1975 1116 2019 τοὺς

68 2030 287 2084 ἀνθρώπους,
322 2031 413 2070 ἀλλὰ
458 2034 520 2079 ζῆν
565 2035 719 2085 αἰσχρῶς
764 2033 963 2084 ἠνάγκαζε,
1001 2032 1117 2071 πάντα

71 2088 340 2142 ἀφαιρούμενος,
368 2091 428 2129 καὶ
447 2090 531 2144 πρὸς
552 2091 592 2129 τὸ
619 2090 832 2145 βαρύτατον,
855 2090 903 2135 ὥς
931 2106 1017 2144 φησι
1036 2091 1117 2131 Μέ-

69 2149 235 2200 νανδρος,
264 2148 326 2196 τὴν
346 2149 468 2187 πενίαν
496 2149 612 2203 θηρίον
634 2149 695 2188 καὶ
718 2178 729 2190 .
755 2181 764 2190 .
792 2179 801 2188 .
825 2149 936 2202 λέγων
962 2149 1023 2188 καὶ
1053 2166 1132 2193 συ-,

70 2205 238 2246 στέλλων.

122 2264 208 2305 υΟτι
223 2267 271 2303 ὑπ
285 2295 294 2305 .
312 2294 323 2305 .
343 2296 352 2305 .
369 2281 416 2310 ως
430 2265 486 2304 διὰ
503 2265 691 2319 φιλαρχίαν
711 2269 859 2319 ᾑροῦντο
874 2296 882 2305 .
903 2299 910 2307 .
932 2298 940 2307 .
955 2266 1117 2311 ἅπαντες·

71 2376 345 2410 criminationibus
352 2378 576 2419 propulsandis
583 2378 810 2419 insumpserat.
821 2379 925 2420 Atque
932 2377 1118 2418 hujusmodi

72 2427 239 2461 fraudibus
250 2429 366 2461 domus
376 2438 488 2462 omnes
504 2430 710 2462 facultatibus
722 2425 950 2462 vacuabantur‘
961 2443 969 2462 :
987 2431 1119 2471 passim·

72 2489 137 2521 que
155 2481 263 2514 videre
283 2483 352 2513 erat
373 2482 621 2522 magistratuum
639 2481 723 2514 bona
747 2482 910 2523 publicata
928 2493 936 2514 ε
954 2483 1055 2515 veluti
1078 2483 1123 2515 ait

73 2532 239 2565 comicus:
258 2545 274 2561 α
293 2533 360 2565 Viri
378 2534 544 2574 publicum
563 2543 682 2567 munus
694 2535 831 2576 gerentis
847 2535 978 2576 publica
1002 2538 1050 2568 est
1065 2545 1121 2577 pe-

74 2586 180 2618 cunia.
200 2599 217 2614 u
234 2587 298 2625 Qui
310 2589 420 2619 autem
435 2587 557 2628 nescit,
575 2587 724 2628 quisnam
750 2588 892 2621 comicus
903 2613 912 2628 ‚
929 2589 956 2621 is
978 2589 1125 2630 indignus

76 2640 124 2671 est
137 2639 194 2680 qui
214 2640 282 2671 haec
302 2640 397 2680 legat.
421 2640 474 2673 Sic
493 2640 590 2681 igitur
611 2642 834 2674 Herennianus
857 2643 1045 2682 Hieracem,
1068 2642 1125 2683 qui

77 2691 216 2732 plurima
244 2691 322 2723 item
345 2691 563 2733 impenderat,
589 2693 857 2733 comprehensum
883 2695 986 2734 coegit
1010 2703 1122 2735 poenas

79 2743 167 2775 luere
182 2742 271 2775 necis
297 2744 568 2783 quam.Fravittae
592 2744 757 2777 intulerat.
786 2746 847 2778 Hic
868 2747 977 2777 autem
1004 2745 1120 2778 Hierax

81 2795 273 2837 (accipiter)
289 2796 330 2828 ab
340 2805 391 2836 eo,
402 2796 456 2836 qui
469 2797 563 2837 plura
576 2797 787 2838 impenderat,
795 2800 956 2840 tanquam
969 2800 1010 2831 ab
1020 2800 1128 2840 aquila

78 2849 262 2888 correptus,
277 2847 412 2879 luscinia
427 2849 528 2880 evasit
546 2849 720 2890 Hesiodea,
737 2859 811 2891 quae
833 2851 950 2891 potiori
977 2860 1036 2892 par
1060 2861 1128 2884 esse

79 2907 144 2930 non
158 2898 273 2939 potuit.
293 2901 376 2931 Tum
392 2901 424 2931 et
442 2899 511 2940 ipsa
528 2900 659 2933 demum
675 2902 783 2942 aquila
800 2902 879 2934 nihil
891 2903 1023 2936 ‘distulit
1039 2913 1058 2936 a
1079 2905 1128 2936 lu·

80 2950 192 2989 semia,
203 2950 264 2982 nisi
276 2950 364 2990 quod
377 2950 419 2982 ad
431 2954 629 2992 extremiun,
640 2953 676 2985 ut
688 2955 736 2985 est
751 2953 784 2985 in
804 2954 932 2994 sabula,
946 2955 984 2987 in·
994 2964 1128 2988 corvum

82 3002 193 3042 desiit,
207 3004 261 3034 eui
276 3003 397 3044 plumae
409 3005 564 3044 tanquam
581 3005 686 3037 aliena
703 3015 752 3038 res
767 3008 886 3047 ereptae
902 3008 1045 3041 suerunt.

124 3056 243 3087 Eadem
261 3056 367 3096 regina
380 3056 575 3097 imperante,
591 3067 687 3090 nemo
703 3060 980 3101 Constantinopoli
994 3070 1059 3093 non
1073 3062 1131 3094 hos

83 3115 243 3140 sermones
258 3108 410 3141 audiebat
425 3122 432 3141 :
449 3121 465 3137 «
480 3112 528 3142 Tu
545 3119 621 3142 vero
632 3136 641 3151 ,
657 3111 705 3143 vir
721 3113 983 3154 praeclarissime,
998 3123 1054 3146 cur
1066 3123 1130 3146 non

86 3159 219 3191 urbibus
243 3160 433 3200 populisque
462 3161 619 3202 imperas?
641 3176 657 3191 ›-
677 3165 782 3204 Atque
800 3163 852 3195 bic
876 3173 982 3196 sermo
1007 3174 1131 3197 veneno

85 3209 160 3250 illo,
177 3211 264 3251 quod
289 3212 337 3243 est
363 3211 396 3243 in
416 3213 551 3254 sabulis,
577 3218 761 3256 serpentum
786 3216 954 3257 dipsadum
974 3218 1132 3250 efficacior

87 3263 165 3296 erat.
603 3276 611 3285 ⁸

580 3311 638 3343 88.

129 3359 269 3392 Stelicho
285 3361 429 3395 homines
447 3373 511 3397 non
526 3365 702 3408 interemit,
718 3369 772 3400 sed
786 3369 921 3409 turpiter
937 3369 1044 3401 vivere
1055 3379 1128 3402 coc-

1162 335 1255 389 φόνῳ
1274 334 1333 373 καὶ
1359 332 1492 384 σιδήρῳ
1516 332 1632 369 πάντα
1668 332 1936 376 δαπανήσασθαι
1955 361 1963 370 .
1986 361 1993 368 .
2018 361 2025 368 .
2048 335 2109 378 τῆς
2131 361 2139 369 .
2166 361 2173 369 .
2200 362 2207 370 .

1161 396 1227 446 χῆς
1243 396 1277 432 ἐν
1293 394 1343 446 τῷ
1363 391 1603 445 διαφαίνεσθαι
1629 390 1681 427 ὅτι
1712 389 1812 439 μόνος
1833 390 2012 440 Στελίχων
2042 390 2128 443 ὑπὲρ
2147 392 2208 428 ἀν-

1163 452 1336 505 Ορωπίνην
1357 453 1390 490 ἐν
1412 483 1419 491 .
1445 481 1451 489 .

1483 545 1622 582 SEDIS
1649 543 1891 582 INCERTAE.

1658 643 1721 692 89.

1220 741 1354 778 Suidas
1376 754 1383 775 :
1406 736 1738 777 Ἀτᾶσθαλα...
1762 735 1822 774 καὶ
1847 736 2126 787 ἀτάσθαλον,
2143 737 2216 774 ἄδι-

1167 817 1240 848 κον,
1259 800 1476 852 παράνομον.
1495 798 1689 841 Εὖνᾶπιος·
1708 817 1723 832 «
1740 799 1920 838 Γυναικῶν
1936 798 1972 836 δὲ
1992 798 2088 852 ὕὸρις
2103 799 2163 836 καὶ
2181 800 2219 837 τὸ

1169 859 1367 898 ἀτάσθαλον
1394 861 1442 902 εἷς
1473 858 1601 901 παῖδας
1627 851 1666 895 εὖ
1698 857 1880 908 γεγονότας
1908 858 2129 909 συνεκυρώθη
2161 859 2220 895 καὶ

1169 919 1270 969 νόμος
1284 912 1373 956 εἶναι
1387 913 1471 969 (ἧνὶ)
1482 918 1681 967 Boisson.).
1700 935 1714 950 »ι
1727 919 2002 955 Videntur-haec
2014 919 2131 967 petita
2145 932 2220 954 esse

1170 993 1215 1016 ex
1236 980 1371 1015 eodem
1391 980 1498 1023 loco,
1529 978 1632 1013 unde
1656 977 1704 1013 de
1729 978 1866 1014 Carino
1895 976 2148 1025 fragmentum
2182 982 2218 1020 l..

1170 1040 1279 1076 Certe
1306 1038 1466 1075 eandem
1506 1037 1560 1072 ibi
1592 1037 1814 1072 sententiam
1849 1034 1984 1083 habes,
2013 1036 2222 1084 eademque

1170 1111 1277 1148 paene
1295 1098 1424 1135 verba.

1665 1167 1730 1204 90.

1227 1244 1333 1281 Idem
1358 1240 1666 1293 :Bakoivriom
1696 1240 1884 1293 μοίρσιπος.
1921 1240 2115 1284 Εὐνάπιος·
2145 1258 2160 1275 α
2182 1241 2229 1279 Εἴ

1174 1319 1210 1341 τε
1232 1301 1496 1355 φιλοχρήματος
1522 1300 1576 1348 εἴη
1600 1299 1660 1338 καὶ
1686 1300 1805 1342 δοῦλος
1832 1302 1900 1337 τῶν
1932 1300 2139 1350 βαλαντίων·
2166 1300 2222 1337 καὶ

1174 1365 1286 1399 ταῦτα
1303 1363 1423 1413 σαφῶς
1440 1357 1756 1409 ἐκπυνθανόμενοι,
1774 1357 1858 1410 πρὸς
1884 1362 1995 1396 ταῦτα
2019 1358 2223 1410 διεστρατή-

1175 1434 1257 1471 γουν
1277 1418 1335 1456 τὸν
1353 1417 1519 1467 πόλεμον.
1544 1435 1559 1450 ν

1667 1496 1732 1532 91.

1230 1569 1336 1605 Idem
1362 1581 1369 1603 t
1394 1566 1561 1605 Οἷδοῧσ
1574 1580 1638 1604 αν.
1659 1563 1855 1608 Εὖνάπιος·
1874 1582 1888 1598 α
1906 1564 2083 1603 Τοσούτου
2114 1564 2149 1602 δὲ
2179 1566 2228 1603 οἷ-

1179 1627 1315 1669 δοῧντος
1334 1624 1393 1663 καὶ
1411 1622 1673 1677 ὗπερφυομένου
1690 1627 1814 1661 κακοῦ.
1836 1642 1851 1657 υ

1670 1727 1737 1763 92.

1232 1798 1339 1834 Idem
1365 1811 1400 1834 v.
1421 1795 1595 1838 Θέσεις.
1617 1794 1812 1839 Εὐνοίπιος·
1832 1813 1846 1829 n
1869 1797 1950 1835 Τῶν
1981 1795 2016 1834 δὲ
2043 1795 2233 1846 Ῥωμαίων

1181 1856 1233 1893 ἐπ’
1249 1854 1339 1893 ἀὐτὸ
1367 1858 1470 1893 τοῦτο
1485 1894 1487 1897 ,
1503 1853 1718 1906 βιαζομένων
1741 1854 1872 1907 ἄπορον
1902 1856 2018 1898 αὐτοῖς
2049 1854 2232 1899 ἀποδεῖξαι

1180 1915 1240 1953 καὶ
1258 1915 1389 1961 πλῆθος
1407 1913 1467 1951 καὶ
1485 1913 1576 1952 θέσιν
1606 1913 1666 1951 καὶ
1689 1912 1774 1965 βέλη
1800 1913 1860 1952 καὶ
1890 1913 2053 1964 μηχανὰς
2081 1913 2140 1951 καὶ
2171 1929 2234 1964 με-

1180 1973 1264 2025 γέθη
1281 1975 1463 2022 ποταμῶν,
1478 1972 1567 2023 πρὸς
1582 1972 1622 2011 τὸ
1641 1972 1690 2022 μὴ
1709 1972 1849 2010 πάντων
1868 1975 2040 2019 ἡττᾶσθαι
2061 1975 2155 2026 σφῶν
2174 1972 2234 2010 καὶ

1181 2032 1362 2084 ὁμολογεῖν
1381 2025 1471 2070 εἶναι
1499 2030 1666 2084 χείροσιν.
1685 2050 1700 2066 ν
1725 2033 1849 2069 Locus
1873 2035 2042 2079 mutilus,
2064 2041 2107 2069 ut
2126 2033 2234 2069 vide-

1180 2100 1254 2128 tur.

1233 2151 1341 2186 Idem
1378 2164 1391 2187 .·
1425 2151 1463 2188 M
1475 2148 1609 2200 οσχεύ
1621 2165 1697 2200 ων,
1741 2148 2004 2202 μεταφυτεύων.
2042 2149 2213 2191 Εὖνάπιος
2226 2164 2233 2172 ·

1181 2226 1196 2241 «ι
1211 2202 1320 2246 Οὗτοι
1340 2208 1403 2258 μὲν
1428 2202 1496 2246 ὧδε
1512 2207 1672 2259 μένοντες
1691 2207 1931 2260 ὖπεμόσχευον
1949 2208 2179 2259 τὸννπόλεμον
2192 2223 2201 2231 ·
2220 2226 2234 2242 »

1181 2267 1258 2305 ἀντὶ
1279 2270 1340 2305 τοῦ
1361 2266 1589 2319 ὑπέστρεφον,
1609 2266 1839 2320 ὖπεφύτευον.

1187 2377 1250 2418 git,
1268 2378 1385 2418 ereptis
1410 2378 1503 2409 bonis
1524 2378 1692 2418 omnibus,
1715 2387 1836 2419 eosque
1857 2379 1897 2410 ad
1916 2381 2109 2420 egestatem,
2135 2379 2236 2411 mole-

1180 2430 1352 2461 slissimam
1371 2429 1511 2461 belluam
1521 2454 1531 2470 ‚
1546 2431 1583 2462 ut
1600 2430 1646 2462 ait
1661 2430 1845 2471 Menander,
1860 2431 2037 2464 damnavit.

1674 2496 1734 2529 89.

1223 2559 1431 2591 Feminarum
1446 2569 1522 2592 vero
1537 2561 1648 2601 stupra
1666 2562 1699 2592 et
1712 2561 1964 2593 adolescentium
1984 2561 2139 2594 nobilium
2160 2571 2233 2594 cor-

1181 2612 1348 2653 ruptiones
1365 2614 1402 2644 ut
1415 2621 1473 2653 pro
1488 2612 1582 2645 licitis
1595 2612 1793 2645 haberentur
1811 2613 1978 2646 decretum
1995 2616 2054 2647 est.

1677 2679 1735 2712 90.

1227 2743 1496 2783 (Quoesiverunt)
1523 2752 1565 2775 an
1590 2744 1736 2784 pecuniae
1761 2745 1845 2776 esset
1867 2744 1982 2777 avidus
2011 2746 2043 2777 et
2075 2753 2239 2776 crumenae

1184 2804 1308 2828 servus.
1328 2798 1373 2828 De
1391 2805 1456 2836 qua
1471 2805 1505 2828 re
1519 2805 1624 2837 quum
1643 2797 1718 2837 ipsis
1734 2799 1822 2829 certo
1839 2799 2019 2838 constaret,
2043 2798 2239 2839 praecipuam

1185 2849 1254 2889 ejus
1270 2848 1427 2880 rationem
1447 2849 1480 2880 in
1495 2848 1580 2881 bello
1596 2848 1735 2889 gerendo
1750 2849 1921 2882 habebant.

1676 2917 1737 2950 91.

1227 2983 1331 3015 Tanto
1346 2984 1455 3015 autem
1473 2983 1559 3016 malo
1572 2983 1806 3017 intumescente
1821 2985 1854 3017 et
1867 2986 2098 3017 succrescente.

1678 3049 1739 3082 92.

1229 3114 1338 3150 Quum
1356 3114 1465 3145 autem
1487 3114 1623 3146 Romani
1644 3123 1683 3146 eo
1704 3114 1892 3154 tenderent,
1920 3116 1956 3146 ut
1981 3115 2238 3146 demonstrarent

1188 3164 1251 3195 illis
1261 3188 1270 3204 ,
1289 3167 1427 3205 quantas
1440 3165 1617 3205 objicerent
1632 3165 1839 3198 difficultates
1854 3168 1886 3198 et
1903 3167 2045 3207 ipsorum
2065 3166 2238 3198 mullitudo

1189 3216 1221 3247 et
1235 3216 1294 3247 loci
1307 3216 1387 3248 situs
1399 3220 1431 3248 et
1446 3217 1510 3248 tela
1525 3218 1557 3248 et
1573 3217 1730 3249 machinae
1743 3217 1865 3249 bellicae
1879 3219 1911 3249 et
1926 3218 2111 3258 magnitudo
2126 3217 2238 3248 {luvio-

1193 3276 1283 3308 rum;
1300 3268 1409 3308 itaque
1426 3277 1489 3299 non
1503 3277 1634 3309 prorsus
1649 3269 1690 3300 ab
1706 3269 1767 3301 illis
1782 3279 1816 3302 se
1831 3270 1913 3301 vinci
1925 3294 1933 3309 ,
1949 3279 2054 3309 neque
2070 3279 2103 3301 se
2120 3270 2180 3301 illis
2195 3269 2241 3300 in-

1192 3319 1321 3351 feriores
1337 3328 1404 3351 esse
1420 3320 1576 3352 confiteri.

1236 3372 1289 3403 lsii
1309 3371 1439 3412 quidem
1457 3371 1508 3403 hic
1524 3373 1707 3412 manentes,
1725 3373 1845 3405 bellum
1860 3372 2117 3404 clamsssercbant.
