2372 3704
823 230 877 270 IN
906 230 1184 271 VOLUMINE
1213 232 1261 271 ΙΙ.

50 316 283 369 παρεκαλεῖτο
301 315 361 352 vel
383 315 504 352 simile
523 315 697 352 verbum.
721 317 844 364 Quam
873 319 1102 355 emendandi

14 416 19 420 ⁴
49 377 237 413 rationem
261 376 466 424 proposuit
490 375 715 426 Piccolous‚
731 388 891 425 eamque
913 378 1025 414 unice
1041 390 1104 414 ve-

0 437 2 440 ’
49 447 131 471 ram
150 447 228 471 esse
246 441 356 485 put0.
385 450 469 466 1)-
485 434 511 472 l.
537 438 600 479 44.
634 432 804 485 μέλλειν]
836 436 863 474 l.
887 433 1025 485 μέλλων
1056 449 1104 473 ex

49 493 208 540 Dionys.
227 494 317 529 Exc.
338 492 516 528 Ambros.
540 505 603 542 ap.
629 493 717 530 Mai.
738 506 777 542 p.
801 492 873 530 521
890 523 901 541 ,
922 494 990 530 ubi
1006 507 1104 544 pan—

10 578 12 582 .
48 563 119 587 nus
131 550 244 598 hujus
259 551 394 600 fragm.
415 558 546 588 exstat.
563 573 614 579 κ-
629 553 679 590 ib.
695 550 729 604 φ’
749 551 849 604 (500)
865 552 1102 605 στρατιώτας]

48 608 294 661 ’τετρακοσίους
319 610 446 660 (quod
477 611 517 646 in
536 610 627 649 cod.
649 611 747 647 foret
765 608 818 661 u')
839 625 917 662 στρ.
937 613 1104 649 Federus

9 694 16 713 -.
48 670 174 707 tacite.
196 670 348 706 Falsum
380 670 455 706 1100
484 682 562 706 esse
586 670 800 707 subindicat
821 672 993 720 Dionysii
1013 673 1101 708 Exc.

48 728 223 765 Ambros.
245 729 271 764 l.
295 729 337 778 1.,
366 729 433 764 ubi
450 729 568 765 habes
598 727 939 780 πεντακισχιλίων.
959 730 1103 777 Quodsi

9 827 12 830 ,
47 785 111 822 hic
124 798 236 822 verus
262 799 442 823 numerus
461 795 529 837 est,
559 787 716 824 fortasse
742 789 856 824 etiam
872 801 984 837 supra
1002 788 1102 825 8000

49 851 87 881 et
104 848 204 887 4000
218 858 291 894 pro
313 846 388 883 800
403 854 441 883 et
465 851 540 889 400
557 846 803 885 desiderabis,
820 849 955 884 Nescio
970 860 1016 883 an
1031 848 1103 884 tale

49 904 146 952 quid
164 904 315 942 Federo
335 907 375 941 in
393 914 555 942 mentem
573 907 739 952 venerit;
761 918 990 955 quamquam
1008 907 1103 942 nihil

0 1000 2 1004 ,
47 963 112 999 ille
129 963 177 999 de
192 964 366 1012 Dionysii
386 966 554 1001 numeris
576 965 740 1003 monuit.
759 972 765 985 ¹*

101 1021 193 1070 Pag.
209 1034 292 1072 xm,
315 1022 340 1060 1.
361 1036 396 1069 7.
417 1021 478 1060 καὶ
504 1020 627 1073 γόνασι
650 1020 995 1075 προσκυλιομένους]
1014 1025 1102 1059 Haec

47 1092 129 1115 11011
155 1081 334 1129 leguntur
363 1083 402 1117 in
424 1082 484 1118 ed.
509 1082 658 1120 Federi.
685 1103 739 1109 —-
760 1083 829 1120 lin.
873 1095 915 1129 17
924 1080 1103 1132 .τίθησι]

49 1137 76 1175 l.
100 1136 240 1183 τίθηται
260 1147 298 1176 et
329 1153 421 1176 mox
448 1138 668 1189 ἀναμείνασαι
701 1153 772 1190 pro
803 1139 1044 1190 ἀναμένουσα,
1067 1148 1103 1176 et

48 1196 116 1234 lin.
142 1209 190 1233 22
209 1198 333 1235 insere
347 1197 458 1250 [τὸν]
485 1207 572 1236 ante
596 1197 726 1251 ἕτερον.
743 1221 797 1227 —
824 1201 894 1236 lin.
916 1199 979 1238 33.
1003 1197 1102 1237 ἀντέ·

49 1256 204 1306 χεσθαι]
224 1269 355 1294 errore
381 1266 533 1307 typogr.
554 1271 628 1307 pro
663 1256 764 1309 ἀνέχ.
778 1280 833 1286 —
852 1260 920 1295 lin.
949 1258 1011 1297 38.
1028 1257 1101 1309 ἐγέ·

49 1328 126 1351 νετο
154 1313 306 1366 χρόνος]
329 1319 415 1353 011111
435 1318 583 1354 Federo
604 1318 687 1366 lege
708 1315 861 1368 ἐγίγνετο
890 1317 939 1368 [ὃ]
967 1316 1100 1368 χρόνος.

102 1375 148 1411 P.
167 1386 262 1420 κιαι,
279 1375 345 1413 lin.
363 1375 398 1414 3.
414 1376 495 1425 lege
514 1373 572 1411 ἐπὶ
593 1379 663 1418 τοῖς
679 1374 907 1428 κακούργοις,
935 1377 992 1412 uti
1011 1377 1103 1413 scri-

47 1433 120 1481 psit
138 1433 317 1471 Federus.

378 1614 715 1659 FRAGMENT
722 1614 776 1657 A.

102 1724 147 1764 P.
168 1737 210 1774 9,
232 1725 280 1761 fr.
308 1737 322 1760 1
354 1737 390 1762 a.
417 1744 465 1752 -
495 1724 624 1762 Schol.
650 1726 782 1762 Venet.
813 1731 850 1760 et
867 1724 1040 1762 Vatican.
1063 1726 1104 1760 in

36 1786 187 1834 ”Eurip.
207 1786 331 1821 Orest.
352 1782 463 1832 859:
494 1781 539 1820 Ἡ
558 1781 672 1828 πολλὴ
694 1781 774 1826 δόξα
793 1780 935 1834 κατέχει
957 1781 1040 1832 μὴ’
1022 1785 1102 1836 αφῖ-

47 1845 132 1896 χθαι
161 1857 220 1880 τον
257 1840 434 1893 Αἴγυπτον
452 1842 499 1884 εἷς
518 1837 662 1893 Ἄργος,
692 1840 852 1893 καθάπερ
884 1841 984 1879 ἄλλοι
1017 1857 1102 1894 φασι

45 1901 109 1940 -καὶ
129 1900 318 1944 Ἑκαταῖος
337 1900 480 1953 γράφων
500 1899 607 1943 ούτως
625 1901 687 1950 (V.
706 1901 883 1939 Addend.
903 1901 951 1938 ad
965 1902 1042 1938 vol.
1066 1903 1099 1948 Ι,

47 1974 88 2011 Ρ.
107 1961 227 2010 28)...
253 1959 325 1998 Καὶ
345 1959 523 2002 Διονύσιος
537 1961 555 1996 ὁ
574 1957 824 2011 Κυκλογράφος
845 1959 880 1996 ἐν
898 1961 948 2011 τῷ
969 1959 1099 2012 πρώτῳ

50 2021 107 2071 (ἐν
138 2019 249 2072 τούτῳ
278 2019 390 2069 cod.)
409 2017 453 2055 τὰ
481 2016 716 2069 παραπλήσιά
742 2032 839 2069 φησι.
864 2016 1041 2070 Φρύνιχος
1066 2017 1101 2056 δὲ

48 2081 67 2117 ὃ
84 2077 246 2131 τραγικός
263 2093 348 2130 φησι
368 2076 429 2114 σὺν
450 2075 654 2127 Αἰγυπτίοις
669 2076 727 2113 τὸν
750 2075 926 2127 Αἴγυπτον
941 2076 1038 2123 ἥκειν
1055 2079 1102 2121 εἷς

49 2137 188 2191 Ἄργος.
210 2136 361 2188 Λέγεται
381 2134 416 2174 δὲ
435 2136 511 2174 κτλ.
532 2149 614 2184 quae
635 2136 723 2172 vide
743 2137 784 2171 in
804 2136 939 2185 fragm.
963 2138 1097 2173 Diniae.

103 2198 197 2247 Pag.
214 2197 258 2246 3,
281 2198 335 2242 b.‚
351 2197 416 2232 lin.
439 2196 523 2245 9ab
543 2196 632 2232 ima.
649 2195 771 2231 —Cf.
794 2196 816 2239 ἡ
837 2193 928 2231 κατὰ
955 2194 1101 2244 Κάδμον

49 2255 110 2295 καὶ
130 2253 268 2294 Δαναὸν
282 2251 514 2306 γραμματικὴ
528 2281 538 2299 ,
555 2266 638 2301 quae
661 2253 706 2288 16
719 2260 866 2289 tantum
883 2255 1001 2290 literis
1016 2262 1101 2290 ute-

47 2317 176 2361 batur,
198 2327 262 2364 ap.
279 2315 480 2363 Syrianum
493 2312 543 2349 ad
555 2314 785 2361 flermogen.
802 2325 844 2361 p.
869 2325 931 2359 17.
947 2312 1098 2351 Fabric.

48 2377 90 2413 B.
112 2375 180 2413 Gr.
197 2376 236 2419 Ι,
256 2387 290 2413 0.
310 2374 372 2411 23.

102 2432 148 2472 P.
171 2433 209 2478 5,
229 2434 266 2478 b,
288 2440 364 2468 not.
377 2429 514 2467 -Pro
528 2431 666 2467 Herod.
679 2432 742 2477 VI,
764 2431 907 2479 69lege
931 2431 1096 2479 :V1,98.

106 2491 154 2528 P.
180 2488 224 2537 5,
243 2505 283 2536 α,
305 2492 374 2528 lin.
402 2503 433 2525 1.
458 2510 512 2517 —
540 2488 598 2526 Τὰ
625 2487 715 2538 μετὰ
731 2488 878 2540 Δαρεῖον
896 2489 1038 2525 fuerint
1056 2487 1100 2526 τὰ

51 2549 158 2602 μέχρι
178 2548 328 2601 Δαρείου
346 2562 399 2587 50.
420 2547 591 2599 Περσικά.

105 2608 196 2658 Pag.
212 2623 231 2656 7
249 2604 288 2654 b,
310 2610 377 2646 lin.
393 2621 431 2654 7.
451 2607 658 2643 ——Eadem
675 2619 721 2643 ex
731 2607 885 2644 Socrate
905 2607 1021 2643 habet
1033 2608 1099 2644 Ni-

51 2670 239 2718 cephorus
254 2669 352 2706 Hist.
368 2667 509 2703 Eccles.
531 2666 590 2711 X,
612 2666 670 2702 13.

103 2727 196 2777 Pag.
214 2727 321 2776 9‚fr.
345 2739 386 2762 11
404 2738 439 2764 a.
460 2747 515 2752 —-
534 2725 790 2762 501101.Ηο111.
818 2724 951 2773 Odyss.
969 2738 1008 2773 μ,
1027 2723 1098 2762 85:

50 2785 195 2831 Ταύτην
215 2785 292 2838 (50.
315 2782 378 2830 τὴν
395 2782 560 2822 Σκύλλαν
577 2780 639 2828 τὴν
668 2781 846 2834 Φόρκυνος
862 2798 923 2820 και
944 2781 1100 2829 Ἑκάτης

50 2844 244 2898 θυγατέρα)
262 2843 402 2894 λέγεται
418 2842 476 2881 τὸν
494 2840 697 2894 εΗρακλέα,
714 2841 817 2880 ὁπότε
838 2840 901 2884 τὰς
922 2841 1099 2894 Γηρυόνου

54 2899 174 2978 βους,Ὗ
151 2919 247 2956 ηγεν,
268 2906 315 2947 ὥς
343 2896 429 2940 εἶδεν
448 2900 773 2950 ἀπληστευομένην,
804 2902 952 2950 ἀνελεῖν,
976 2900 1034 2938 τὸν
1063 2900 1099 2939 δὲ

51 2963 188 3015 πατέρα
214 2961 271 3000 διὰ
291 2977 400 3013 πυρος
419 2959 618 3012 ἀναγκάσαι
638 2959 744 2997 πάλιν
777 2958 885 3005 αὐτὴν
907 2961 1096 3006 ἀναζῆσαι.

51 3021 98 3062 ‘H
121 3021 256 3075 ἱστορία
280 3019 378 3072 παρὰ
398 3019 569 3072 Διονυσίῳ
587 3018 767 3071 (Διονύσῳ
786 3019 910 3069 cod.).

104 3082 196 3132 Pag.
225 3095 295 3127 10,
315 3082 452 3129 fragm.
470 3079 491 3116 5
526 3093 560 3116 a.
589 3101 630 3107 —
658 3080 784 3124 Schol.
811 3081 905 3116 Ven.
937 3078 986 3114 ad
1010 3080 1099 3115 Eur.

51 3143 145 3178 Hec.
165 3155 180 3177 1
192 3154 238 3190 19
255 3141 316 3178 ed.
335 3140 471 3177 Cobet.
488 3137 605 3181 ιΤοὺς
617 3136 766 3184 Θησέως
777 3136 905 3178 παῖδας
920 3134 1002 3173 ἔνιοί
1015 3150 1100 3188 φασι

53 3199 103 3248 μὴ
124 3198 297 3248 ἡγεμόνας
324 3197 575 3247 στρατεύεσθαι
594 3195 651 3233 ἐπὶ
668 3192 791 3241 Ἴλιον,
814 3193 903 3245 μηδὲ
933 3196 994 3239 τῆς
1014 3209 1100 3242 συμ-

54 3256 185 3309 μαχίας
200 3256 317 3308 χάριν,
347 3254 439 3293 ἀλλὰ
458 3253 745 3306 ἀποληψομένους
772 3252 835 3299 τὴν
862 3252 1008 3303 Αἴθραν.
1038 3250 1099 3289 Διὸ

53 3315 114 3354 καὶ
144 3315 203 3353 τὸν
231 3315 399 3367 “Ομηρον
433 3313 546 3364 λέγειν
567 3312 624 3350 τὸν
651 3311 834 3352 Μενεσθέα
852 3313 1011 3361 ἡγεῖσθαι
1030 3311 1098 3348 τῶν

54 3373 257 3421 Ἀθηναίων.
270 3372 447 3417 Διονύσιος
459 3375 540 3424 γοῦν
552 3372 570 3408 ὁ
586 3370 643 3408 τὸν
660 3370 798 3409 Κύκλον
817 3368 977 3415 ποιήσας·
996 3386 1010 3401 α
1027 3369 1099 3414 Δη-

56 3434 174 3485 μοφῶν
204 3431 239 3470 δὲ
263 3434 280 3470 ὁ
300 3430 448 3479 Θησέως
478 3431 587 3469 ἐδεῖτο
607 3431 721 3468 αὐτῶν
737 3429 854 3467 δοῦναι
882 3426 1013 3479 Αἴθραν
1038 3424 1099 3473 τὴν

2132 244 2207 279 653

1166 317 1324 362 Πιτθέως
1336 319 1399 366 τὴν
1413 322 1474 358 τοῦ
1488 320 1618 373 πατρὸς
1632 321 1778 392 μητέρα,
1789 321 1881 368 ὅπως
1895 323 2002 372 αὐτὴν
2017 325 2208 375 κομίσωσιν

1163 377 1292 416 οἴκαδε.
1314 376 1491 421 Μενέλαος
1511 378 1547 416 δὲ
1583 379 1668 431 πρὸς
1686 379 1834 427 Ἑλένην
1860 382 1992 432 πέμπει
2010 384 2208 423 Ταλθύὸιον

1163 428 1365 473 κελεύσας”
1343 445 1438 480 αγειν
1452 430 1597 483 Αιθραν·
1615 431 1697 470 καὶζ
1703 432 1816 480 Ελένη
1833 435 2063 486 δωρησαμένη
2076 437 2210 490 Αἴθραν

1167 489 1381 541 παντοδαπῷ
1411 489 1533 541 κόσμῳ
1554 490 1761 528 ἀποστέλλει
1789 491 1873 543 πρὸς
1901 496 2121 546 Δημοφῶντα
2144 494 2207 534 καὶ

1163 543 1410 596 Ακάμαντα.»
1429 546 1634 591 Ἑλλάνικος
1655 547 1691 586 δὲ
1713 550 1775 599 (fr.
1798 550 1925 602 75)....

1217 604 1311 656 Pag.
1341 620 1385 643 12
1405 616 1483 646 not.
1513 628 1567 636 -
1585 609 1818 658 Rheginum,
1855 612 1921 658 qui
1951 610 2213 661 Πολυμνήμονα
2238 600 2254 616 ⁶

1163 666 1330 714 scripsit,
1349 667 1516 703 Valesius
1540 667 1590 703 ad
1618 669 1764 706 socrat.
1792 670 1842 706 H.
1874 670 1918 708 Ε.
1941 671 2020 715 ΙΙΙ,
2051 671 2099 707 23
2129 684 2215 709 eum

1164 737 1240 760 esse
1250 732 1372 773 putat,
1393 727 1454 762 cui
1467 725 1705 774 thynichus
1717 727 1884 776 sophista
1900 741 2018 763 unum
2033 741 2078 765 ex
2091 730 2212 779 libris,

1165 796 1262 831 quos
1292 784 1340 820 de
1371 786 1531 821 oratoris
1561 793 1748 834 apparatu
1775 786 1942 834 scripsit,
1970 790 2214 836 nuncupavit.

1163 842 1321 878 Vixisset
1337 843 1450 891 igitur
1465 843 1534 879 sub
1562 845 1694 880 Marco
1724 845 1920 880 Antonino
1941 852 1978 881 et
2004 846 2214 883 Commodo

1166 900 1287 969 impp.
1320 902 1527 951 Rheginum
1571 900 1758 939 ἐπίσκοπον
1795 901 1928 940 Πανίου
1962 905 2024 949 τῆς
2062 904 2213 956 Θρακῶν

1163 957 1281 1008 χώρας
1298 960 1414 996 habes
1439 962 1479 996 in
1510 961 1684 998 Concilio
1711 961 1944 1000 Constantin.
1973 962 2020 1012 3,
2050 975 2091 1012 p.
2128 962 2214 1002 500.

1164 1017 1257 1055 Vide
1274 1025 1365 1056 tom.
1385 1021 1456 1066 lV,
1479 1033 1521 1068 p.
1541 1020 1592 1068 69
1607 1027 1689 1057 not.

1217 1075 1311 1126 Pag.
1341 1076 1384 1113 15
1419 1078 1468 1114 ad
1497 1079 1660 1128 Hippyis
1696 1077 1739 1115 fr.
1767 1091 1804 1125 7.
1834 1100 1887 1106 ——
1915 1078 1972 1117 Cf.
2001 1080 2212 1118 Aristotelis

1164 1134 1210 1173 fr.
1225 1135 1288 1184 95,
1307 1149 1348 1185 p.
1371 1136 1458 1175 136.

1213 1193 1311 1243 'Pa-g.
1330 1195 1390 1240 16,
1403 1197 1590 1244 Eugeonis
1609 1195 1657 1234 fr.
1679 1208 1714 1231 1.
1732 1217 1784 1223 --
1798 1195 1908 1232 Adde
1924 1196 1965 1231 in
1975 1204 2055 1235 not.
2074 1198 2212 1247 :Apud

1166 1254 1407 1289 Heraclidem
1429 1255 1566 1290 deinde
1592 1267 1715 1290 sermo
1744 1262 1800 1290 est
1816 1255 1862 1290 de
1880 1255 1967 1290 alba
1986 1255 2211 1304 hirundine,

1166 1326 1249 1360 quae
1269 1314 1308 1348 in
1324 1314 1436 1350 Samo
1455 1315 1576 1350 insula
1596 1315 1828 1363 apparuerit.
1858 1316 1940 1351 Hoc
1962 1327 2007 1350 ex
2034 1317 2213 1365 Eugeone

1164 1369 1329 1418 fluxerit,
1342 1385 1454 1420 quem
1465 1372 1622 1408 fortasse
1633 1374 1755 1407 innuit
1765 1373 1946 1421 Antigon.
1961 1374 2047 1412 Mir.
2061 1387 2095 1410 0.
2115 1375 2186 1411 132
2201 1388 2208 1410 :

1165 1427 1214 1466 ‘O
1240 1428 1337 1472 τοὺς
1363 1429 1621 1479 Σαμιακοὺς
1654 1428 1788 1480 ὥρους
1816 1429 2125 1481 συγγεγραφὼς
2155 1431 2212 1470 ἐπὶ

1164 1489 1233 1525 τῶν
1247 1487 1395 1538 πρώτων
1416 1487 1614 1534 κληθέντων
1636 1490 1801 1537 μαθητῶν
1816 1490 1884 1525 τῶν
1899 1487 1979 1540 περὶ
2000 1488 2208 1541 Ἡρόστρα-

1163 1545 1222 1584 τόν
1241 1561 1326 1599 φησι
1354 1546 1517 1598 χελιδόνα
1539 1546 1667 1592 λευκὴν
1698 1549 1863 1599 φανῆναι.
1886 1550 1986 1595 Quid
2009 1550 2079 1585 sibi
2095 1551 2213 1586 velint

1164 1606 1283 1642 verba
1311 1604 1368 1642 ἐπὶ
1399 1606 1468 1642 τῶν
1488 1605 1582 1652 κτλ.,
1615 1606 1831 1642 obscurum.
1865 1606 1919 1644 Cf.
1937 1614 2019 1645 not.
2054 1608 2213 1644 Schnei-

1166 1665 1307 1701 dewini
1327 1665 1376 1700 ad
1392 1665 1583 1701 Heraclid.
1603 1666 1716 1702 Pont.
1734 1677 1774 1712 p.
1803 1663 1891 1701 215.
1913 1666 2213 1702 Consentaneum

1166 1732 1221 1760 est
1241 1724 1384 1760 Samios
1408 1724 1674 1773 horographos
1693 1737 1821 1759 rerum
1847 1731 2019 1772 tempora
2046 1726 2213 1762 retulisse

1166 1783 1215 1818 ad
1247 1783 1382 1818 seriem
1412 1784 1571 1818 Junonis
1602 1783 1841 1818 sacerdotum
1856 1810 1866 1828 ,
1903 1796 2063 1831 quarum
2086 1785 2225 1833 prima·

1165 1842 1236 1877 fuit
1250 1842 1412 1878 Admata
1428 1843 1504 1877 sive
1521 1842 1693 1877 Admete.
1711 1843 1883 1877 Fortasse
1900 1841 1974 1878 tale
1989 1843 2081 1889 quid
2096 1844 2209 1879 etiam

1163 1901 1202 1937 11.
1222 1901 1248 1939 l.
1266 1901 1370 1938 latet.
1387 1922 1440 1927 --
1453 1902 1639 1936 Praeterea
1654 1901 1780 1935 nescio
1801 1912 1849 1935 an
1868 1902 2055 1949 Eugeonis
2070 1914 2210 1937 nomen

1165 1960 1440 1996 restituendum
1470 1961 1516 1995 sit
1547 1959 1651 2007 apud
1674 1960 1796 1994 Tzctz.
1813 1958 1906 1996 Chil.
1940 1961 1957 1994 I
1970 1985 1980 2003 ,
2025 1963 2110 2004 144,
2142 1960 2210 1995 ubi

1166 2018 1370 2056 Candaulis
1400 2030 1559 2054 uxorem
1575 2018 1731 2065 Nyssam
1756 2017 1832 2052 dici
1854 2018 1906 2052 ait
1931 2014 2014 2067 παρ’
2034 2015 2156 2068 Αἰνείᾳ
2174 2017 2209 2054 ἐν

1163 2076 1359 2125 Σαμιακοῖς
1375 2075 1506 2125 λόγοις,
1526 2083 1618 2112 teste
1634 2077 1836 2112 Ptolemaeo
1855 2074 1913 2124 (v.
1932 2075 2088 2111 Abantis
2100 2076 2146 2112 fr.
2169 2089 2204 2122 1,

1164 2142 1256 2172 tom.
1278 2137 1347 2183 IV,
1371 2148 1411 2183 p.
1434 2134 1537 2183 278).

1215 2193 1307 2243 Pag.
1336 2199 1383 2237 24
1400 2221 1410 2238 ,
1441 2194 1574 2230 Glauci
1604 2192 1650 2230 fr.
1677 2193 1700 2229 6
1725 2204 1759 2230 a.
1780 2213 1833 2221 —
1852 2192 1979 2230 Schol.
2011 2193 2140 2228 Venet.
2172 2199 2210 2228 et

1162 2255 1273 2290 Rom.
1290 2254 1339 2289 ad
1353 2253 1486 2301 Eurip.
1504 2250 1860 2302 Ηο0.41;Τύμ6ῳ
1878 2250 2000 2301 φίλον
2021 2248 2208 2301 πρόσφα-

1161 2311 1272 2362 γμα]
1298 2310 1390 2349 “Υπὸ
1413 2308 1663 2360 Νεοπτολέμου
1681 2308 1784 2361 φασὶν
1813 2307 1921 2355 αὐτὴν
1949 2311 2207 2361 σφαγιασθῆναι

1164 2369 1356 2421 Εὐριπίδης
1372 2368 1432 2406 καὶ
1446 2367 1600 2411 Ἰὅυκος·
1619 2370 1637 2405 ὃ
1654 2367 1691 2405 δὲ
1707 2365 1752 2405 τὰ
1774 2364 1966 2419 Κυπριακὰ
1979 2365 2129 2411 ποιήσας
2143 2381 2207 2417 φη-

1163 2426 1217 2465 σὶν
1242 2427 1309 2465 ὑπὸ
1331 2427 1530 2470 Ὀδυσσέως
1558 2425 1617 2464 καὶ
1641 2425 1838 2475 Διομήδους
1867 2426 1902 2461 ἐν
1932 2427 1974 2475 τῇ
1996 2426 2056 2470 τῆς
2075 2423 2209 2467 πόλεως

1163 2485 1292 2524 ἁλώσει
1321 2484 1639 2538 τραυματισθεῒσαν
1660 2483 1851 2521 ἀπολέσθαι
1869 2512 1879 2532 ,
1902 2485 2055 2534 ταφῆναι
2075 2482 2111 2519 δὲ
2140 2482 2208 2520 ὑπὸ

1163 2544 1422 2595 Νεοπτολέμου,
1438 2547 1484 2588 ὡς
1499 2546 1656 2586 Γλαῦκος
1666 2542 1803 2595 γράφει·
1823 2542 1921 2579 ἄλλοι
1936 2541 1971 2579 δέ
1986 2556 2070 2594 φασι
2087 2539 2208 2579 συνθέ-

1163 2619 1264 2654 μενον
1281 2603 1432 2656 Πριάμῳ
1447 2603 1505 2641 τὸν
1520 2601 1682 2654 Ἀχιλλέα
1699 2601 1777 2652 περὶ
1797 2605 1856 2638 τοῦ
1877 2599 2076 2646 Πολυξένης
2092 2599 2207 2650 γάμου

1163 2664 1387 2714 ἀναιρεθῆναι
1408 2664 1441 2699 ἐν
1461 2663 1511 2714 τῷ
1531 2659 1740 2712 Θυμὸραίου
1761 2659 1977 2702 Ἀπόλλωνος
2005 2657 2116 2695 ἄλσει.
2135 2660 2208 2706 Cy-

1159 2723 1289 2771 priaca
1300 2723 1463 2759 Glaucus
1471 2722 1699 2765 laudaverat,
1714 2720 1869 2768 opinor.
1886 2718 2029 2754 Eadem
2041 2719 2079 2753 in
2088 2717 2205 2753 schol.

1161 2782 1346 2818 Androm.
1366 2781 1427 2817 ed.
1449 2780 1582 2818 Cobet.
1599 2786 1787 2815 vocantur
1814 2774 2017 2826 Κυπριακαὶ
2035 2774 2199 2827 ἱστορίαι.

1216 2839 1308 2888 Pag.
1319 2838 1381 2876 25.
1392 2840 1486 2875 Cum
1503 2845 1590 2873 octo
1600 2838 1707 2872 libris
1720 2832 2019 2883 εΥτιτομνημάτονι,
2034 2847 2116 2881 quae
2131 2836 2209 2870 De-

1160 2900 1323 2935 mocrito
1344 2898 1613 2941 attribuuntur‚
1631 2894 1795 2931 conferri
1813 2900 1939 2942 potest
1953 2890 2207 2942 Ὀκτάτευχος,

1162 2971 1244 3006 quae
1264 2957 1435 2995 Osthanae
1447 2983 1456 3001 ,
1474 2966 1586 3002 mago
1605 2954 1850 2989 celeberrimo
1863 2980 1873 2997 ‚
1891 2951 2102 2987 Democriti
2119 2962 2207 2986 ma·-

1161 3018 1292 3065 gistro‚
1310 3015 1536 3051 adscribitur
1561 3012 1718 3061 (Euseb.
1741 3013 1782 3049 P.
1800 3012 1843 3045 E.
1861 3012 1894 3055 Ι,
1923 3022 1967 3045 10
1984 3008 2048 3044 fin.
2067 3009 2205 3046 Chron.

1160 3089 1200 3123 p.
1220 3074 1267 3117 43
1280 3073 1307 3123 ).
1322 3095 1373 3100 —-
1387 3075 1477 3119 Quae
1490 3084 1579 3119 pag.
1597 3075 1643 3113 24
1658 3077 1739 3107 not.
1755 3069 1801 3105 de
1815 3068 2050 3117 temporibus
2066 3069 2204 3102 Demo-

1162 3134 1245 3168 criti
1261 3139 1297 3167 et
1311 3134 1542 3178 Anaxagorae
1558 3129 1714 3175 monui,
1731 3127 1960 3176 approbavit
1975 3126 2205 3171 ulteriusque

1161 3198 1356 3228 exsecutus
1369 3197 1423 3226 est
1434 3190 1475 3227 C.
1490 3190 1556 3226 Fr.
1574 3190 1810 3224 Hermannus
1821 3188 1861 3222 in
1879 3188 2134 3234 Disputatione
2148 3186 2204 3219 De

1157 3249 1460 3300 philosophorum
1471 3250 1681 3283 lonicorum
1691 3246 1875 3282 aetatibus.
1889 3243 2071 3291 Goetting.
2087 3256 2100 3277 1
2110 3243 2199 3289 849.

1214 3307 1256 3344 Ρ.
1268 3307 1315 3343 30
1325 3307 1373 3342 ad
1381 3307 1427 3342 fr.
1442 3305 1599 3355 9.-Cf.
1610 3304 1780 3342 Creuzer.
1792 3301 1982 3350 Symbole‘k
2001 3302 2049 3345 11,
2060 3313 2098 3347 p.
2113 3302 2200 3340 224,

1215 3366 1307 3416 Pag.
1330 3365 1377 3402 32
1404 3366 1452 3403 ad
1481 3365 1526 3404 fr.
1553 3377 1613 3402 11.
1642 3385 1693 3391 —-
1714 3363 1770 3403 cf,
1796 3362 2027 3409 Philoponus
2047 3357 2094 3393 ad
2111 3356 2150 3394 h.
2171 3356 2197 3393 l.

1162 3440 1201 3476 p.
1222 3439 1282 3473 71.
1303 3437 1365 3472 7²·
