2326 3724
115 243 163 274 68
690 231 1047 272 OLYMPIODORI
1078 232 1144 270 ΤΗ
1152 231 1283 270 EBAEl
1312 228 1643 291 FRAGMENTA.

110 338 186 371 ναι,
215 323 272 358 τοῦ
308 319 428 363 παιδὸς
461 318 660 370 Συμμάχου
694 322 905 372 πραιτοῧραν
940 319 1137 378 τελοὲντος,

110 380 215 417 εἴκοσι
236 378 451 430 ’κεντηνάρια
479 378 692 425 ἐδαπάνησε.
722 377 881 426 Μάξιμος
912 376 966 423 δὲ,
999 380 1045 419 εἷς
1072 378 1140 413 τῶν

109 437 276 487 εὐπόρων,
304 438 350 480 εἷς
370 437 432 482 τὴν
459 440 517 474 τοῦ
548 438 620 474 υἱοῦ
641 439 851 488 πραιτοῧραν
883 433 1140 485 τεσσαράκοντα

109 495 321 533 κατεὸάλετο
337 494 556 546 κεντηνοίρια.
579 493 695 533 Ἑπτὰ
715 493 751 531 δὲ
778 493 924 545 ἡμέραις
937 495 967 531 οἱ
986 492 1142 544 πραίτω-

111 569 164 606 ps<
180 552 240 596 τὰς
258 552 465 604 πανηγύρεις
485 552 633 590 ἐτέλουν.

163 625 211 650 ⁴5.
236 610 322 650 Ὄτι
343 614 360 649 ὁ
380 610 593 662 συγγραφεὺς
614 613 664 662 τῷ
691 609 858 649 Ὀδυσσεῖ
872 608 934 655 τὴν
951 607 1083 654 πλάνην
1104 609 1141 645 οὗ

114 670 205 708 κατὰ
221 670 382 709 Σικελίαν
401 669 484 721 φησὶ
501 672 718 719 γεγενῆσθαι,
733 669 824 706 ἀλλὰ
841 666 931 705 κατὰ
946 667 989 704 τὰ
1006 666 1140 718 πέρατα

111 733 171 775 τῆς
187 729 350 771 Ἰταλίας·
368 727 428 765 καὶ
443 726 505 773 τὴν
523 729 568 770 εἷς
586 727 668 780 ᾅδου
682 726 824 764 κάθοδον
842 725 938 778 παρὰ
954 725 1012 763 τὸν
1029 726 1140 762 ὠκεα-

112 787 167 824 νὸν
187 789 406 838 γεγενῆσῡαι,
424 787 457 823 ἓν
481 780 508 837 ᾧ
527 785 585 822 καὶ
609 789 629 831 ἡ
645 783 754 831 πολλὴ
773 784 899 829 πλάνη.
923 782 1142 831 Ἀγωνίζεται

113 844 148 882 δὲ
166 844 221 882 διὰ
235 846 371 882 πολλῶν
385 847 485 881 τοῦτο
504 845 742 894 παραστῆσαι.
761 841 882 890 Ἡμεῖς
895 839 930 877 δὲ
945 840 1003 877 καὶ
1019 839 1142 880 ἄλλους

113 902 290 954 διαφόρους
316 901 510 952 ἀνέγνωμεν
531 903 565 938 ἐν
590 900 719 943 τούτοις
744 901 837 950 αὐτῷ
866 901 1142 950 συμφωνοῦντας.

164 974 211 999 4ο.
246 959 332 999 ‘'Ott
367 959 618 997 ἀποστέλλεται
649 958 718 995 ἀπὸ
747 956 1143 999 Κωνσταντινουπόλεως

114 1018 208 1070 παρὰ
225 1018 411 1057 Θεοδοσίου
430 1016 622 1064 Πλακιδία,
640 1015 714 1065 ἅμα
730 1014 829 1052 παισὶ
843 1013 932 1051 κατὰ
949 1017 1008 1051 τοῦ
1022 1013 1144 1065 τυράν·

114 1091 186 1114 νου·
206 1076 265 1114 καὶ
283 1075 566 1125 ε’παναλαμὸάνει
592 1074 678 1120 αὕτη
701 1073 762 1123 μὲν
779 1073 816 1110 τὸ
838 1075 900 1119 τ’ῆς
923 1071 1142 1122 Αὖγούστης,

112 1136 131 1171 6
162 1133 196 1171 δὲ
221 1133 504 1175 Οὐαλεντινιανὸς
535 1132 573 1170 τὸ
610 1136 670 1170 τοῦ
699 1130 952 1180 νωὸελισσίμου
988 1129 1138 1179 ἀξίωμα.

114 1190 399 1240 Συνεκπέμπεται
421 1189 456 1228 δὲ
474 1191 587 1232 αὐτοῖς
605 1189 664 1227 καὶ
695 1188 856 1240 στρατὸς,
873 1188 932 1225 καὶ
949 1203 1146 1240 στρατοπε·

114 1248 245 1301 ὃᾶρχης
278 1247 441 1299 ἑκατέρας
472 1246 668 1297 δυνάμεως,
705 1245 946 1298 Ἀρδαῧούριος
980 1245 1055 1296 ἅμα
1093 1249 1143 1297 τῷ

113 1307 210 1344 παιδὶ
230 1304 402 1357 Ἄσπαρι,
424 1305 483 1343 καὶ
501 1305 611 1357 τρίτος
640 1304 876 1347 Κανδιδιανός.
908 1304 1011 1343 Κατὰ
1028 1304 1063 1343 δὲ
1080 1305 1142 1352 τὴν

114 1363 373 1410 Θεσσαλονίκην
394 1363 523 1402 Ἦλίων
541 1366 558 1400 6
574 1365 641 1400 τῶν
658 1362 823 1416 ὄφφικίων
841 1363 1028 1416 μάγιστρος
1047 1363 1143 1416 παρὰ

112 1421 300 1461 Θεοδοσίου
321 1421 527 1465 ἀποσταλεὶς
543 1421 651 1459 ἓνδύει
676 1421 940 1460 Βαλεντινιανὸν
966 1422 1020 1460 ἐπ’
1040 1424 1146 1469 αὐτῆς

113 1479 370 1527 Θεσσαλονίκης
387 1479 449 1526 τὴν
469 1483 527 1517 τοῦ
544 1479 708 1533 καίσαρος
733 1481 878 1528 ἐσθῆτα,
897 1479 1057 1530 πέμπτον
1075 1480 1146 1524 ἔτος

114 1537 241 1588 ἄγοντα
254 1540 314 1584 τῆς
327 1537 475 1584 ἡλικίας.
494 1537 693 1576 Κατιόντων
710 1536 746 1575 δὲ
763 1539 888 1585 αὐτῶν,
906 1538 1147 1591 Ἀρδαὸούριος

116 1594 177 1645 μὲν
189 1595 367 1634 ἁλίσκεται
377 1595 472 1647 παρὰ
484 1598 550 1633 τῶν
566 1599 625 1634 τοῦ
637 1595 813 1647 τυράννου,
831 1596 888 1635 καὶ
905 1597 1147 1648 ἀναπέμπεται

115 1654 199 1706 πρὸς
215 1654 332 1704 αὐτὸν,
352 1653 410 1692 καὶ
431 1654 577 1707 φιλιάζει
597 1655 709 1707 αὐτῷ·
733 1656 750 1692 6
769 1653 803 1692 δὲ
823 1655 944 1693 τούτου
963 1658 1046 1700 παῖς
1072 1655 1147 1707 ἅμα

1203 315 1379 368 Πλακιδίᾳ
1390 317 1423 353 ἐν
1435 314 1565 367 ἀθυμία
1574 314 1634 352 καὶ
1649 313 1742 364 λύπῃ
1753 307 1857 360 ἦσαν.
1868 313 2092 358 Κανδιδιανὸς
2105 313 2141 353 δὲ
2153 317 2238 354 πολ·

1200 373 1262 416 λὰς
1277 374 1392 416 πόλεις
1414 374 1519 425 αἱρῶν
1539 372 1598 409 καὶ
1621 372 1811 421 εὐδοκιμῶν
1835 372 2025 424 λαμπρῶς,
2044 372 2084 411 τὸ
2103 375 2233 412 λυποῦν

1202 431 1396 476 διεσκέδαζε
1412 431 1472 468 καὶ
1488 428 1717 483 ἐψυχαγώγει.
1742 422 1831 468 Εἶτα
1853 430 2019 482 σφάζεται
2038 433 2056 468 6
2077 431 2241 484 τύραννος

1207 489 1381 538 Ἰωάννης,
1396 487 1454 526 καὶ
1472 487 1648 526 Πλακιδία
1665 486 1740 537 ἅμα
1753 486 1892 540 καίσαρι
1909 491 1958 541 τῷ
1971 489 2070 526 παιδὶ
2084 488 2238 542 εἰσέρχε-

1203 562 1260 584 ται
1277 548 1323 589 εἰς
1342 546 1403 592 τὴν
1421 545 1623 583 Ῥάὸενναν.
1642 544 1773 584 Ἥλίων
1793 543 1829 583 δὲ
1851 548 1869 584 6
1889 545 2078 598 μᾶγιστρος
2091 546 2148 584 καὶ
2167 561 2238 584 πα-

1201 603 1329 656 τρίκιος
1341 633 1351 651 ,
1381 601 1592 642 καταλαὸὼν
1619 602 1682 650 τὴν
1707 602 1853 653 ‘Pelium
1881 603 1942 642 καὶ
1971 603 2110 642 πάντων
2129 606 2241 643 ἐκεῖσε

1204 661 1481 713 συνδραμόντων,
1498 661 1560 707 τὴν
1582 661 1765 714 βασιλικὴν
1783 663 1911 708 ἐσθῆτα
1927 661 2139 715 ἑπταέτηρον
2158 661 2239 700 ὄντα

1205 720 1313 758 ἐνδύει
1334 718 1614 760 Βαλεντινιανόν.
1635 719 1699 759 Ἐν
1719 713 1767 764 οἷς
1781 719 1841 758 καὶ
1857 719 1901 758 τὰ
1915 723 1976 766 τῆς
1991 719 2242 773 ἱστορίαςῗτε-

1203 779 1344 831 >seor-5}

1705 844 1742 868 2.

1256 902 1424 937 Zosimus
1449 903 1495 947 V,
1519 914 1567 948 27
1598 912 1607 939 ε
1625 899 1686 939 Ἔν
1702 899 1738 938 δὲ
1754 903 1797 953 τῇ
1814 899 1986 953 Ῥαὸέννῃ
2009 900 2242 952 (μητρόπολις

1204 957 1238 996 δὲ
1254 957 1466 1008 Φλαμινίας,
1481 958 1578 1002 πόλις
1592 958 1737 1011 ἀρχαία,
1751 960 1944 999 Θεσσαλῶν
1955 959 2115 1010 ἀποικία,
2127 957 2241 1006 Ῥήνη

1204 1017 1370 1062 κληθεῖσα
1390 1015 1446 1054 διὰ
1474 1015 1512 1053 τὸ
1530 1017 1746 1068 πανταχόθεν
1775 1016 1876 1055 ὕδασι
1900 1019 2156 1069 περιρρεῖσθαι,
2179 1016 2242 1055 καὶ

1204 1076 1286 1126 οὐχ,
1300 1077 1346 1117 ὡς
1368 1076 1386 1112 6
1409 1073 1776 1127 Ὀλυμπιόδωρος
1801 1077 1818 1113 6
1837 1078 1903 1122 Θη
1917 1074 2040 1118 δαῖός
2060 1090 2164 1127 φησι,
2186 1074 2243 1127 δια

1204 1131 1242 1169 τὸ
1269 1131 1423 1182 Ῥῶμον,
1452 1131 1487 1176 ὃς
1506 1133 1650 1182 ἀδελφὸς
1667 1132 1784 1184 γέγονε
1801 1132 1976 1185 Ῥωμύλῳ
1988 1163 1999 1184 ,
2025 1136 2088 1180 τῆς
2110 1133 2243 1176 πόλεως

1208 1189 1337 1237 ταύτης
1360 1190 1514 1238 οἰκιστὴν
1540 1190 1783 1243 γεγονέναι...)
1810 1194 1846 1230 ἐν
1864 1195 1907 1243 τῇ
1936 1191 2108 1243 Ῥαὸέννῃ
2131 1191 2242 1230 τοίνυν

1205 1248 1314 1301 ταύτῃ
1332 1249 1649 1302 παρεσκευασμένῳ
1667 1249 1858 1302 Στελίχωνι
1881 1255 1958 1294 ταῖς
1974 1250 2154 1302 Ἰλλυρίων
2172 1249 2242 1288 πό-

1207 1308 1283 1345 λεσι
1299 1307 1388 1357 μετὰ
1402 1308 1661 1360 στρατεύματος
1676 1310 1870 1356 ἐπιστῆναι,
1889 1309 1948 1347 καὶ
1968 1307 2030 1347 σὺν
2048 1308 2245 1362 Ἂλλαρίχῳ

1205 1366 1506 1418 παρασπάσασθαι
1521 1366 1584 1416 μὲν
1601 1366 1707 1411 αὐτὰς
1728 1367 1908 1419 Ἀρκαδίου
1919 1397 1930 1415 ,
1947 1367 2243 1419 περιποιήσασθαι

1205 1423 1241 1462 δὲ
1254 1427 1296 1475 τῇ
1314 1423 1482 1476 ςΟνωρίου
1497 1425 1668 1477 βασιλείᾳ,
1684 1425 1743 1464 δύο
1758 1425 1950 1476 κωλύματα
1965 1426 2091 1474 συνέὸη
2101 1441 2242 1479 παρεμ-

1205 1488 1336 1530 πεσεῖν,
1364 1485 1440 1524 κτλ.
1466 1486 1548 1534 (an.
1574 1485 1679 1534 506).
1708 1487 1829 1522 Petita
1846 1486 1924 1522 haec
1950 1494 2036 1522 sunt
2054 1499 2100 1523 ex
2121 1488 2247 1535 prima

1207 1544 1331 1591 operis
1351 1551 1473 1591 parte.
1491 1545 1690 1580 Antecedit
1706 1545 1809 1593 apud
1830 1546 2020 1580 Zosimum
2037 1558 2072 1580 c.
2093 1546 2143 1581 26
2162 1542 2248 1581 nar—⁴

1205 1603 1304 1637 ratio
1331 1602 1376 1638 de
1410 1603 1573 1638 victoria
1600 1615 1715 1650 quam
1741 1603 1787 1639 de
1814 1603 2053 1651 Rhadagaiso
2081 1603 2247 1639 Stelicho

1206 1661 1436 1708 reportavit,
1451 1659 1634 1709 cujusque
1655 1661 1798 1697 mentio
1812 1660 1855 1697 fit
1875 1662 1915 1696 in
1929 1661 2040 1697 Phot.
2058 1663 2147 1697 Exc.
2167 1661 2189 1711 S
2205 1674 2231 1710 9

115 1764 341 1805 Symmachum
363 1773 439 1796 vero
461 1765 638 1804 oratorem,
661 1765 813 1797 mediocri
827 1774 924 1798 censu
949 1767 1150 1808 senatorem,

113 1818 188 1848 ante
211 1818 336 1856 captam
360 1816 471 1848 urbem
499 1816 563 1848 filio
587 1817 779 1857 Symmacho
802 1818 977 1858 praeturam
1004 1819 1152 1858 gerente,

115 1869 311 1900 centenarios
320 1868 508 1909 impendisse
520 1869 629 1909 viginti
639 1879 648 1908 ;
659 1869 835 1901 Maximum
848 1869 933 1910 dein,
944 1879 980 1901 ex
995 1871 1154 1910 opulentis

114 1928 152 1951 ac
165 1919 264 1951 beatis
280 1928 379 1950 unum
389 1944 398 1958 ‚
424 1920 456 1950 in
471 1920 526 1951 filii
542 1922 713 1960 praeturam
731 1920 940 1961 quadraginta
956 1921 1154 1954 centenarios

116 1970 314 2011 impendisse.
342 1973 468 2011 Septem
481 1973 588 2004 autem
604 1971 716 2004 diebus
737 1971 882 2005 solennes
898 1972 990 2005 ludos
1002 1974 1154 2014 praetores

115 2023 327 2055 celebrabant.

158 2077 208 2106 45.
227 2075 369 2114 scriptor
381 2074 433 2106 hic
444 2075 588 2115 Ulyssem
608 2076 653 2108 ait
672 2085 737 2108 non
759 2077 843 2108 circa
866 2076 1024 2118 Siciliam,
1041 2077 1094 2109 sed
1112 2077 1151 2109 ad

116 2129 274 2158 extremas
291 2127 390 2158 ltaliae
405 2135 477 2158 oras
492 2127 673 2168 oberrasse;
690 2129 723 2160 et
744 2129 877 2169 trajecto
899 2131 1028 2161 Oceano
1045 2129 1087 2161 ad
1103 2130 1152 2160 in·

117 2179 200 2211 seros
221 2178 433 2218 descendisse,
457 2180 554 2219 atque
571 2179 603 2211 in
619 2189 656 2212 eo
673 2181 755 2212 mari
770 2181 864 2213 variis
885 2181 976 2213 illum
995 2182 1154 2214 erroribus

117 2232 270 2271 jactatum
288 2231 392 2264 ruisse.
436 2232 529 2268 Quod
548 2233 657 2265 multis
679 2234 869 2266 confirmare
888 2234 1011 2267 nititur.
1034 2234 1098 2267 Nos
1122 2235 1154 2267 et

118 2283 198 2315 alios
210 2283 315 2323 plures
327 2283 459 2323 legimus
471 2284 502 2315 in
515 2284 563 2316 his
579 2293 652 2316 cum
669 2285 723 2317 illo
739 2287 984 2319 consentientes.

160 2337 211 2366 46.
223 2335 362 2366 Remissa
371 2335 418 2366 est
429 2336 700 2377 Constantinopoli
710 2346 729 2369 a
741 2338 915 2370 Theodosio
929 2338 1066 2371 Placidia
1079 2348 1153 2371 cum

120 2385 226 2416 liberis
234 2384 384 2416 adversus
391 2386 557 2418 Joannem
567 2389 738 2427 tyrannum
750 2402 756 2421 z
766 2391 797 2421 et
806 2389 859 2421 illa
867 2390 994 2430 quidem
1002 2392 1154 2431 Augustae

120 2444 236 2467 nomen
246 2459 255 2474 ,
266 2436 506 2470 Valentinianus
526 2447 599 2470 vero
612 2439 802 2472 Nobilissimi
816 2441 946 2473 titulum
962 2442 1075 2473 iterato
1087 2450 1152 2474 sus-

121 2487 204 2527 cepit
228 2487 328 2526 (424).
348 2488 528 2521 Submissus
547 2499 675 2531 quoque
697 2493 872 2533 exercitus,
899 2494 1037 2535 bellique
1052 2496 1154 2535 impe-

123 2540 210 2568 rator
223 2539 388 2579 utriusque
399 2540 538 2580 militiae,
557 2542 753 2575 Ardaburins
768 2545 918 2576 nimirum
942 2554 1017 2577 eum
1037 2549 1156 2586 Aspare

123 2589 188 2619 lilio
201 2612 209 2627 ‚
221 2588 328 2621 addito
341 2592 373 2622 et
388 2591 481 2623 terlio
497 2593 703 2627 Candidiano.
719 2595 765 2627 Ad
785 2596 1040 2628 Thessalonicam
1055 2606 1155 2637 quum

125 2641 258 2670 ventum
283 2643 376 2681 esset,
405 2643 517 2674 Helion
539 2644 718 2677 officiorum
744 2648 904 2687 magister,
931 2656 950 2679 a
978 2648 1156 2681 Theodosio

126 2689 250 2730 missus,
261 2692 516 2725 Valentinianum
528 2695 558 2726 in
569 2695 635 2735 ipsa
647 2696 699 2728 illa
710 2697 787 2730 urbe
798 2698 932 2730 Caesaris
942 2700 1030 2731 veste
1039 2699 1154 2740 induit,

123 2749 223 2772 annos
239 2744 348 2774 nalum
370 2747 432 2775 non
449 2745 584 2786 amplius
599 2747 740 2788 qulnque
756 2751 854 2790 (424).
870 2751 977 2787 Quum
994 2752 1101 2784 autem
1116 2752 1157 2784 ad

1215 1768 1341 1800 ltaliam
1366 1769 1593 1809 pervenissent,
1619 1769 1817 1801 Ardaburius
1837 1778 1856 1801 a
1876 1770 2003 1810 tyranni
2023 1770 2178 1802 militibus
2194 1778 2249 1802 ca·

1211 1818 1310 1859 pitur,
1327 1820 1503 1861 missusque
1522 1820 1560 1851 ad
1575 1820 1665 1852 illum
1681 1821 1854 1853 amicitiam
1871 1830 1944 1852 cum
1962 1821 2074 1853 eodem
2087 1821 2155 1853 init.
2173 1821 2250 1861 EJus

1211 1870 1338 1902 interim
1355 1870 1456 1911 filius,
1483 1873 1607 1912 Aspar,
1630 1881 1693 1903 una
1708 1881 1782 1903 cum
1799 1872 1937 1904 placidia
1961 1872 1994 1903 in
2008 1881 2121 1912 magna
2142 1881 2249 1904 rerum
2292 1894 2294 1896 ψ

1212 1921 1430 1962 desperatione
1442 1923 1595 1963 luctuque
1602 1923 1822 1955 versabantur.
1834 1923 1896 1955 Sed
1906 1922 2132 1964 candidianus,
2141 1924 2250 1956 multis

1212 1974 1374 2013 occupatis
1385 1973 1518 2006 urbibus
1529 1997 1538 2013 ,
1554 1975 1709 2015 partaque
1725 1974 1819 2006 rebus
1835 1974 1916 2006 bene
1928 1974 2023 2014 gestis
2037 1976 2174 2007 nominis
2186 1976 2248 2007 cla-

1213 2024 1324 2064 ritate,
1351 2024 1476 2056 luctum
1501 2025 1666 2066 dissipavit
1690 2025 1877 2066 animosque
1893 2025 2040 2057 reddidit.
2068 2028 2162 2058 Coeso
2175 2026 2249 2059 dein

1214 2079 1338 2109 Joanne
1363 2078 1500 2118 tyranno
1525 2078 1610 2118 (425)
1623 2102 1632 2118 ,
1661 2077 1799 2110 Placidia
1827 2086 1893 2110 una
1928 2086 2004 2110 cum
2029 2079 2156 2110 Caesare
2181 2078 2249 2111 lilio

1213 2130 1399 2161 Ravennam
1409 2129 1490 2161 iniit.
1505 2129 1618 2161 Heliou
1631 2137 1720 2168 vero,
1735 2129 1882 2169 magister
1895 2130 1927 2161 et
1939 2129 2100 2169 patricius,
2113 2131 2248 2162 Romam

1213 2180 1340 2220 invasit,
1356 2180 1570 2221 omnibusque
1590 2189 1628 2212 eo
1644 2179 1895 2220 confluentibus,
1912 2180 2168 2213 valentinianum
2183 2180 2250 2220 jam

1212 2233 1396 2272 septennem
1410 2234 1499 2264 voete
1523 2231 1629 2264 induit
1648 2231 1862 2273 imperatoria.
1882 2234 1919 2265 ln
1940 2231 1990 2264 his
2012 2231 2160 2264 Historiae
2180 2231 2252 2264 finis

1212 2283 1270 2315 est.

1710 2338 1745 2370 2.

1254 2390 1304 2423 Ad
1312 2393 1493 2423 Ravennam
1507 2390 1519 2431 (
1531 2399 1603 2431 quae
1614 2390 1800 2431 metropolis
1811 2390 1857 2423 est
1868 2389 2051 2430 Flaminiae;
2062 2389 2165 2431 prisca
2176 2399 2252 2423 sane

1215 2442 1325 2474 civitas
1333 2466 1343 2482 ‚
1355 2442 1479 2474 colonia
1489 2442 1724 2482 Thessalorum,
1735 2442 1845 2474 Rhene
1859 2441 1962 2482 dicta,
1975 2441 2063 2482 quod
2075 2450 2146 2474 eam
2157 2449 2250 2482 aquae

1214 2493 1255 2525 ab
1272 2494 1359 2525 omni
1380 2495 1470 2534 parte
1485 2493 1731 2533 circumfluunt;
1746 2502 1811 2525 non
1833 2495 1940 2525 autem
1962 2494 2145 2534 propterea,
2167 2492 2251 2525 sient

1215 2544 1462 2585 olympiodorus
1477 2544 1635 2576 Thebaeus
1649 2545 1706 2585 ait,
1730 2544 1816 2585 quod
1830 2546 1966 2584 Remus,
1989 2544 2119 2576 Romuli
2141 2544 2249 2583 frater,

1216 2606 1285 2629 eam
1299 2597 1511 2637 condiderit),
1525 2597 1564 2628 ad
1573 2599 1755 2630 Ravennam
1767 2597 1861 2637 igitur
1873 2597 2052 2630 Stelichoue
2058 2597 2125 2637 jam
2136 2597 2247 2637 parato

1214 2648 1256 2680 ad
1269 2648 1411 2689 Illyricas
1421 2648 1516 2680 urbes
1531 2656 1606 2680 cum
1622 2648 1765 2681 exercitu
1783 2648 1964 2687 adeundas,
1983 2649 2016 2680 et
2032 2647 2170 2682 Alarichi
2188 2656 2250 2679 au-

1215 2701 1291 2733 xilio
1312 2700 1354 2733 ab
1373 2700 1506 2733 Arcadio
1527 2700 1714 2732 avertendas
1729 2701 1762 2732 et
1783 2700 1914 2733 Honorii
1931 2709 2027 2742 regno
2043 2699 2251 2741 adjiciendas,

1215 2751 1442 2793 impedimenta
1450 2751 1518 2784 duo
1531 2747 1662 2792 contigit
1673 2750 1873 2784 intervenire.
