2326 3724
101 227 148 260 ⁵4

150 397 257 434 Idem
279 412 288 434 ·,
309 396 381 436 ‘PB
394 412 472 447 μα,
492 397 631 450 φυλακή
650 427 658 436 .
674 427 687 447 .-
702 427 710 437 .
733 416 749 435 τι
771 399 832 443 Ἐς
848 399 945 445 τόξου
967 403 1060 453 ῥῦμα
1077 417 1141 439 πε-

99 453 255 506 ριέπλεον
275 460 344 498 τοῖς
361 454 553 506 Ῥωμαίοις
572 457 602 493 οἱ
622 456 814 510 βάρὸαροι,
836 458 939 496 πόλλ’
958 458 1034 508 ἅμα
1057 459 1140 511 βέλη

98 513 268 566 ἀφιέντες.
291 532 307 548 υ
329 514 524 557 Εὐνάπιος·
545 531 562 549 α
583 514 704 567 Πέτρα
716 515 752 553 δέ
767 531 817 559 τις
833 516 1088 568 ἀπεσπασμένη
1110 519 1143 560 ἐς

97 571 199 616 τόξου
218 574 331 625 ῥῦμα,
352 592 369 606 τ»
389 572 563 610 τουτέστιν
583 572 756 623 ἕλκυσμα.
780 573 852 613 Καὶ
868 568 980 618 αὖθις·
1007 593 1023 609 «
1044 577 1140 628 Κρα-

96 632 202 673 ταιῶς
218 632 256 668 ἐκ
271 630 399 668 τούτων
418 633 570 678 ἀν’ῆπτον
589 631 633 668 τὰ
661 631 800 684 ῥύματα
813 661 822 678 ,
843 631 1080 680 λαμὸάνοντες
1103 635 1141 671 ἐκ

97 690 165 726 τῶν
199 688 277 726 κατ’
305 688 441 736 ἄλληλα
470 688 613 735 πλοίων,
645 689 706 727 καὶ
734 689 916 741 κατείχετο
938 690 977 728 τὸ
1011 692 1142 741 ζεῦγμα

97 751 168 789 τοῖς
199 746 343 799 ῥύμασι.
370 765 384 781 υ
406 749 553 785 Primus
573 756 609 784 et
640 750 770 785 tertius
796 749 903 785 locus
932 763 1023 785 num
1054 751 1143 785 item

96 807 259 855 Eunapii
278 809 346 852 sit,
367 809 406 842 in
421 808 549 843 medio
576 808 763 856 relinquo.
792 808 901 846 Certe
921 809 987 856 qui
1006 808 1143 844 deinde

96 865 340 914 subjungitur
357 867 482 902 verbis
505 864 577 903 Καὶ
605 859 699 908 αὖθις
725 867 832 902 locus
861 874 1037 916 quartus,
1065 879 1153 902 non-

97 931 152 959 est
170 925 333 973 Eunapii
352 925 418 960 sed
437 925 589 972 Polybii
613 924 690 974 (ΙΙΙ
703 951 714 970 ,
738 923 823 975 46).

149 982 256 1018 Idem

97 1038 305 1083 διοίὸασις-»

583 1104 648 1147 94·

149 1186 257 1222 Idem
291 1199 330 1224 V.
367 1184 631 1228 Μελεδωνός
662 1200 670 1222 2
711 1184 783 1224 Καὶ
815 1185 1009 1230 Εὖνάπιος·
1028 1204 1042 1220 α
1063 1188 1142 1226 Τῶν

97 1243 212 1280 αὐτῶν
233 1244 318 1280 ἐθῶν
339 1243 444 1296 (ἐτῶν
464 1257 501 1281 v.
529 1244 576 1294 l.)
603 1243 750 1293 γυναῖκά
766 1259 843 1282 τινα
870 1245 1007 1288 στείλας
1026 1247 1143 1292 ἐσθῆτι

96 1302 204 1352 λευκῇ
221 1301 280 1339 καὶ
300 1300 513 1351 στέμμασιν,
535 1303 581 1344 ὡς
600 1300 642 1344 δὴ
663 1301 856 1352 μελεδωνὸν
874 1296 980 1340 οὖσαν
1001 1305 1061 1350 τῆς
1079 1305 1145 1343 Συ-

97 1357 170 1410 ρίας
190 1358 280 1397 οὕτω
296 1358 337 1405 δὴ
359 1358 575 1410 καλουμένης
592 1362 683 1399 θεοῦ.
705 1377 720 1393 υ

584 1441 647 1490 95.

149 1517 287 1553 Idem:
311 1515 797 1568 Ἀποτραχηλίζοντες,
818 1516 1047 1569 ἇποίγχοντες.
1072 1518 1144 1556 Εὖ-

98 1574 235 1618 νάπιος·
257 1592 274 1608 α
295 1575 367 1614 Καὶ
388 1577 418 1613 οἱ
436 1574 498 1626 μὲν
518 1573 641 1619 αὐτοὺς
659 1575 844 1629 διέφθειρον
870 1576 1033 1628 σχοινίοις
1052 1578 1142 1614 ἀπο-

98 1632 376 1685 τραχηλίζοντες.
398 1651 413 1667 »

589 1694 654 1743 96.

149 1781 257 1818 Idem
280 1794 317 1818 v,
343 1779 564 1829 Ἐκμελές
597 1795 605 1817 ;
642 1798 656 1813 rr
679 1779 750 1819 Καὶ
784 1775 896 1818 τᾶλλα
926 1779 1019 1827 πάθη
1050 1778 1142 1817 κατὰ

95 1836 158 1884 τὴν
183 1839 312 1889 ἐκμελῆ
339 1837 445 1891 λύραν
473 1837 698 1890 ἐθεραπεύετο
717 1856 732 1873 υ
752 1869 762 1888 ‚
779 1838 882 1891 φησὶν
916 1838 1102 1882 Εὐνάπιος.

589 1923 654 1959 97·

148 1986 255 2022 Idem
278 1999 286 2022 t
312 1984 352 2024 ’A
365 2001 392 2022 π
404 2001 425 2023 α
436 2001 456 2036 γ
468 2000 486 2023 0
498 2001 515 2037 ρ
526 2000 542 2022 ε
553 1983 572 2022 ύ
584 2000 599 2023 ε
612 2000 622 2022 ι
635 2015 646 2035 ,
677 1985 934 2036 ἀποτρέπεται,
967 1986 1136 2036 ἀρνεῖται.

96 2061 113 2077 «ι
132 2042 404 2096 Ἀπαγορεύουσι
421 2046 471 2095 τῷ
491 2042 664 2095 Φιλίππῳ
678 2072 688 2091 ,
710 2043 771 2082 καὶ
791 2043 848 2082 τὸν
869 2042 990 2082 Δέκιον
1011 2045 1138 2093 ἀναγο-

97 2101 264 2153 ρεύουσιν.
285 2119 299 2135 υ
319 2101 391 2140 Καὶ
421 2096 515 2145 αὖθις
533 2102 780 2145 Εὐνάπιος·
797 2120 813 2137 «
841 2102 934 2154 Πρὸς
953 2101 991 2139 τὸ
1011 2100 1140 2154 ἀφανὲς

96 2159 154 2197 καὶ
172 2160 328 2213 ἀόριστον
344 2163 405 2206 effi<
424 2158 541 2212 χώρας
562 2159 786 2210 ἐκπεσόντες,
814 2160 898 2211 πρὸς
921 2158 998 2202 τοὺς
1013 2159 1137 2211 φόνους

95 2217 154 2256 καὶ
184 2218 268 2270 πρὸς
285 2218 348 2264 τὴν
381 2218 476 2256 λείαν
505 2217 790 2270 ἀπαγορεύοντες.
825 2236 841 2251 ‘³
872 2217 963 2257 Καί·
987 2235 1004 2253 r«
1026 2218 1135 2256 Ἀπα-

96 2275 244 2327 γορεύεις
262 2276 398 2326 ”Σίμων
424 2275 551 2327 Πέτρε.
587 2294 602 2309 n
627 2279 798 2314 Priorem
825 2278 952 2314 locum
977 2278 1139 2326 Dexippi

97 2348 174 2371 esse
200 2337 410 2384 suspicatur
433 2335 710 2383 Bernhardyus.
744 2336 852 2373 Idem
880 2349 1016 2372 vocem
1044 2329 1138 2378 αὖθις

97 2401 182 2429 ante
205 2391 432 2444 ἀπαγορεύεις
449 2395 544 2442 poni
562 2395 654 2433 vult.

141 2574 156 2590 n
174 2561 305 2593 Barbari
329 2564 488 2595 Romanos
510 2562 842 2603 circumnavigarunt,
867 2565 991 2605 sagittae
1019 2563 1142 2604 jactum

97 2612 138 2644 ab
154 2613 192 2645 iis
206 2612 378 2653 distantes,
398 2614 564 2655 multaque
580 2615 643 2647 tela
665 2615 697 2646 in
719 2623 773 2646 eos
788 2615 973 2648 emiserunt.
990 2629 1007 2644 »ι
1023 2633 1063 2639 —
1076 2617 1142 2647 Eu-

97 2664 211 2704 napius
226 2677 233 2696 :
252 2677 268 2692 u
287 2666 381 2696 Petra
394 2674 471 2697 vero
489 2666 635 2706 quaedam
649 2665 704 2698 teli
725 2666 847 2706 ¹iactum
864 2667 998 2700 distans,
1019 2680 1035 2696 n
1049 2685 1090 2693 -
1103 2667 1143 2698 Et

97 2717 215 2748 iterum
234 2726 242 2747 :
259 2729 273 2743 «
288 2717 435 2749 Firmiter
449 2718 497 2750 liis
514 2719 603 2750 funes
614 2718 775 2751 ductarios
796 2720 982 2760 alligarunt,
996 2729 1077 2760 quos
1088 2729 1143 2752 su-

98 2769 230 2800 mebant
244 2777 286 2800 ex
302 2769 454 2809 navibus,
466 2779 604 2810 quarum
620 2771 719 2803 altera
734 2772 827 2812 Juxta
842 2773 977 2804 alteram
990 2774 1145 2805 collocata

102 2822 194 2862 erat3
211 2821 322 2862 itaque
338 2830 420 2863 pons
435 2823 563 2855 funibus
576 2823 728 2855 ductariis
743 2825 951 2857 retinebatur.
969 2839 985 2854 »

591 2881 649 2912 94.

142 2932 314 2964 Mulierem
325 2957 334 2972 ‚
352 2941 426 2973 quae
442 2942 548 2966 mores
563 2935 705 2974 ejusdem
720 2936 828 2975 populi
851 2937 1050 2977 sequeretur,
1076 2936 1146 2967 alba

98 2985 187 3015 veste
201 2985 233 3015 et
245 2984 373 3016 coronis
383 2987 529 3017 ornatam
543 2989 639 3027 unsit,
648 2987 739 3027 quasi
750 2988 947 3020 sacerdotem
958 2990 1034 3020 Deae
1048 2988 1146 3028 Syriae

100 3043 197 3075 quam
217 3036 385 3076 appellant.

594 3092 652 3124 95.

140 3144 180 3176 Et
195 3143 241 3175 illi
254 3144 388 3184 quidem
407 3153 461 3177 eos
475 3145 605 3178 funibus
617 3146 852 3187 strangulantes
867 3148 1034 3179 necarunt.

592 3201 651 3234 96.

142 3254 182 3285 Et
209 3253 306 3285 ceteri
333 3253 401 3294 ejus
424 3255 527 3287 morbi
555 3256 596 3287 ad
622 3256 782 3296 ingratum
802 3257 879 3297 lyrae
895 3258 1027 3289 cantum
1049 3266 1144 3290 sana-

101 3304 229 3337 bantur.

595 3363 654 3395 97.

142 3411 250 3453 Quu'm
277 3415 309 3447 in
333 3415 501 3448 obscuram
521 3418 552 3447 et
571 3416 730 3448 occultam
759 3416 893 3457 regionis
922 3417 1044 3457 partem
1070 3426 1142 3458 per·

293 995 301 1018 :
337 984 542 1032 Ζεῦγμα.
568 981 755 1025 Εὐνάπιος.
779 999 794 1016 «
815 981 861 1021 ‘H
892 985 951 1020 τοῦ
985 985 1162 1033 ποταμοῦ,

931 225 1145 265 EUNAPII
1172 225 1417 266 SARDIANI

1685 338 1751 387 98.

1255 440 1363 476 Idem
1389 452 1427 476 v.
1457 440 1496 478 M
1507 454 1522 477 ε
1532 453 1554 490 γ
1564 441 1615 478 αλ
1625 455 1730 493 οπρε
1740 440 1796 488 πή
1808 457 1824 486 ς
1848 456 1857 480 z
1889 442 2078 487 Εὗνᾶπιος·
2107 461 2123 479 α
2148 443 2241 483 Οὔτε

1205 495 1316 541 ἄλλως
1325 497 1364 535 τὸ
1377 497 1638 550 μεγαλοπρεπὲς
1652 498 1742 537 κατὰ
1754 499 1817 547 τὴν
1828 499 1962 540 δίαιταν
1973 502 2008 540 ἐν
2019 502 2094 546 ταῖς
2110 501 2243 555 μὀίχαις

1205 555 1278 593 ἐστὶ
1299 555 1547 607 φιλοκίνδυνον,
1571 574 1587 591 υ

1688 635 1753 672 99·

1255 717 1364 755 Idem
1398 731 1406 754 :
1434 718 1667 768 Συντεκμη
1681 717 1882 770 ράμενος,
1904 719 2110 770 συμὸαλὼν,
2132 736 2243 760 κατοι-

1204 774 1478 828 στοχασάμενος.
1517 776 1690 820 Εὔνάπιος
1703 792 1712 802 ·
1742 795 1758 812 «
1790 777 1861 816 Τὸν
1885 778 2001 817 πάντα
2033 779 2106 831 βίον
2137 781 2244 818 αὐτοῦ

1204 833 1530 887 συν-τεκμηράμενος
1545 835 1584 872 ἐκ
1598 837 1667 873 τῶν
1680 836 1832 889 ἐναργῶν
1846 836 1925 890 περὶ
1941 837 2044 876 αὐτὸν
2059 837 2244 888 συμὸόλων

1204 907 1239 930 τε
1259 891 1320 931 καὶ
1336 891 1503 943 σημείων.
1528 912 1543 928 u

1680 978 1765 1003 100.

1258 1059 1364 1098 Idem
1385 1075 1392 1098 :
1416 1060 1677 1114 Διάμετρος,
1693 1063 1926 1115 γεωμετρικόν
1947 1078 1980 1101 τι
1999 1057 2099 1108 εἶδος.
2131 1064 2246 1104 Εὗνᾶ-

1203 1134 1299 1162 πιος·
1324 1137 1341 1152 «
1364 1118 1431 1162 “Ως
1449 1119 1541 1157 κατά
1559 1135 1656 1164 τινας
1679 1120 1883 1172 διαμέτρους
1901 1122 2042 1173 κεραίας
2058 1125 2246 1175 κεχιῶσθαι

1205 1176 1266 1224 τὴν
1299 1178 1458 1229 γλῶτταν
1495 1183 1572 1222 ταῖς
1596 1178 1808 1223 ’ἀντιτύποις
1839 1180 2030 1225 συαὸολαῖς
2065 1184 2133 1220 τῶν
2170 1181 2246 1221 ἀκί-

1205 1236 1288 1275 δων.
1313 1254 1329 1269 υ
2220 1244 2223 1246 ’

1683 1322 1768 1346 101.
1783 1322 1790 1325 '

1257 1405 1363 1442 Idem
1386 1418 1394 1441 ι
1417 1407 1514 1444 Διεν
1526 1420 1541 1443 ε
1553 1405 1677 1455 γκεῒν
1689 1435 1700 1455 ,
1720 1406 1876 1458 ἀγαγεῖν.
1901 1406 2087 1451 Εὒνάπιος·
2103 1426 2120 1444 κ
2139 1408 2244 1448 Κατὰ

1203 1462 1341 1506 τούτους
1356 1462 1433 1507 τοὺς
1448 1462 1591 1516 χρόνους
1608 1463 1674 1502 ὑπὸ
1689 1467 1750 1511 τῆς
1767 1464 1959 1517 ἀνδρώδους
1971 1465 2131 1516 γυναικὸς
2146 1466 2245 1520 ἔργον

1204 1520 1451 1571 κατετολμήθη
1489 1521 1549 1559 καὶ
1596 1522 1819 1575 συνεπράχθη
1857 1529 2012 1574 γενναῖον
2047 1523 2138 1563 οὕτω
2185 1525 2246 1564 καὶ

1205 1580 1374 1631 ἀνδρῶδες
1386 1609 1398 1631 ,
1416 1579 1508 1618 ὥστε
1528 1579 1674 1619 ἄπιστον
1702 1575 1791 1620 εἶναι
1820 1582 2004 1633 διενεγκεῖν
2025 1583 2071 1627 εἷς
2089 1582 2152 1632 τὴν
2170 1584 2246 1632 &75-

1203 1654 1317 1690 γησιν.
1337 1656 1352 1673 ι

1689 1724 1774 1751 102.

1257 1810 1366 1846 Idcm
1382 1822 1421 1847 v.
1445 1807 1606 1848 Παιδιοί
1622 1823 1632 1847 t
1648 1809 1835 1852 Εὖνοίπιος·
1851 1826 1866 1844 «
1887 1810 1959 1849 Καὶ
1976 1812 2007 1848 οἵ
2026 1810 2088 1860 μὲν
2102 1811 2244 1850 παιδιάν

1203 1882 1279 1906 τινα
1306 1869 1345 1905 ἐκ
1371 1869 1439 1905 τῶν
1467 1867 1642 1918 πολεμίων
1674 1867 1877 1919 ἡγούμενοι,
1900 1872 2061 1907 τοσοῦτον
2095 1870 2241 1923 ἐδυσχέ·

1205 1941 1331 1979 ραινον,
1357 1923 1435 1964 ὅσον
1455 1926 1690 1977 ἠναγκάζοντο
1712 1931 1795 1978 βοᾶν
1815 1930 1892 1965 καθ’
1910 1927 1965 1968 οὒς
1985 1927 2184 1976 ἐμὸοίλοιεν.
2205 1946 2220 1963 u

1257 2002 1272 2017 κ
1293 1987 1331 2022 Si
1346 1987 1491 2035 reliqua
1511 1986 1610 2022 belle
1630 1999 1668 2022 se
1684 1987 1842 2032 habent,
1865 1989 1994 2024 saltem
2016 1989 2102 2037 βοᾶν
2121 1989 2246 2024 labem

1203 2043 1310 2080 duxit
1343 2057 1351 2080 :
1386 2056 1474 2079 narn
1497 2045 1709 2093 Eunapius‚
1747 2046 1899 2093 opinor,
1930 2046 2074 2090 voluit,
2109 2047 2246 2083 milites

1201 2102 1285 2137 illos
1315 2102 1495 2150 opinione
1525 2102 1636 2140 falsos
1655 2103 1766 2138 fuisse
1778 2129 1788 2148 ,
1811 2104 1876 2151 qui
1897 2116 2014 2151 quum
2031 2104 2174 2139 bellum
2193 2106 2246 2141 sic

1199 2172 1270 2208 per
1290 2160 1423 2195 ludum
1436 2159 1645 2209 jocumque
1664 2169 1832 2210 gesturos
1852 2163 1976 2198 animo
1989 2164 2247 2211 praesumpsis-

1200 2226 1300 2263 sent,
1320 2230 1502 2254 aerumnas
1519 2219 1720 2255 debuerint
1734 2220 1895 2255 tolerare
1911 2221 1970 2256 vel
1986 2221 2099 2256 rebus
2113 2222 2245 2257 alienis

1201 2277 1400 2313 abstinere.
1421 2278 1563 2314 Contra
1581 2279 1693 2314 sentit
1712 2279 1971 2323 Hermannus,
2003 2279 2132 2326 priora
2159 2291 2246 2314 ver-

1201 2341 1307 2380 tens,
1325 2339 1450 2382 jocum
1478 2336 1730 2385 opt'nabantur
1757 2337 1807 2372 ab
1834 2337 1992 2372 hostibus
2013 2344 2203 2384 paratum.
2226 2353 2242 2369 »

1197 2394 1446 2432 BaaNnAnnY.

1200 2505 1360 2537 venissent
1369 2528 1379 2545 ,
1398 2506 1430 2537 et
1446 2505 1589 2537 caedibus
1604 2505 1784 2546 praedisque
1805 2505 1932 2546 agendis
1947 2505 2108 2546 defatigati
2122 2506 2237 2537 essent.

1243 2620 1285 2652 Et
1300 2619 1441 2660 alioquin
1459 2619 1523 2658 illi,
1540 2619 1597 2661 qui
1609 2566 1773 2661 splenzide
1784 2620 1918 2661 vivunt,
1932 2619 2082 2661 periculis
2104 2619 2137 2651 in
2160 2618 2246 2651 bello

1202 2681 1236 2705 se
1250 2671 1366 2704 offerre
1381 2673 1541 2703 recusant.
1715 2720 1737 2752 9

1691 2721 1713 2752 9
1741 2744 1749 2752 .

1246 2777 1383 2807 Omnem
1394 2775 1463 2815 eJus
1473 2775 1570 2807 vitam
1584 2783 1641 2815 per
1653 2774 1870 2814 conjecturam
1883 2775 2046 2807 assecutus
2059 2783 2100 2807 ex
2115 2773 2247 2806 eviden-

1204 2827 1291 2859 tibus
1305 2827 1430 2859 indiciis
1445 2826 1616 2867 signisque.

1683 2883 1763 2915 100.

1250 2938 1298 2968 lta
1314 2938 1351 2968 ut
1366 2937 1473 2976 lingua
1495 2935 1670 2967 secundum
1691 2934 1843 2975 quasdam
1861 2935 2032 2967 diametros
2057 2934 2198 2967 adversis
2215 2937 2249 2967 et

1208 2989 1397 3020 coeuntibus
1410 2988 1603 3029 spiculorum
1617 2987 1731 3019 ictibus
1747 2987 1913 3020 decussata
1925 2987 2019 3018 esset.

1682 3043 1762 3076 101.

1249 3098 1307 3130 His
1331 3098 1528 3139 temporibus
1553 3097 1675 3129 facinus
1698 3097 1858 3138 quoddam
1888 3096 2040 3128 audacter
2065 3098 2247 3136 susceptum

1210 3161 1228 3184 a
1242 3153 1323 3185 virili
1339 3153 1472 3185 muliere
1489 3154 1522 3184 et
1540 3152 1720 3183 consectum
1737 3151 1802 3190 est,
1819 3150 1898 3182 adeo
1915 3158 2100 3190 generosum
2117 3150 2194 3181 illud
2215 3153 2247 3182 et

1204 3205 1296 3237 virile
1307 3229 1318 3246 ,
1332 3206 1370 3237 ut
1385 3204 1570 3236 incredibile
1587 3204 1645 3243 sit,
1658 3203 1685 3235 si
1701 3203 1732 3234 in
1747 3202 1960 3234 narrationem
1976 3201 2164 3234 deducatur.

1680 3259 1758 3299 102.

1245 3315 1286 3346 Et
1298 3313 1343 3345 illi
1357 3312 1486 3354 quidem
1503 3311 1614 3344 ludum
1625 3311 1784 3352 quendam
1799 3309 1838 3342 ab
1852 3309 1994 3341 hostibus
2006 3308 2071 3340 ludi
2085 3309 2245 3348 plitaiiteS‚

1203 3367 1328 3398 tantum
1367 3365 1624 3405 indignabantur,
1654 3365 1811 3404 quantum
1849 3361 2014 3394 vociferari
2047 3361 2237 3401 cogebantur

1204 3419 1318 3450 contra
1337 3417 1408 3450 illos
1417 3442 1426 3457 ‚
1440 3425 1523 3458 quos
1534 3415 1772 3448 adoriebantur.

2312 764 2326 779 :³
2314 741 2326 754 .*.⁸
2306 657 2326 736 &aaa
2307 625 2326 643 ’ἔρ
