2372 3704
151 205 225 238 ⁴00

426 304 454 339 Ε
483 302 644 340 LIBRIS
670 299 907 339 INCERTIS.

642 398 663 436 3
670 429 678 437 .

195 482 336 518 Plinius
352 480 401 519 H.
418 482 466 520 N.
488 482 552 528 IV,
573 494 640 527 12,
660 493 709 517 20
729 493 738 517 :
759 479 938 516 Dosiades
956 490 1039 514 eam
1071 476 1188 525 (Cre-

143 539 240 589 tam)
259 553 284 576 a
314 539 421 578 Crete
450 541 619 589 nympha
644 553 656 575 .·
675 538 1014 587 Hesperidisfilm,
1039 539 1188 572 Anasi-

142 600 300 636 mander
325 613 338 636 .·
358 614 384 635 α
410 613 499 647 rege
518 601 707 642 Curetum,
731 597 950 634 Pliilistides
974 595 1154 630 Mallotes
1173 605 1188 630 .·

143 658 275 695 Crates
282 663 449 707 primum
464 660 619 694 Aeriam
635 658 775 692 dictam
794 668 806 690 :
820 655 956 690 deinde
964 661 1096 702 postea
1115 651 1185 688 Cu-

142 721 252 762 retin,
275 725 312 753 et
326 717 512 753 Macardn
529 716 699 751 nonnulli
714 727 740 749 a
756 716 933 762 temperie
948 713 1038 747 caeli
1054 712 1188 760 appel-

145 777 260 812 latam
277 779 546 812 existe'mavere.
564 775 594 810 E
611 773 735 810 Plinio
758 783 826 808 sua
841 771 990 808 Solinus
1010 783 1051 819 p.
1074 773 1134 816 74.

622 871 710 908 3a.

197 961 322 998 Schol.
341 961 386 998 ll.
406 974 448 1006 υ,
470 959 544 1003 234
564 971 572 995 :
595 955 761 998 Μνασέας
780 954 818 993 δέ
836 969 940 1004 φησιν
959 952 1027 992 ὑπὸ
1047 952 1190 993 Ταντά-

143 1019 204 1056 λου
223 1018 404 1070 ἡρπάσθαι
423 1015 680 1070 (Γανυμήδην)
701 1013 760 1052 καὶ
780 1015 814 1051 ἐν
836 1011 1031 1065 κυνηγεσίῳ
1049 1013 1190 1064 ἀναιρε-

144 1079 244 1122 θῆναι
259 1075 427 1126 (πεσόντα
443 1077 596 1126 ταφῆναι
610 1074 644 1111 ἓν
659 1074 708 1126 τῷ
723 1071 849 1124 Μυσίῳ
863 1071 1037 1124 Ὀλύμπῳ
1048 1071 1140 1109 κατὰ
1150 1070 1189 1109 τὸ

143 1134 231 1187 ἱερὸν
248 1138 307 1172 τοῦ
324 1132 524 1183 Ὀλυμπίου
537 1130 635 1181 Διός)
646 1147 654 1155 ·
670 1131 852 1178 Δωσιάδης
869 1131 905 1169 δὲ
919 1130 985 1169 ὑπὸ
1003 1130 1114 1169 Μίνω·
1129 1129 1190 1168 καὶ

143 1196 161 1230 ὃ
180 1192 304 1243 λιμὴν,
319 1191 393 1230 ὅθεν
407 1191 591 1243 ἡρπάσθη,
608 1189 641 1229 Ἄ
649 1190 797 1243 ρπαγίας
816 1191 998 1228 καλεῖται·
1019 1188 1190 1233 ἀξιοῦντος

144 1249 180 1288 δὲ
210 1253 356 1301 μιγῆναι
377 1251 471 1302 αὐτῷ
497 1249 782 1302 κατακρημνίσαι
802 1248 904 1286 αὑτόν
917 1263 926 1272 ·
949 1246 1007 1285 τὸν
1027 1247 1062 1286 δὲ
1082 1247 1190 1300 θάψαι

143 1309 203 1347 καὶ
222 1309 427 1347 πλάσασθαι
442 1310 489 1361 τῷ
507 1307 615 1360 πατρῖ
634 1310 680 1351 ὡς
695 1307 822 1345 θύελλα
837 1306 897 1345 καὶ
914 1305 1013 1358 νέφος
1031 1305 1189 1358 ἥρπασεν

144 1367 262 1406 αὐτόν.
284 1369 340 1406 Cf.
371 1369 593 1405 Echemenis
623 1365 786 1419 Κρητικὰ
806 1379 869 1416 ap.
900 1367 1038 1405 Athen.
1065 1368 1188 1416 XIII,

142 1442 180 1477 p.
197 1428 269 1464 601
285 1455 296 1474 ,
317 1429 361 1466 E.

649 1496 684 1535 ι..

196 1569 357 1607 Bekker.
381 1567 527 1605 Anecd.
544 1580 583 1617 p.
616 1566 712 1614 783,
737 1570 782 1610 14
812 1578 821 1605 :
842 1564 1012 1612 Δοτιάδης
1035 1566 1109 1616 (sic
1124 1563 1135 1616 )
1153 1564 1188 1603 δὲ

144 1629 179 1665 ἐν
206 1625 329 1678 Κρήτῃ
350 1625 453 1678 φησὶν
477 1627 655 1678 εὑρεθῆναι
675 1623 764 1662 αὐτά
785 1623 799 1675 <
812 1638 866 1664 sc.
888 1623 933 1662 τὰ
955 1622 1186 1676 γράμματα).

653 1724 687 1762 5.

197 1808 313 1845 Clem.
336 1807 396 1843 Al.
418 1807 541 1843 Protr.
571 1818 605 1843 c.
639 1803 675 1840 3.
696 1817 737 1853 p.
773 1816 840 1849 η,
864 1804 911 1846 34
932 1803 1036 1852 sylb.
1060 1802 1119 1854 (Ι,
1142 1803 1191 1840 36

145 1866 244 1914 Vil.)
277 1878 286 1902 ε
314 1865 439 1913 Lyctii
459 1865 497 1899 in
522 1863 633 1902 Creta
657 1863 745 1898 Jovi
772 1863 945 1898 homines
972 1863 1190 1912 immolant,

144 1924 329 1960 referente
343 1924 381 1959 in
399 1924 526 1960 Nostis
543 1921 732 1958 Anticlide
753 1920 826 1970 (fr.
847 1918 897 1970 9)
917 1933 925 1956 :
946 1918 1005 1957 καὶ
1021 1919 1192 1963 Λεσὸίους

145 1979 304 2032 Διονύσῳ
322 1979 383 2026 τὴν
410 1979 532 2030 ὁμοίαν
558 1978 747 2031 προσάγειν
767 1976 887 2016 θυσίαν
906 1976 1064 2021 Δωσίδας
1082 1978 1092 2028 (
1107 1980 1160 2016 sic
1177 1979 1188 2030 )

150 2039 257 2091 λέγει.
281 2040 338 2079 Cf.
357 2040 495 2078 Euseb.
515 2041 559 2077 P.
578 2040 619 2075 E.
636 2051 677 2088 p.
701 2036 788 2084 157.

650 2138 688 2176 6.

197 2226 389 2263 Diodorus
399 2229 443 2271 V,
458 2225 523 2270 80,
544 2229 581 2270 4,
599 2232 803 2274 postquam
825 2224 872 2261 de
886 2225 1190 2274 mythologunie-

145 2287 202 2321 nis
233 2286 486 2332 Cretensium,
510 2285 747 2332 historiaque
777 2284 906 2319 insulae
932 2285 1191 2332 antiquissima

146 2344 321 2391 exposuit
351 2342 407 2391 (c.
425 2342 474 2385 64
492 2363 506 2371 -
524 2342 574 2378 80
590 2343 623 2390 ),
653 2343 793 2378 accinit
806 2342 886 2378 haec
908 2355 917 2377 :
941 2340 1044 2381 Ἐπεὶ
1067 2340 1103 2379 δὲ
1121 2343 1190 2379 τῶν

146 2399 190 2437 τὰ
211 2398 369 2451 Κρητικὰ
388 2398 610 2451 γεγραφότων
635 2401 666 2437 οἱ
689 2400 846 2438 πλεῖστοι
871 2400 1082 2452 διαφωνοῦσι
1107 2400 1191 2453 πρὸς

148 2457 340 2506 ἀλλήλους,
361 2458 399 2495 οὔ
420 2456 489 2508 χρὴ
510 2457 698 2507 θαυμάζειν
723 2457 782 2495 ἐὰν
804 2457 852 2507 μὴ
873 2464 977 2496 πᾶσιν
998 2458 1190 2510 ὁμολογού-

636 2565 656 2596 3
683 2571 717 2596 a.

188 2620 334 2650 Mnaseas
346 2618 449 2650 dicita
461 2619 595 2651 Tantalo
609 2618 828 2659 Ganymedem
841 2619 968 2659 raptum
981 2627 1048 2652 esse
1057 2620 1089 2651 et
1101 2620 1134 2651 in
1143 2629 1193 2652 ve·

147 2671 276 2702 natione
288 2671 428 2703 occisum
441 2682 451 2711 ;
471 2680 591 2704 caesum
604 2672 725 2704 veroin
747 2671 847 2712 Mysio
861 2671 1010 2712 Olympio
1027 2673 1058 2703 in
1072 2673 1193 2713 templo

147 2723 237 2755 Jovis
245 2723 384 2764 Olympii
397 2723 556 2764 sepultum
570 2732 647 2756 esse.
660 2722 813 2755 Dosiades
826 2732 902 2754 vero
915 2731 933 2754 a
945 2724 1049 2755 Minoe
1066 2726 1192 2764 raptum

149 2785 217 2808 esse
229 2775 268 2807 ad
283 2777 424 2816 portum,
437 2777 491 2817 qui
511 2776 584 2808 inde
600 2776 771 2817 Harpagias
786 2778 935 2815 vocetur;
948 2784 985 2807 ac
999 2776 1102 2808 Minoe
1115 2785 1192 2808 con-

149 2836 294 2859 suescere
308 2836 381 2858 cum
395 2836 433 2859 eo
454 2829 600 2860 tentante
609 2852 618 2867 ‚
633 2827 673 2860 de
699 2836 778 2867 rupe
791 2836 826 2859 se
840 2827 1036 2868 praecipitem
1052 2827 1191 2867 dedisse;

148 2880 219 2910 tum
242 2878 379 2910 Minoem
401 2887 475 2910 eum
492 2879 671 2920 sepelivisse
680 2903 689 2919 ‚
706 2880 804 2919 atque
829 2879 904 2911 ficto
929 2878 1095 2911 mendacio
1111 2879 1193 2920 patri

149 2930 219 2970 ejus
230 2929 346 2961 dixisse
358 2930 528 2970 procellam
545 2931 642 2971 atque
658 2930 777 2962 nubem
790 2930 891 2962 filium
902 2929 1078 2962 abstulisse.

651 2986 688 3018 4.

190 3037 341 3071 Dosiades
353 3038 386 3070 in
405 3040 500 3072 Creta
516 3039 623 3072 literas
634 3039 779 3073 inventas
794 3049 861 3072 esse
881 3040 936 3072 ait.

652 3095 687 3127 5.

190 3144 294 3177 Lesbii
307 3153 436 3184 quoque
450 3145 576 3177 Baccho
590 3145 748 3177 humanas
763 3145 912 3178 victimas
921 3145 962 3178 ad
975 3154 1045 3178 aras
1058 3145 1191 3185 ducunt,

150 3197 187 3228 ut
198 3195 350 3228 Dosiades
365 3195 419 3227 ait.
650 3240 672 3272 6

192 3287 458 3328 Quandoquidem
489 3287 690 3320 Creticarum
716 3297 822 3321 rerum
854 3290 1025 3331 scriptores
1052 3290 1193 3331 plerique

151 3350 263 3374 omnes
286 3342 368 3373 inter
380 3349 448 3373 sese
463 3340 670 3381 dissentiunt,
695 3342 812 3373 nemini
829 3342 947 3375 mirum
963 3342 1062 3375 videri
1077 3342 1190 3382 (lebet,

1101 190 1285 230 DOSITH
1294 189 1342 228 EI

1248 286 1336 321 μενα
1363 268 1529 321 λέγωμεν.
1559 269 1642 312 Τοῖς
1661 266 1727 320 γὰρ
1756 266 1800 305 τὰ
1828 265 2045 318 πιθανώτερα
2067 266 2211 317 λέγουσι
2230 265 2291 304 καὶ

1248 328 1404 379 μάλιστα
1420 327 1679 377 πιστευομένοις
1699 325 2048 375 ἐπηκολουθήσαμεν,
2063 325 2085 362 ἃ
2102 324 2164 375 μὲν
2182 324 2290 364 Ἐπι-

1249 386 1367 438 μενίδῃ
1393 388 1444 439 τῷ
1471 383 1902 438 θεολόγῳπροσσχόντες,
1928 383 1951 422 ἃ
1978 383 2015 422 δὲ
2042 383 2206 434 Δωσιάδῃ
2231 381 2292 420 καὶ

1249 444 1468 499 Σωσικράτει
1487 443 1546 482 καὶ
1567 442 1796 495 Λαοσθενίδᾳ.

1682 574 1855 587 ἅθ’-

1557 669 1988 728 DOSITHEUS.

1302 800 1504 837 Dositheus
1523 811 1568 835 ex
1582 811 1661 834 uno
1677 805 1790 834 notus
1808 798 2026 837 Plutarcho,
2049 799 2143 834 Nam
2159 797 2296 835 distin·
2325 819 2329 822 -

1249 859 1420 908 guendus
1449 858 1496 893 ab
1517 870 1563 894 eo
1585 856 1787 893 Dositheus
1814 857 2019 902 Coloneus,
2038 864 2296 902 astronomus,

1251 917 1358 963 cujus
1378 917 1631 953 meminerunt
1651 915 1847 952 Censorin.
1869 927 1902 950 c.
1928 914 1994 961 183
2016 916 2157 951 Plinius
2176 917 2225 953 H.
2244 916 2293 954 N.
2357 941 2362 945 -

1249 977 1390 1020 XVIII,
1412 975 1456 1011 31
1471 988 1481 1020 ;
1497 975 1675 1011 Geminus
1690 972 1817 1009 Rhod.
1836 986 1877 1021 p.
1898 972 1972 1016 245
1990 986 2096 1021 sqq.;
2117 974 2205 1009 Joh.
2221 976 2298 1022 Ly-

1250 1034 1321 1070 dus
1339 1036 1396 1070 De
1411 1046 1530 1071 mens.
1549 1034 1615 1078 IV,
1639 1032 1687 1076 84
1706 1045 1747 1081 p.
1772 1032 1846 1074 284
1866 1032 1925 1069 ed.
1943 1033 2134 1077 Roether.‚
2153 1033 2220 1068 ubi
2243 1033 2294 1069 cf.

1249 1100 1331 1128 not.
1363 1094 1397 1130 J.
1427 1094 1468 1128 Β.
1501 1092 1620 1129 Hasii.
1642 1091 1813 1127 Eundem
1838 1091 1985 1126 laudari
2001 1103 2136 1127 censeo
2163 1092 2204 1127 in
2215 1093 2292 1130 Vit.

1250 1152 1357 1188 Arati
1371 1164 1410 1200 p.
1432 1150 1480 1187 58
1492 1179 1502 1196 ‚
1519 1155 1567 1194 24
1586 1150 1645 1186 ed.
1661 1151 1881 1197 Westerm.‚
1896 1149 1964 1185 ubi
1980 1147 2149 1191 Δωσίθεος
2165 1150 2183 1186 ὁ
2197 1150 2297 1187 πολι·

1250 1207 1343 1251 τικὸς
1364 1209 1466 1258 (lege
1493 1207 1684 1257 Ποντικὸς,
1703 1221 1724 1243 e
1750 1209 1901 1244 Colonis
1916 1208 2081 1244 Ponticis
2099 1208 2296 1257 oriundus)

1252 1267 1362 1304 ἐλθεῖν
1390 1280 1493 1318 φησιν
1512 1264 1614 1303 αὐτὸν
1637 1266 1709 1320 (sc.
1735 1263 1903 1316 Ἄρατον)
1924 1263 1984 1302 καὶ
2010 1264 2095 1315 πρὸς
2122 1264 2297 1317 Ἀντίοχον

1249 1325 1306 1363 τὸν
1320 1324 1493 1363 Σελεύκου
1510 1324 1588 1361 κτλ.
1607 1325 1772 1360 Meinek.
1798 1326 1808 1372 (
1822 1324 1871 1360 ad
1890 1323 2060 1373 Euphor.
2076 1338 2117 1373 p.
2138 1324 2183 1360 16
2197 1323 2297 1376 not.)

1251 1383 1375 1419 voluit
1390 1394 1398 1420 τ
1417 1381 1591 1425 Σωσίὸιος
1605 1380 1640 1418 δὲ
1652 1383 1669 1417 ὃ
1683 1379 1889 1423 ἐπιλυτικός.
1910 1384 1966 1418 De
1979 1383 2159 1418 Dositheo
2175 1395 2299 1431 gram-

1250 1443 1390 1478 matico
1407 1442 1532 1477 saeculi
1550 1441 1652 1477 tertii
1669 1454 1707 1476 v.
1728 1440 1925 1476 Fabricius
1944 1441 1985 1478 Β.
2005 1440 2071 1477 Gr.
2097 1447 2191 1478 tom.
2210 1442 2296 1486 VII,

1249 1513 1290 1550 p.
1315 1499 1386 1548 59;
1403 1501 1502 1544 XII,
1521 1512 1562 1548 p.
1589 1498 1687 1545 5¹43
1706 1499 1899 1547 Boecking.
1919 1499 1959 1534 in
1981 1499 2126 1547 praefat.
2147 1499 2196 1535 ad
2214 1501 2298 1535 Do-

1251 1558 1362 1594 sithei
1375 1554 1653 1607 Ἑρμηνεύματα
1667 1555 1677 1607 (
1689 1558 1812 1594 Bonn.
1836 1555 1929 1592 1831
1948 1555 1975 1606 ).
1991 1556 2106 1594 CfiH.
2120 1557 2300 1606 Stephani
2363 1599 2366 1602 Α

1252 1616 1360 1653 Thes.
1380 1628 1410 1653 S.
1432 1628 1470 1653 v.

1662 1718 1887 1756 ΙΤΑΛΙΚΑ.

1565 1829 1597 1864 Ἐ
1617 1828 1767 1865 LIBRO
1794 1827 1974 1864 TERTIO
1981 1857 1989 1865 .

1761 1927 1794 1950 1.

1304 1995 1495 2033 Plutarch.
1517 1997 1602 2034 Par.
1622 2008 1655 2031 c.
1674 1995 1747 2039 34:
1768 1993 1962 2044 Κομμίνιος
1982 1995 2121 2048 Σοῦπερ
2139 1995 2293 2046 Λαυρεν·

1252 2058 1360 2099 τῖνος,
1379 2051 1469 2104 ἔχων
1490 2051 1563 2090 υἱὸν
1583 2051 1617 2096 ἐξ
1632 2051 1791 2104 Ἐγερίας
1807 2051 1944 2104 νύμφης
1974 2051 2183 2103 Κομμίνιον,
2205 2052 2297 2099 ἐπή-

1251 2126 1338 2162 γαγε
1367 2110 1539 2163 μητρυιὰν
1560 2113 1589 2150 Γ
1593 2110 1703 2148 ιδίκαν
1721 2125 1729 2134 ·
1749 2110 1823 2157 ἥτις
1842 2111 2025 2162 ἐρασθεῖσα
2044 2114 2104 2148 τοῦ
2129 2110 2298 2163 προγόνου

1255 2169 1315 2207 καὶ
1335 2171 1580 2221 ἀποτυχοῦσα,
1605 2168 1723 2221 βρόχῳ
1747 2167 1960 2222 κατέστρεψε
1979 2168 2036 2207 τὸν
2056 2168 2141 2221 βίον,
2157 2170 2300 2207 ἐπιστο-

1254 2226 1317 2272 λὰς
1344 2227 1589 2280 καταλείψασα
1609 2228 1757 2280 ψευδεῖς.
1780 2225 1826 2266 ‘O
1847 2226 1883 2264 δὲ
1913 2226 2107 2277 Κομμίνιος
2133 2225 2299 2277 ἀναγνοὺς

1254 2285 1298 2324 τὰ
1318 2286 1542 2336 ἐγκλήματα,
1567 2285 1628 2324 καὶ
1646 2287 1697 2339 τῷ
1716 2285 1810 2338 ζήλῳ
1830 2284 2042 2335 πιστεύσας,
2062 2284 2299 2323 ἐπεκαλέσατο

1251 2343 1308 2382 τὸν
1328 2345 1545 2384 Ποσειδῶνα.
1566 2343 1610 2383 Ὁ
1628 2344 1663 2382 δὲ
1682 2346 1730 2396 τῷ
1749 2343 1848 2381 παιδὶ
1867 2343 1924 2381 ἐπὶ
1946 2342 2099 2396 ἅρματος
2117 2342 2299 2396 ὀχουμένῳ

1251 2405 1375 2454 ταῦρον
1397 2402 1520 2449 ἔδειξε,
1539 2402 1599 2440 καὶ
1620 2404 1651 2440 οἱ
1677 2401 1778 2440 ἵπποι
1797 2401 1854 2440 τὸν
1874 2401 1949 2439 νέον
1969 2399 2134 2453 σύραντες
2153 2401 2296 2439 ἀπώλε-

1254 2476 1318 2498 σαν
1333 2477 1341 2484 ·
1359 2463 1405 2504 ὡς
1423 2460 1585 2505 Δοσίθεος
1604 2462 1638 2499 ἐν
1658 2460 1764 2513 τρίτῳ
1784 2459 1977 2499 Ἰταλικῶν.

1251 2565 1354 2596 sinon
1367 2566 1519 2598 omnibus
1545 2567 1756 2597 consentanea
1775 2565 1827 2596 hic
1843 2573 1861 2596 a
1882 2565 1974 2597 nobis
1991 2565 2204 2605 exponantur.
2223 2564 2299 2597 lllos

1250 2616 1336 2647 euim
1349 2617 1449 2648 secuti
1459 2626 1569 2649 sumus
1580 2641 1589 2656 ‚
1603 2617 1720 2657 quibus
1733 2618 1765 2648 et
1775 2616 1967 2657 probabilior
1982 2618 2030 2648 est
2041 2616 2144 2648 oratio
2155 2639 2165 2655 ,
2176 2617 2207 2648 et
2220 2615 2299 2648 fides

1251 2667 1393 2699 maxima
1404 2667 1550 2700 habetur.
1561 2670 1653 2700 Nunc
1662 2668 1746 2700 enim
1762 2667 1937 2707 Epimenidi
1954 2667 2102 2708 theologo
2111 2691 2120 2707 ,
2134 2675 2220 2699 nunc
2233 2669 2298 2699 Do·

1251 2719 1347 2751 siadae
1361 2721 1393 2752 et
1415 2720 1564 2753 Sosicrati
1580 2728 1618 2752 ac
1634 2719 1853 2752 Laostlienidae
1873 2727 1932 2751 nos
1948 2718 2275 2751 accommodavimus.

1663 2811 1883 2851 lTALlCA.

1763 2907 1791 2938 ι.

1293 2983 1491 3014 Gomminius
1503 2984 1604 3023 Super
1628 2981 1840 3014 Laurentinus
1853 2989 1892 3013 ex
1908 2980 2018 3021 Egeria
2039 2981 2181 3022 nympha
2195 2982 2297 3016 tilium

1250 3035 1378 3067 sustulit
1392 3035 1620 3068 Comminium.
1641 3034 1785 3067 Gidicam
1810 3033 1926 3065 deinde
1942 3041 2114 3065 novercam
2133 3033 2161 3065 ei
2184 3042 2297 3076 super-

1251 3086 1398 3125 induxit,
1412 3095 1485 3126 quac
1498 3094 1599 3126 quum
1612 3085 1770 3125 deperiret
1783 3085 1965 3125 privignum
1977 3107 1986 3122 ,
2001 3085 2034 3115 et
2041 3084 2199 3125 repulsam
2216 3088 2298 3119 esset

1251 3146 1360 3178 passa,
1383 3137 1551 3177 suspendio
1568 3145 1636 3168 sese
1649 3136 1715 3168 vita
1739 3135 1846 3174 exuit,
1874 3135 2078 3167 calumniosis
2109 3137 2182 3175 post
2197 3145 2230 3167 se
2249 3146 2298 3169 re-

1252 3188 1334 3220 lictis
1345 3189 1453 3220 literis.
1472 3187 1683 3226 comminius,
1699 3186 1832 3226 cognitis
1845 3186 2044 3226 criminibus,
2062 3186 2222 3227 iidemque
2239 3188 2298 3220 lia-

1251 3240 1330 3272 bens
1353 3239 1594 3277 obtrectationi,
1625 3240 1809 3276 Neptunum
1834 3237 2007 3268 invocavit.
2029 3239 2058 3269 is
2077 3246 2176 3278 puero
2198 3247 2297 3270 curru

1253 3292 1379 3324 vehenti
1389 3291 1506 3331 objecit
1520 3292 1660 3329 taurum,
1677 3299 1742 3330 quo
1756 3289 1949 3321 consternati
1963 3289 2038 3329 equi
2055 3297 2128 3321 eum
2142 3290 2297 3331 raptando

1252 3342 1469 3383 perdiderunt.
1486 3341 1656 3374 Dositheus
1667 3341 1762 3374 tertio
1772 3343 1890 3374 Rerum
1907 3339 2102 3373 Italicarum.
