2372 3704
539 207 780 248 SCYTmNI
808 207 936 255 Tau,
966 207 1182 250 sumum
1211 192 1436 250 EMES'ENI
1465 211 1799 254 FRAGMENTA.

82 300 118 340 δὲ
140 298 267 351 ὁμοίως
282 297 342 337 καὶ
369 297 433 346 τὴν
453 296 607 337 διάτονον
627 298 798 351 ἁρμονίαν
814 298 968 352 ‘'Yet-svm
986 299 1047 339 τὸν
1067 298 1130 338 καὶ

82 359 186 398 αὐτὸν
213 357 385 411 Φρύγα·]
416 355 600 409 κρούματα
635 356 671 395 δὲ
701 356 890 409 Ὄλυμπον
917 358 1045 410 ὁμοίως
1070 357 1129 397 τὸν

82 417 235 471 Φρύγα,
256 415 416 467 καθάπερ
445 414 603 468 Φρύγιον
623 415 794 469 ἁρμονίαν
822 417 882 456 καὶ
908 416 1129 471 μιξοφρύγιον

79 477 141 516 καὶ
164 475 359 528 μιξολύδιον
377 473 555 527 Μαρσύαν
575 478 639 523 τῆς
659 477 766 522 αὐτῆς
782 476 865 515 ὄντα
881 479 951 521 τοῖς
967 492 1129 530 προειρη·

78 535 197 587 μένοις
214 534 355 588 χώρας,
374 533 435 573 καὶ
448 532 511 581 τὴν
531 532 665 587 Δώριον
686 534 852 589 Θάμυριν
872 537 1055 584 ἐπινοῆσαι
1070 534 1127 573 τὸν

78 595 222 649 Θρᾷκα.
252 593 395 646 Πέρσας
422 608 461 631 τε
488 592 647 645 πρώτους
676 595 880 645 ἀκηκόαμεν
908 594 1045 641 ἀπήνην
1067 593 1127 633 καὶ

75 654 196 702 κλίνην
215 653 276 693 καὶ
306 652 493 692 ὑποπόδιον
527 653 755 705 ἐργάσασθαι,
779 654 857 698 τούς
876 670 914 693 τε
943 653 1126 698 Σιδονίους

77 714 251 767 τρίκωπον
271 729 357 752 ναυν
386 711 665 751 κατασκευάσαι.
692 713 835 752 Σικελοί
859 728 896 752 τε
927 715 958 752 οἱ
982 712 1067 766 πρὸς
1083 716 1126 765 τῇ

75 772 214 828 Ἰταλία
232 775 367 827 πρῶτοι
387 771 566 825 φόρμιγγα
598 765 697 825 ευρον
730 773 768 810 οὗ
788 772 878 812 πολυ
887 788 956 820 της
981 771 1128 825 κιθάρας

73 831 283 883 λειπομένην
301 830 362 870 καὶ
393 830 550 883 κρόταλα
570 829 780 878 ἐπενόησαν.
801 831 888 871 Ἐπί
910 847 948 869 τε
969 830 1128 884 Σεμιρά-

75 906 168 941 μεως
193 890 366 943 βασιλέως
392 889 597 942 Αἰγυπτίων
633 892 726 942 (sic)
753 889 797 930 τα
829 890 975 944 βύσσινα
1001 891 1126 940 ἱμάτια

73 951 241 1003 ευρησθαι
276 951 488 1002 ἱστοροῦσιν.
520 949 595 989 Καὶ
618 949 762 1003 πρώτην
789 948 974 994 ἐπιστολὰς
1002 950 1125 988 συντά-

71 1006 128 1051 ξαι
152 1006 324 1048 Ἄτοσσαν
354 1007 416 1056 τὴν
438 1010 586 1062 Περσῶν
619 1008 880 1089 βασιλεύσασαν
915 1024 1019 1062 φησιν
1046 1007 1127 1048 Ἑλ-

70 1066 224 1111 λάνικος.

126 1126 318 1177 Σκάμων
337 1127 399 1177 μὲν
417 1120 476 1165 ουν
492 1129 510 1164 ὁ
524 1127 831 1175 Μυτιληναιος
850 1143 910 1165 και
927 1126 1124 1181 Θεόφρα-

71 1200 178 1229 στος
201 1187 219 1223 6
247 1184 464 1238 Ἐρέσιος,
482 1185 713 1230 Κύδιππός
741 1201 788 1224 τε
822 1188 840 1224 6
858 1185 1124 1234 Μαντινεὺς,

70 1245 120 1284 ἔτι
141 1261 179 1284 τε
210 1245 480 1298 Ἀντιφάνης
501 1245 562 1284 καὶ
590 1245 910 1299 Ἀριστόδημος
933 1245 994 1283 καὶ
1015 1245 1123 1296 Ἀρι-

69 1303 306 1352 στοτέλης,
324 1304 411 1357 πρὸς
428 1304 560 1349 τούτοις
580 1303 617 1343 δὲ
637 1304 1000 1358 Φιλοστέφανος,
1033 1303 1124 1342 ἀλλὰ

68 1363 129 1402 καὶ
164 1358 374 1417 Στράτων
412 1366 430 1402 6
464 1364 812 1416 περιπατητικὸς
849 1365 883 1401 ἐν
926 1368 996 1407 τοῖς
1033 1363 1123 1415 Περὶ

73 1422 282 1475 εὑρημάτων
318 1426 431 1461 ταῦτα
470 1422 677 1475 ἱστόρησαν.
721 1424 777 1462 Cf.
818 1423 956 1460 Euseb.
995 1425 1038 1461 P.
1079 1426 1122 1462 E.

66 1495 109 1533 p.
126 1483 216 1530 476-

574 1575 612 1613 6.

405 1663 530 1701 IIEPl
559 1663 779 1702 ΛΕΣΒΟΥ.

120 1751 248 1791 Schol.
271 1750 383 1788 Iliad.
399 1763 443 1800 γ,
466 1748 543 1786 250
567 1763 575 1786 :
595 1747 729 1800 Μήτηρ
755 1747 921 1800 Πριάμου
937 1779 948 1799 ,
972 1748 1018 1792 ὥς
1037 1763 1122 1801 φησι

67 1807 267 1863 Πορφύριος
282 1809 317 1847 ἐν
338 1809 389 1861 τῷ
404 1807 484 1860 περὶ
498 1809 567 1845 τῶν
581 1807 919 1859 παραλελειμμένων
932 1809 982 1860 τῷ
992 1807 1120 1859 ποιήτῃ

66 1869 262 1919 ὀνομάτων,
274 1866 365 1906 κατὰ
382 1865 444 1917 μὲν
463 1866 643 1917 Ἀλκμᾶνα
654 1865 711 1904 τὸν
727 1866 913 1916 μελοποιὸν
925 1866 1119 1915 Ζευξίππη,

65 1927 158 1966 κατὰ
192 1925 230 1965 δὲ
264 1925 471 1966 Ἑλλάνικον
495 1925 649 1978 Στρυμώ
682 1925 696 1975 (
710 1925 846 1978 Τρυμώ
880 1925 958 1977 1).).
988 1924 1122 1974 Στάμις

65 1993 202 2042 (codd.
217 1993 334 2030 Paris.
352 1991 455 2038 2676
472 1988 641 2039 Σταμὼν,
662 1991 766 2041 2679
781 1990 948 2041 Στάμων,
962 1999 1120 2028 notante

64 2053 244 2090 Cramero
265 2053 303 2087 in
320 2051 466 2089 Anecd.
491 2051 607 2086 Paris.
625 2052 683 2086 III
698 2077 710 2096 ,
738 2064 780 2100 p.
809 2050 897 2099 159.
919 2051 1032 2087 Unde
1057 2063 1120 2086 re-

2 2124 3 2127 *
26 2129 33 2132 -
62 2123 170 2159 pono
193 2107 373 2157 Σκάμων)
410 2106 447 2146 δὲ
468 2108 504 2145 ἐν
519 2109 570 2160 τῷ
590 2108 681 2160 Περὶ
709 2107 850 2148 Λέσὸου
870 2107 955 2161 φησὶ
971 2107 1117 2148 Θόασαν

63 2167 127 2215 τὴν
149 2166 321 2219 Τεύκρου.

63 2433 228 2474 obliquam
260 2442 390 2474 quoque
409 2433 550 2466 fistulam
583 2435 734 2474 Satyrum
765 2434 922 2465 invenisse
943 2433 1119 2473 Phrygem;

63 2485 225 2528 κρούματα
255 2486 364 2516 autem
398 2493 453 2516 seu
483 2485 598 2517 modos
630 2486 806 2526 Olympum
842 2485 986 2517 similiter
1016 2485 1119 2525 Phry-

1 2537 4 2542 '
62 2546 154 2578 gem,
177 2536 451 2578 quemadmodum
479 2537 652 2578 Phrygiam
672 2537 871 2568 harmoniam
892 2539 924 2568 et
938 2537 1119 2577 mixophry·

62 2589 147 2630 giam
163 2590 196 2621 et
213 2588 422 2629 mixolydiam
444 2590 603 2629 Marsyam
616 2613 625 2628 ,
649 2589 705 2629 qui
724 2590 792 2620 erat
815 2588 959 2629 ejusdem
986 2589 1119 2628 regionis

63 2649 138 2672 cum
157 2640 197 2672 iis
209 2639 263 2681 qui
282 2641 356 2672 ante
371 2639 448 2671 dicti
462 2641 537 2672 sunt
553 2653 561 2672 ε
580 2642 612 2672 et
627 2640 780 2672 Doricam
804 2641 990 2680 Thamyrim
1016 2641 1117 2672 Thra-

62 2700 133 2724 cem
147 2691 353 2732 excogitasse.
376 2693 488 2723 Persas
503 2701 632 2732 quoque
652 2692 772 2732 primos
787 2692 970 2724 audivimus
986 2701 1118 2724 currum

63 2746 96 2777 et
105 2745 226 2777 lectum
242 2744 275 2776 et
293 2742 412 2784 pedum
434 2743 610 2775 scabellum
633 2744 775 2776 effecisse
787 2766 796 2783 ‚
814 2746 845 2776 et
868 2744 1013 2776 Sidonios
1025 2744 1117 2776 trire-

63 2805 149 2829 mem
162 2804 278 2827 navem
302 2794 487 2827 aedificasse.
513 2795 612 2827 Siculi
633 2804 763 2836 quoque
783 2796 838 2836 qui
859 2798 934 2827 sunt
951 2796 1012 2828 sub
1029 2797 1118 2828 ltalia

62 2847 159 2888 primi
183 2847 334 2879 invenere
358 2847 600 2888 phormingem,
623 2857 697 2888 quae
714 2857 778 2879 non
804 2849 943 2880 multum
975 2848 1081 2880 dissert
1098 2857 1118 2880 a

63 2901 186 2933 cithara
208 2913 217 2933 ι
241 2902 274 2933 et
291 2900 443 2932 invenere
467 2901 662 2941 crepitacula
690 2910 766 2942 quae
791 2902 945 2933 dicuntur
974 2902 1115 2933 crotala.

62 2951 246 2989 Quinetiam
262 2952 406 2992 tempore
430 2951 649 2983 Semiramidis
667 2953 796 2992 reqinoe
809 2954 1028 2992 Assyriorum
1042 2961 1116 2984 nar-

63 3008 136 3037 rant
153 3005 299 3037 inventas
317 3005 412 3037 fuisse
429 3006 534 3037 vestes
556 3005 711 3045 byssinas.
740 3008 780 3037 Et
806 3006 943 3046 primam
957 3006 1118 3047 scripsisse

63 3056 212 3097 epistolas
222 3058 368 3089 Atossam
386 3058 554 3088 Persarum
569 3057 711 3098 reginam
731 3057 809 3089 dicit
827 3058 1019 3090 Hellanicus.
1041 3060 1116 3090 Sca-

46 3106 49 3107 ’
64 3117 142 3141 mon
154 3109 285 3150 quidem
295 3110 498 3150 Mytilenaeus
506 3113 539 3142 et
551 3110 790 3151 Theophrastus
806 3111 944 3151 Eresius,
953 3113 983 3143 et
999 3111 1116 3152 Cydip-

63 3168 124 3201 pus
144 3161 349 3194 Mantinensis
360 3184 369 3200 ,
383 3163 415 3194 et
437 3163 591 3202 praeterea
603 3163 802 3203 Antiphanes
813 3187 822 3203 ‚
840 3164 873 3195 et
886 3163 1116 3202 Aristodemus,

63 3213 98 3245 et
111 3212 309 3253 Aristoteles,
328 3213 504 3254 quinetiam
519 3214 796 3255 Philostephanus,
815 3216 848 3247 et
862 3216 969 3248 Strato
987 3225 1118 3256 quoque

63 3265 308 3308 peripateticus,
326 3267 360 3299 in
380 3267 471 3300 libris
485 3267 552 3300 suis
568 3270 614 3300 De
639 3268 678 3301 iis
701 3277 775 3310 quae
788 3270 864 3301 sunt
879 3269 1028 3310 inventa,
1047 3269 1117 3301 hoec

17 3329 19 3331 ¹
64 3321 247 3354 narrarunt.

2167 225 2240 260 491

1371 340 1787 402 SCYTHINUS
1821 346 1994 406 TEIU
2000 348 2054 405 S.

1609 469 1832 510 ΙΣΤΟΡῘΗ.

1243 553 1444 591 Athenaeus
1461 556 1535 605 XI,
1552 569 1591 605 p.
1605 557 1698 603 461,
1720 556 1779 597 F:
1797 555 2006 610 εἝρμιππος
2025 561 2042 597 6
2059 562 2242 615 κωμῳδιο·

1192 609 1288 655 ποιὸς
1301 613 1335 649 ἐν
1355 617 1425 656 τοῖς
1444 612 1603 664 Ἰάμὸοις
1620 614 1744 666 φησίν·

1273 708 1328 744 Εἰς
1340 708 1375 740 τὸ
1392 708 1591 750 Κυλικράνων
1608 710 1743 751 βαδίζων
1759 711 1975 749 σπληνόπεδον
1991 713 2147 755 ἀφικόμην
2158 723 2165 730 “

1272 755 1353 787 εἶδον
1364 755 1417 788 οὗν
1427 757 1482 794 τὴν
1498 757 1684 798 Ἡράκλειαν
1698 759 1750 790 καὶ
1769 758 1839 799 μάλ’
1850 759 1968 799 ὡραίαν
1980 760 2082 792 πόλιν.

1190 835 1440 889 Ἡρακλεῶται
1457 838 1486 876 δ’
1505 837 1590 876 εἷσὶν
1610 833 1703 878 οὗτοι
1723 841 1754 879 οἳ
1776 839 1842 879 ὑπὸ
1861 843 1905 893 τῇ
1924 840 2015 893 Οἴτῃ
2033 844 2237 879 κατοικοῦν-

1190 913 1244 941 τες
1259 927 1269 945 ,
1291 896 1337 942 ὥς
1365 913 1451 951 φησι
1470 897 1666 951 Νίκανδρος
1686 902 1703 937 6
1722 899 1984 953 Θυατειρηνὸς,
2006 901 2243 949 ὀνομασθῆναι

1189 955 1332 1009 φάσκων
1361 955 1484 1000 αὐτοὺς
1500 956 1570 995 ἀπό
1584 973 1673 1002 τινος
1696 957 1866 1006 Κύλικος,
1889 958 1985 1009 γένος
2016 959 2146 1005 Λυδοῦ,
2171 958 2244 1003 ἑνὸς

1190 1016 1256 1052 τῶν
1272 1013 1445 1067 (Ηρακλεῖ
1465 1015 1840 1068 συστρατευσαμένων.
1871 1016 2096 1067 Μνημονεύει
2117 1017 2152 1055 δὲ
2172 1018 2242 1055 αὖ-

1190 1076 1257 1112 τῶν
1273 1074 1333 1112 καὶ
1352 1075 1548 1119 Σκυθῖνοςὸ
1566 1075 1674 1122 Τήιος
1693 1077 1727 1113 ἓν
1744 1079 1786 1128 τῇ
1804 1075 2062 1128 ἐπιγραφομένῃ
2075 1075 2242 1128 Ἱστορίῃ,

1189 1132 1300 1184 λέγων
1321 1132 1447 1177 οὕτως·
1475 1152 1492 1168 «
1529 1134 1730 1187 εΗροικλῆς,
1762 1133 1881 1173 λαὸὼν
1920 1134 2074 1187 Εὔρυτον
2095 1134 2155 1173 καὶ
2183 1134 2242 1173 τὸν

1188 1191 1260 1230 υἱὸν
1288 1191 1417 1230 ἔκτεινε
1446 1193 1568 1246 φόρους
1587 1193 1807 1245 πρήσσοντας
1828 1196 1913 1246 παρ’
1937 1193 2112 1232 Εὐίοέων.
2129 1196 2239 1232 Κυλι-

1188 1253 1316 1302 κρῆνας
1335 1251 1400 1302 [δ’]
1423 1250 1632 1304 ἐξεπόρθησε
1655 1252 1897 1302 λῃιζομένους,
1917 1252 1976 1290 καὶ
1996 1252 2114 1290 αὐτόθι
2141 1252 2242 1290 πόλιν

1188 1308 1353 1358 ἐδείματο
1367 1308 1581 1361 Ἡράκλειαν
1598 1309 1662 1356 τὴν
1683 1309 1878 1362 Τρηχινίαν
1899 1310 2128 1361 καλεομένην.
2144 1329 2171 1360 ι»,

1241 1370 1298 1404 De
1313 1381 1354 1404 re
1371 1370 1458 1406 vide
1475 1370 1522 1407 Ο.
1552 1371 1699 1406 Mffller.
1714 1373 1800 1408 Dor.
1819 1373 1850 1416 Ι,
1867 1385 1908 1420 p.
1925 1376 2015 1414 412.
2037 1371 2127 1414 413.
2145 1375 2236 1417 427.

1188 1428 1396 1463 Auctorem
1414 1435 1588 1464 nostrum
1604 1429 1653 1464 ad
1675 1430 1909 1476 antiquiores
1927 1429 2044 1464 loniae
2061 1430 2243 1477 logogra-

1186 1486 1283 1533 phos
1307 1487 1499 1534 pertinere
1527 1486 1708 1534 conjicio,
1731 1487 1903 1523 Eundem
1929 1488 2132 1535 signaverit
2163 1488 2242 1523 Ste-

1186 1546 1302 1593 phan.
1319 1546 1409 1593 Byz.
1426 1559 1464 1583 v.
1482 1543 1579 1588 Τέως
1591 1559 1599 1581 :
1611 1542 1719 1583 Ἐστι
1735 1543 1802 1597 γὰρ
1813 1547 1948 1597 πρῶτον
1959 1546 1991 1583 Τ
1994 1543 2060 1587 ε’ϊος
2068 1544 2127 1582 καὶ
2139 1547 2243 1588 Τεῖος

1188 1601 1249 1640 καὶ
1282 1603 1426 1646 ἷωνικῶς
1445 1604 1478 1641 Τ
1480 1602 1574 1648 ήιος·
1610 1603 1670 1655 ἀφ’
1698 1597 1736 1640 οῧ
1766 1600 2004 1656 Πρωταγόρας
2035 1603 2143 1649 Τήιος
2179 1602 2239 1641 καὶ

1190 1662 1357 1704 Σκυθῖνος
1395 1659 1533 1711 ἷάμὸων
1558 1659 1706 1707 ποιητὴς
1733 1661 1854 1708 Τήιος.
1893 1663 2116 1711 Scythinum
2149 1660 2239 1713 Περὶ

1187 1718 1319 1772 φύσεως
1338 1721 1469 1757 laudat
1495 1722 1664 1757 Stobaeus
1681 1722 1759 1758 Ecl.
1780 1723 1848 1759 Ph.
1870 1723 1902 1770 Ι,
1921 1735 1962 1770 p.
1985 1721 2048 1764 43.
2071 1720 2239 1763 Σκυτίνος

1186 1779 1203 1814 ὃ
1223 1780 1309 1822 Χῖος
1324 1792 1388 1829 ap.
1410 1781 1591 1829 Apollon.
1612 1781 1752 1819 Mirab.
1777 1794 1810 1819 c,
1840 1779 1884 1816 15
1907 1782 1946 1815 in
1972 1778 2133 1829 Σκύμνος
2150 1793 2240 1816 cor-

1186 1839 1285 1875 rexit
1297 1839 1494 1876 Meursius.
1505 1838 1558 1876 Cf.
1568 1839 1726 1876 Meinek.
1739 1839 1778 1874 in
1789 1839 1954 1887 Scymno
1968 1839 2077 1889 Chio,
2097 1852 2139 1888 p.
2158 1851 2238 1875 xxx.

1607 1976 1824 1990 ψ·

1294 2079 1667 2138 sssfflucus
1707 2056 2120 2138 EMESENUs

1235 2205 1401 2241 suidas:
1423 2202 1640 2246 Σέλευκος
1670 2202 1944 2252 Ἐμισηνὸς,
1975 2204 2233 2256 γραμματικός.

1181 2261 1451 2300 Ἄσπαλιευτικὰ
1475 2261 1518 2299 δι’
1543 2263 1635 2299 ἐπῶν
1673 2261 1795 2313 βιὸλια
1818 2261 1860 2299 δ’·
1886 2264 1929 2301 F
1921 2278 1947 2305 ις
1978 2261 2055 2306 τους
2079 2262 2239 2315 λυρικους

1181 2321 1373 2370 ὑπόμνημα
1385 2335 1394 2343 ·
1419 2322 1452 2359 Π
1463 2336 1483 2356 α
1495 2323 1539 2372 ρΟ
1549 2335 1586 2357 ικ
1596 2319 1617 2357 ὰ
1642 2320 1673 2371 β’
1706 2320 1927 2371 (Παρθενικά
1947 2323 2034 2360 cod.
2055 2324 2139 2360 Par.
2154 2325 2197 2360 Β.
2207 2322 2238 2373 ).

1693 2436 1730 2467 6.

1573 2508 1641 2546 DE
1663 2508 1835 2547 LESBO.

1219 2588 1321 2619 Mater
1348 2587 1481 2627 Priami,
1512 2587 1548 2619 ut
1577 2588 1773 2629 Porphyrius
1794 2589 1838 2619 ait
1865 2587 1897 2619 in
1914 2587 2033 2628 scripto
2050 2589 2097 2620 De
2114 2587 2237 2619 omissis

1177 2639 1262 2680 apud
1280 2642 1456 2671 Homerum
1473 2640 1678 2679 nominibus,
1695 2640 1873 2671 secundum
1890 2640 2076 2671 Alcmanem
2098 2640 2236 2679 lyricum

1178 2692 1236 2724 fuit
1267 2692 1429 2733 Zeuxippe
1441 2717 1450 2733 ‚
1479 2692 1658 2725 secundum
1689 2692 1890 2724 llellanicum
1917 2694 2068 2733 Strym03
2099 2695 2236 2724 Scamon

1177 2753 1254 2777 vero
1271 2745 1303 2777 in
1321 2745 1401 2777 libro
1417 2747 1463 2777 De
1477 2745 1577 2778 Lesbo
1589 2745 1765 2784 Thoasam‚
1777 2745 1893 2776 Teucri
1913 2745 2031 2785 filiam,
2048 2745 2137 2777 dicit.

1579 2816 1834 2855 HISTORIA.

1218 2896 1409 2937 Hermippus
1419 2895 1563 2928 comicus
1579 2895 1611 2927 in
1625 2895 1739 2927 iambis
1754 2896 1798 2928 ait
1817 2909 1824 2928 :

1247 2957 1282 2983 In
1293 2955 1489 2991 cynei-anum
1505 2954 1746 2982 taeniae-similem
1758 2961 1865 2990 agrum
1878 2952 2060 2984 iterfaciens
2073 2953 2215 2990 perveni:

1247 3002 1309 3030 viui
1325 3002 1418 3037 igitur
1432 3001 1623 3036 Heracleam,
1641 3001 1783 3037 pulcrum
1800 3001 1886 3030 valde
1897 3001 2054 3038 oppidum.

1176 3062 1259 3093 Sunt
1275 3062 1383 3092 autem
1404 3060 1436 3091 hi
1455 3060 1670 3098 Heracleotae,
1684 3060 1740 3100 qui
1761 3059 1822 3091 sub
1839 3061 1916 3092 OEta
1934 3060 2044 3091 monte
2063 3059 2232 3098 habitant,

1176 3114 1213 3144 ut
1228 3113 1272 3144 ait
1286 3112 1443 3144 Nicander
1459 3112 1692 3152 Thyatirenus,
1706 3121 1823 3144 nomen
1837 3113 1908 3144 illos
1923 3112 2081 3143 invenisse
2094 3111 2202 3142 dicens
2213 3119 2233 3141 a

1176 3164 1285 3205 Cylice
1300 3164 1459 3204 quodam,
1477 3173 1495 3195 e
1518 3164 1618 3204 Lydia
1639 3163 1794 3203 oriundo,
1810 3173 1876 3196 uno
1890 3173 1930 3195 ex
1944 3163 2090 3195 Herculis
2100 3162 2231 3194 commi-

1176 3217 1338 3248 litonibus.
1363 3217 1509 3248 Meminit
1533 3216 1721 3249 eorumdem
1754 3217 1928 3257 Scythinus
1943 3216 2040 3248 Teius
2068 3215 2099 3246 in
2116 3223 2228 3255 opere,

1176 3270 1262 3310 quod
1285 3269 1422 3302 Historia
1450 3270 1648 3308 inscribitur,
1675 3270 1729 3301 uhi
1745 3271 1790 3302 ait
1811 3282 1819 3301 ε
1841 3282 1855 3297 <1
1886 3269 2056 3306 Hercules,
2073 3268 2228 3307 Eurytum

1176 3321 1309 3361 ejusque
1335 3321 1437 3352 filium
1455 3323 1565 3361 captos
1586 3321 1726 3361 occidit,
1754 3321 1842 3362 quod
1858 3321 1979 3353 tributa
1997 3319 2172 3358 exegissent
2187 3317 2229 3348 ab

1178 3372 1420 3404 Euboeensibus.
1438 3373 1623 3413 cylicranas
1637 3373 1836 3412 devastavit,
1864 3372 1974 3411 rapina
1988 3370 2130 3401 viventes
2148 3380 2156 3399 :
2172 3368 2227 3399 ibi-

1176 3432 1240 3465 que
1250 3423 1363 3456 urbem
1375 3423 1518 3456 condidit
1528 3424 1714 3457 Heracleam
1723 3448 1732 3463 ,
1744 3433 1818 3464 quae
1831 3421 2000 3456 Trachinia
2013 3420 2186 3461 appellatur
2207 3430 2224 3447 u
