2326 3724
1008 186 1345 228 FRAGMENTA.

71 282 207 319 Persas
227 283 355 331 petii&
387 287 497 330 atque
514 279 600 317 inde
626 278 765 327 Sapori
790 279 872 324 regi
899 279 1115 323 conjunctus

69 348 181 388 atque
199 343 371 383 sociatus,
398 351 508 388 quum
531 337 702 374 hortator
716 334 803 372 belli
818 337 998 372 Romanis
1013 331 1114 380 inje-

69 396 342 444 rende‘fuisset,
365 397 575 434 Odenatum
587 398 765 444 pritnum,
786 394 923 430 deinde
935 393 1115 442 Saporem

69 457 127 491 ad
141 457 350 492 Romanum
361 457 477 491 solum
497 457 618 490 traxit
631 466 645 488 .·
659 452 858 489 Antiochia
876 455 990 488 eciam
1004 458 1118 500 capta

69 522 110 550 et
121 511 323 565 Coesarea(
338 521 377 550 et
397 514 524 550 Carris
539 511 651 549 Salm.
667 510 692 559 )‚
711 510 971 547 Caesarianum
984 521 1117 545 nomen

69 576 229 621 accepit.
242 574 363 621 Atque
371 572 457 607 inde
466 578 621 607 vocatus
630 572 666 606 A
669 577 820 618 agustus
828 595 839 614 ‚
854 580 964 617 quum
974 579 1118 604 onmem

72 632 258 667 Orientem
275 632 344 666 vel
352 634 492 666 virium
509 630 577 665 vel
587 629 761 664 audacia·
779 635 916 662 terrore
930 633 1111 674 quateret,

61 698 213 739 patrem
223 702 314 727 vero
326 693 571 726 interemisset
586 687 709 736 (quod
715 688 787 722 alii
799 685 966 722 historici
978 691 1123 732 negant

61 747 213 795 sactum
222 746 246 799 )‚
265 752 423 797 ipseper
434 748 754 786 insidiassuorum‚
772 757 882 793 quum
896 745 1120 780 Valerianus

63 811 151 853 jam
164 808 219 843 ad
229 807 364 843 bellum
380 807 566 843 Persicum
582 808 742 849 veniret,
757 806 893 840 occisus
908 811 976 839 est.
991 803 1121 851 Neque

67 866 156 913 plus
169 865 217 901 de
234 864 304 901 hoc
319 864 489 901 historioe
501 865 704 913 quidquam
721 863 938 899 mandatum
953 869 1009 898 est
1025 860 1123 909 quod

72 925 226 972 dignum
259 926 450 960 memorIoe
479 935 572 960 esse.
594 923 768 959 videatur
795 934 808 957 .·
838 933 947 970 quem
977 921 1120 956 clarum

68 981 284 1032 perfugium
318 990 359 1019 et
379 982 627 1032 parricidium
659 987 698 1016 et
727 992 863 1028 aspera
893 981 1063 1024 tyrannis
1084 986 1124 1014 et

71 1053 216 1078 summa
244 1042 407 1078 luxuries
440 1041 556 1077 literis
577 1040 769 1076 dederunt.

401 1150 439 1178 2.
468 1136 789 1178 ΑῙΜΙΛΙΑΝΟΣ.

301 1239 401 1290 (254
422 1251 462 1290 p.
482 1237 525 1279 C.
540 1237 732 1276 Valeriani
748 1249 811 1273 an.
839 1235 901 1287 1.)

50 1353 66 1370 ο
126 1338 214 1380 ’Ότι
256 1337 463 1388 Αἰμιλιανὸς
505 1334 746 1387 ἀναγορευθεὶς
786 1332 950 1386 βασιλεὺς
990 1333 1121 1387 ἔγραψε

73 1397 160 1451 πρὸς
176 1396 239 1444 τὴν
268 1396 483 1446 σύγκλητον,
504 1393 559 1432 ὅτι
581 1412 598 1429 «
618 1394 693 1440 Τὴν
710 1393 891 1445 βασιλείαν
908 1393 990 1444 ὑμῖν
1006 1408 1122 1431 κατα-

77 1456 255 1506 λιμπάνω,
273 1453 374 1506 κάγὼ
388 1456 408 1492 ὁ
425 1451 620 1506 στρατηγὸς
638 1451 803 1504 ὑμέτερος
820 1454 1004 1505 πανταχοῦ
1024 1453 1122 1504 ἀγω-

74 1513 225 1564 νίζομαι.
248 1530 265 1548 ιο

130 1574 350 1611 AEmilianus
367 1572 449 1619 hic,
468 1573 509 1609 in
527 1571 658 1609 Moesia
675 1571 890 1620 legionibus
916 1570 986 1608 sub
1013 1570 1122 1609 Gallo

75 1634 168 1681 imp.
198 1631 418 1683 praefectus,
448 1643 567 1679 quum
589 1630 740 1678 Scythis
764 1631 842 1666 sive
867 1630 1002 1668 Gothis
1028 1630 1123 1666 insi-

75 1703 188 1740 gnem
207 1690 353 1726 cladem
366 1690 571 1734 intulisset,
591 1689 710 1726 elatus
729 1689 804 1724 hoc
819 1701 1008 1734 successu,
1030 1701 1123 1739 pur-

75 1761 213 1799 puram
230 1749 408 1797 sumpsit,
429 1754 468 1783 et
495 1747 545 1783 ad
572 1747 720 1783 Italiam
745 1746 1011 1796 occupandam
1029 1759 1124 1796 pro—

74 1808 238 1859 peravit.
266 1807 462 1843 Profectus
489 1814 623 1843 contra
641 1818 728 1843 eum
755 1806 899 1852 Gallus,
921 1807 1122 1843 commisso

75 1867 213 1913 proelio
229 1866 350 1902 victus
368 1866 484 1914 periit
513 1863 611 1913 (253
636 1876 678 1912 p.
695 1864 738 1902 C.
751 1861 777 1910 ).
797 1865 865 1900 His
881 1864 1026 1909 relatis,
1048 1865 1125 1900 Zo-

76 1931 186 1955 naras
206 1918 316 1967 (ΧΠ,
330 1930 391 1963 22,
404 1930 443 1966 p.
463 1917 534 1965 591
549 1916 579 1966 ),
595 1928 641 1953 ex
651 1918 790 1953 Nostro
807 1916 910 1952 fonte
922 1916 1121 1962 hauriens,

77 1979 205 2026 pergit
222 1989 231 2012 ε
251 1973 469 2027 Ἀναρρηθεὶς
487 1973 525 2012 δὲ
545 1971 654 2016 οὕτως
673 1972 900 2025 αὐτοκράτωρ
918 1974 938 2010 ὃ
956 1973 1123 2022 Αἰμιλια-

80 2034 135 2078 νὸς
162 2033 340 2073 ἐπέστειλε
357 2035 403 2084 τῇ
435 2031 643 2084 συγκλήτῳ,
673 2030 971 2082 ἐπαγγελλόμενος
998 2033 1045 2075 ὥς
1065 2031 1126 2070 καὶ

78 2092 142 2140 τὴν
162 2092 308 2147 Θράκην
337 2091 532 2135 ἀπαλλάξει
562 2089 751 2143 βαρὸάρων
775 2089 836 2128 καὶ
864 2090 955 2128 κατὰ
976 2092 1126 2142 Περσῶν

79 2150 368 2204 ε’κστρατεύσεται
385 2149 446 2190 καὶ
468 2149 585 2188 πάντα
613 2148 738 2200 πράξει
756 2148 818 2187 καὶ
845 2148 1057 2199 ἀγωνίσεται
1077 2151 1126 2195 ὡς

80 2209 273 2262 στρατηγὸς
292 2210 420 2260 αὐτῶν,
436 2207 500 2255 τὴν
527 2206 708 2260 βασιλείαν
731 2209 775 2260 τῇ
793 2207 959 2261 γερουσίᾳ
976 2209 1127 2246 καταλι-

79 2268 169 2310 πών.
186 2267 278 2307 Ἀλλ’
293 2267 391 2306 οὐδὲν
405 2266 538 2306 τούτων
553 2267 641 2318 ἔφθη
657 2265 870 2313 πεποιηκὼς,
884 2267 1125 2320 Οὐαλεριανοῦ

80 2325 340 2369 ἐπαναστάντος
357 2326 467 2379 αὐτῷ.
487 2327 691 2364 AEmiliano
707 2338 730 2363 a
750 2326 935 2363 militibus
952 2327 1100 2363 deserto
1113 2354 1125 2373 ,

81 2387 297 2423 Valerianus
312 2386 475 2434 imperio
484 2386 632 2434 potitur
649 2382 770 2435 (254).
787 2385 845 2422 cf.
862 2384 910 2422 de
923 2386 1126 2422 AEmiliano

81 2445 218 2481 Euseb.
238 2446 336 2480 Hist.
355 2445 460 2481 Eccl.
479 2445 547 2489 VI,
564 2444 628 2493 39.
645 2446 792 2480 Auctor
805 2451 935 2480 noster
946 2444 1026 2481 haec
1038 2456 1126 2481 nar·

81 2505 180 2540 ravit
193 2502 241 2540 ad
257 2515 318 2539 an.
344 2501 435 2546 254.

423 2631 459 2666 2.
486 2629 785 2666 AEMlLIANUS.

125 2710 315 2746 AEmilianus
329 2710 457 2751 sumpta
473 2693 614 2752 purpura
623 2710 668 2743 ita
677 2708 802 2752 scripsit
811 2709 852 2742 ad
865 2710 1011 2743 senatum
1025 2722 1033 2742 ι
1046 2723 1064 2739 α
1072 2710 1133 2742 Re·

83 2772 183 2806 gnum
205 2763 336 2804 quidem
355 2762 447 2796 vobis
463 2762 615 2804 permitto
622 2772 634 2804 ς
654 2771 713 2804 ego
733 2770 812 2795 vero
835 2761 956 2804 ubique
972 2764 1134 2795 terrarum

85 2818 258 2860 imperator
269 2817 377 2851 vester
385 2815 471 2849 bella
485 2823 573 2857 gero.
587 2827 604 2844 n

432 2902 469 2937 3.
496 2898 784 2937 GALLIENUS.

127 2974 290 3008 Macrinus
313 2972 385 3008 fisci
402 2982 512 3008 comes
537 2976 570 3007 et
584 2981 723 3007 annonae
751 2974 941 3015 praefectus,
960 2975 1036 3015 quia
1053 2974 1135 3017 pede

86 3027 256 3059 mutilatus
269 3027 356 3065 erat,
377 3033 442 3058 non
456 3026 505 3058 est
523 3024 558 3057 in
572 3025 687 3066 proelio
703 3025 796 3068 (quo
817 3027 935 3067 Sapor
956 3034 1022 3059 rex
1040 3027 1134 3059 Vale-

2150 194 2224 228 193

1526 297 1562 335 3.
1597 296 1869 336 ΓΑΛΙΗΝΟΣ.

1430 389 1527 439 (260
1540 403 1582 441 p.
1603 391 1646 429 C.
1666 390 1815 428 Galieni
1830 402 1893 426 an.
1911 390 1974 441 7.)

1229 482 1318 523 ‘'O-et
1342 485 1539 534 Μακρῖνος,
1569 480 1681 531 κόμης
1700 483 1770 519 τῶν
1790 483 1974 533 θησαυρῶν
1995 483 2056 520 καὶ
2075 483 2228 534 ἐφεστὼς

1177 543 1222 593 τῇ
1251 543 1362 594 ἀγορᾷ
1382 544 1440 579 τοῦ
1462 540 1578 587 σίτου,
1595 538 1715 585 ἐπειδὴ
1736 539 1795 576 καὶ
1820 539 1879 577 τὸν
1902 539 1962 578 ἕνα
1982 541 2072 579 πόδα
2092 542 2225 588 ἐπεπή-

1183 614 1296 653 ρωτο,
1316 601 1382 651 οὐχ
1404 598 1525 652 εὑρέθη
1544 600 1578 637 ἐν
1597 599 1646 651 τῷ
1665 596 1830 650 πολέμῳ,
1851 598 1928 635 ἀλλ’
1951 599 1987 636 ἐν
2008 599 2230 649 Σαμοσάτοις

1181 657 1242 696 καὶ
1262 657 1454 710 ἀπεδέχετο
1472 655 1553 700 τοὺς
1581 654 1799 708 στρατιώτας
1818 655 1878 694 καὶ
1907 657 2088 696 ἀνεκτᾶτο.
2117 656 2163 697 Ὁ
2193 659 2231 696 δὲ

1180 715 1358 770 Σαπώρης
1379 715 1513 766 πέμπει
1536 714 1730 762 Κληδόνων
1749 714 1859 767 ἄνδρα
1872 714 1948 758 τοὺς
1968 714 2136 759 δικαστὰς
2158 717 2229 754 εἷσ-

1180 775 1308 826 άγοντα
1340 775 1391 826 τῷ
1421 775 1559 825 βασιλεῖ
1575 803 1586 821 ‚
1621 772 1658 817 ὃς
1683 771 1877 825 προέτρεπε
1907 775 2086 824 Μακρῖνον
2117 774 2227 811 ἐλθεῖν

1179 833 1264 886 πρὸς
1287 831 1512 884 Βαλεριανόν.
1542 830 1588 871 Ὁ
1605 831 1640 870 δὲ
1671 834 1737 884 οὐχ
1757 830 1869 870 εἵλετο
1897 833 2075 878 ἀπελθεῖν,
2097 831 2222 883 λέγων·

1183 910 1197 926 ·
1214 890 1278 936 Τίς
1295 895 1457 930 τοσοῦτον
1472 889 1634 942 μαίνεται
1653 889 1744 928 ὥστε
1758 889 1846 929 ἑκὼν
1866 891 1943 929 ἀντ’
1957 889 2137 942 ἐλευθέρου
2154 891 2232 930 δοῦ-

1179 951 1237 994 λος
1255 949 1317 989 καὶ
1337 949 1561 1002 αἰχμάλωτος
1578 948 1761 1000 γενέσθαι;
1788 948 1901 992 ἄλλως
1921 962 1959 987 τε
1979 948 2039 987 καὶ
2058 949 2090 987 οἱ
2113 963 2227 1000 προσ-

1179 1008 1360 1051 τάττοντες
1387 1008 1548 1046 ἀπελθεῖν
1577 1008 1640 1045 οὖκ
1670 1006 1737 1045 εἶσί
1757 1022 1825 1057 μου
1853 1006 1981 1059 κύριοι.
2013 1005 2061 1047 ‘O
2086 1006 2149 1058 μὲν
2165 1006 2233 1060 γὰρ

1180 1066 1343 1117 πολέμιός
1363 1067 1468 1114 ἐστιν,
1494 1068 1511 1104 ὃ
1530 1065 1568 1106 δὲ
1586 1065 1665 1105 οὐδὲ
1686 1068 1810 1104 ἑαυτοῦ
1839 1066 2018 1114 δεσπόζει,
2044 1066 2110 1118 οὐχ
2138 1065 2234 1109 ὅπως

1181 1128 1281 1176 ἡμῶν
1309 1124 1415 1177 (ἡμῖν
1434 1126 1524 1164 Mai.
1539 1126 1566 1174 l.
1593 1141 1610 1158 ν
1631 1123 1705 1164 Καὶ
1722 1122 1873 1177 παρῄνει
1889 1124 1950 1163 καὶ
1967 1125 2019 1177 τῷ
2045 1123 2233 1176 Κληδονίῳ

1184 1183 1298 1234 μένειν
1316 1183 1376 1222 καὶ
1396 1181 1446 1233 μὴ
1462 1183 1662 1222 ἐπανελθεῖν
1677 1182 1764 1235 πρὸς
1783 1182 2013 1235 Βαλεριανόν.
2040 1181 2085 1222 Ὁ
2103 1181 2140 1220 δὲ
2162 1181 2228 1235 ἔφη

1185 1241 1234 1292 μὴ
1250 1240 1452 1294 προδιδόναι
1472 1240 1534 1287 τὴν
1554 1241 1671 1280 πίστιν
1690 1244 1751 1280 τοῦ
1770 1241 1957 1292 γενομένου
1977 1243 2081 1282 αὐτοῦ
2102 1241 2229 1279 δεσπό·

1181 1314 1256 1339 του.
1272 1300 1345 1340 Καὶ
1357 1299 1555 1338 ἐπανελθὼν
1569 1300 1766 1353 κατεσχέθη
1784 1302 1875 1350 μετὰ
1887 1302 1958 1339 τῶν
1976 1299 2228 1352 αἰχμαλώτων.

1234 1357 1306 1397 ἕνα
1329 1357 1439 1397 πόδα
1468 1358 1749 1411 ἐπεπήρωτο]
1771 1360 1829 1398 Cf.
1850 1362 1992 1398 Zonar.
2023 1360 2126 1407 XII,
2158 1364 2225 1406 24,

1180 1431 1218 1467 p.
1235 1417 1310 1467 598
1326 1429 1335 1455 :
1352 1416 1494 1468 θάτερον
1510 1416 1701 1469 πεπήρωτο
1717 1418 1786 1455 τῶν
1804 1418 1950 1455 σκελῶν.
1968 1418 2108 1455 Euseb.
2130 1418 2228 1455 Hist.

1181 1477 1286 1514 Eccl.
1306 1477 1376 1513 VII
1388 1503 1401 1521 ‚
1423 1488 1483 1513 10.
1501 1497 1553 1506 -
1567 1476 1648 1526 Οὐχ
1665 1472 1777 1512 εἵλετο
1794 1475 1984 1526 ἀπελθεῖν]
2011 1491 2027 1509 α
2045 1477 2144 1512 Hinc
2163 1487 2231 1524 ap.

1182 1535 1320 1572 Euseb.
1341 1536 1433 1578 Vll,
1458 1533 1508 1571 53
1529 1534 1671 1571 dicitur
1687 1535 1867 1584 proditor
1884 1536 2075 1572 Valeriani
2092 1535 2235 1571 Macri-

1180 1606 1265 1631 nus.
1295 1595 1443 1643 Reapse
1463 1601 1592 1630 autem
1607 1605 1686 1630 non
1705 1595 1773 1630 ivit
1789 1594 1840 1630 ad
1860 1594 1991 1630 Persas
2017 1594 2232 1638 Macrinus,

1182 1653 1272 1701 quia
1282 1652 1481 1700 imperium
1494 1652 1708 1690 affectabat.
1727 1667 1742 1684 υ
1758 1652 1852 1689 Mn.
1866 1654 1924 1689 De
1933 1650 2015 1702 ejus
2028 1652 2236 1688 rebellione

1180 1718 1318 1760 praeter
1335 1710 1511 1748 laudatos
1530 1711 1618 1749 vide
1637 1710 1800 1749 Trebell.
1832 1711 1930 1748 Poll.
1960 1712 2001 1747 in
2021 1711 2126 1761 Trig.
2156 1718 2232 1760 tyr,

1185 1782 1220 1810 c.
1247 1782 1308 1808 11.

1359 1858 1398 1898 4.
1435 1851 1695 1892 ΓΑΛΙΗΝΟΣ
1723 1851 1815 1892 ΚΑΙ
1845 1851 2041 1892 ΜΕΜΩΡ.

1354 1946 1491 1997 (Circa
1509 1945 1582 1984 261
1604 1958 1645 1996 p.
1667 1944 1711 1987 C.
1732 1947 1893 1984 Gallieni
1910 1958 1974 1984 an.
1995 1945 2063 1996 8.)

1236 2032 1324 2073 Ὅτι
1337 2031 1477 2086 Μέμωρ
1491 2032 1715 2086 Μαυρούσιος
1731 2032 1898 2086 πεμφθεὶς
1911 2033 1969 2072 ἐπὶ
1983 2033 2135 2085 συλλογῇ
2149 2048 2232 2083 καρ-

1189 2093 1278 2139 πῶν,
1298 2093 1427 2130 καινῶν
1443 2091 1665 2143 πραγμάτων
1685 2091 1916 2140 ἐπεθύμησεν,
1936 2092 1996 2130 καὶ
2016 2093 2150 2143 σπουδῇ
2168 2093 2236 2128 ὑπὸ

1185 2153 1254 2189 τῶν
1270 2152 1496 2203 στρατιωτῶν
1512 2152 1720 2202 ἀναιρεῖται.
1740 2151 1787 2190 Οἱ
1802 2150 1838 2188 δὲ
1853 2149 2019 2202 ἄρχοντες
2035 2149 2233 2202 ἐμέμφοντο

1187 2212 1235 2253 ὡς
1250 2209 1377 2252 ἀδίκως
1390 2208 1494 2247 αὐτὸν
1509 2208 1748 2261 ἀναιρεθέντα.
1768 2208 1839 2248 Καὶ
1856 2208 2026 2251 Θεόδοτος
2040 2206 2235 2250 κελευσθεὶς

1192 2267 1483 2320 ἀπολογήσασθαι
1500 2261 1608 2314 εἶπεν,
1618 2266 1670 2306 ὅτι
1690 2284 1706 2301 «
1724 2267 1788 2305 οὒκ
1807 2261 1849 2314 ἦν
1866 2268 1997 2312 πολλῆς
2011 2265 2101 2311 ἄξιος
2120 2280 2234 2304 κατα-

1186 2325 1345 2378 γνώσεως
1369 2326 1524 2378 Μέμωρ,
1549 2328 1595 2369 ὡς
1615 2325 1795 2370 ἀδυνάτοις
1813 2327 1997 2379 ἐπιχειρῶν
2019 2327 2038 2364 ὁ
2057 2323 2147 2376 ἔχων
2171 2339 2238 2364 το-,

1188 2384 1320 2424 σούτων
1342 2385 1522 2438 ἀρχόντων
1541 2383 1732 2438 περιὸολὴν
1752 2384 1813 2423 καὶ
1832 2384 1993 2432 δύναμιν,
2014 2383 2091 2422 ἀλλ’
2108 2385 2236 2427 ἐκεῖνος

1188 2443 1248 2482 καὶ
1267 2446 1299 2482 οἱ
1327 2443 1388 2482 σὺν
1410 2444 1505 2495 αὐτῷ
1524 2442 1582 2481 διὰ
1603 2445 1664 2489 τῆς
1682 2444 1768 2494 ἐμῆς
1789 2445 1941 2489 σπουδῆς
1960 2442 2020 2482 καὶ
2048 2443 2235 2494 βασιλικῆς

1187 2503 1348 2555 προνοίας
1358 2505 1419 2542 τοῦ
1437 2505 1569 2541 σκοποῦ
1583 2502 1788 2555 διήμαρτον.
1799 2519 1814 2535 υ
1831 2502 1970 2546 Ἡσθεὶς
1982 2504 2001 2540 ὃ
2014 2500 2174 2554 βασιλεὺς
2193 2501 2238 2552 τῇ

1189 2613 1305 2653 hostis,
1321 2614 1404 2647 alter
1419 2621 1459 2646 ne
1474 2613 1525 2646 sui
1542 2613 1672 2654 quidem
1696 2613 1814 2654 ipsius,
1828 2613 1948 2645 nedum
1963 2612 2065 2645 nostri
2090 2610 2241 2644 dominus

1189 2665 1249 2697 est.
1265 2676 1282 2694 a
1294 2667 1403 2703 Quare
1415 2666 1530 2698 auctor
1539 2666 1609 2697 erat
1622 2664 1777 2697 cledonio
1786 2688 1796 2705 ‚
1813 2666 1850 2697 ut
1860 2665 1926 2706 ipse
1938 2672 2069 2705 quoque
2081 2663 2238 2702 maneret,

1189 2724 1294 2758 neque
1306 2717 1348 2749 ad
1360 2717 1566 2749 Valerianum
1588 2716 1716 2749 rediret.
1733 2718 1775 2749 At
1793 2715 1878 2748 enim
1897 2716 1952 2749 hic
1978 2715 2125 2756 negavit,
2142 2714 2238 2746 iidem

1190 2776 1224 2800 se
1239 2768 1308 2808 ejus
1327 2769 1502 2807 salsurum,
1519 2768 1574 2809 qui
1590 2768 1741 2800 dominus
1765 2767 1938 2808 aliquando
1953 2767 2015 2800 sibi
2037 2767 2168 2807 fuisset3
2190 2774 2237 2797 re·

1190 2827 1365 2862 veisusque
1379 2828 1455 2855 cum
1469 2819 1542 2852 aliis
1558 2820 1627 2851 illic
1642 2818 1778 2860 captivis
1790 2820 1934 2852 retentus
1945 2821 2004 2852 ost.

1399 2923 1435 2957 4.
1458 2919 1742 2958 GALLIENUS
1762 2919 1823 2957 ET
1839 2919 2030 2958 MEMOR.

1232 3021 1357 3058 Memor
1370 3021 1504 3053 Maurus
1515 3018 1557 3051 ad
1572 3017 1836 3052 frumentandum
1849 3017 1984 3058 missus,
1997 3025 2099 3051 novas
2114 3025 2164 3051 res
2171 3024 2238 3049 mo-

88 3081 232 3112 rionum
245 3080 326 3112 vicit
341 3079 376 3111 et
387 3078 500 3119 cepit)
523 3078 731 3119 conspectus,
747 3078 803 3111 sed
828 3079 1004 3112 samosatis
1018 3079 1135 3111 milites
1191 3073 1243 3106 liri
1266 3074 1382 3114 coepit,
1410 3073 1584 3114 statimque
1599 3081 1619 3104 a
1642 3071 1800 3105 militibus
1825 3071 1952 3104 occisus
1969 3071 2028 3104 est.
2054 3069 2117 3103 Sed
2135 3077 2238 3111 quum

89 3125 288 3171 exspectavit
301 3131 336 3163 et
349 3129 480 3171 recepit.
498 3132 601 3171 Sapor
619 3130 729 3162 autem
751 3130 839 3162 misit
859 3130 1050 3163 eledonium
1061 3154 1071 3169 ‚
1088 3129 1135 3162 vi·

90 3190 163 3214 rum
170 3181 332 3221 judicibus
341 3180 424 3222 apud
436 3181 661 3222 imperatorem
668 3180 906 3222 introducendis
916 3181 1134 3222 praepositum,

1192 3125 1336 3166 praerecti
1352 3124 1461 3166 inique
1475 3123 1567 3156 illum
1579 3123 1724 3156 occisum
1733 3123 1958 3164 quererentur,
1968 3120 2155 3156 Theodotus
2165 3129 2239 3153 cau·

1191 3186 1262 3210 sam
1291 3177 1399 3210 dicere
1412 3177 1520 3217 jussus
1543 3176 1589 3208 ait
1613 3175 1791 3208 admodum
1817 3175 2083 3208 condemnatione
2105 3173 2238 3213 dignum

91 3233 148 3274 qui
165 3233 343 3265 Macrinum
358 3232 583 3265 adhortaretur
593 3256 603 3272 ,
623 3233 660 3264 ut
672 3232 796 3265 veniret
809 3232 852 3265 ad
868 3233 1088 3265 Valerianum.
1106 3234 1137 3265 Is
1193 3228 1291 3262 fuisse
1300 3230 1476 3261 Memorem
1485 3251 1496 3267 ,
1508 3227 1627 3269 quippe
1636 3227 1712 3269 qui,
1725 3236 1828 3268 quum
1840 3228 1891 3260 tot
1899 3227 2125 3268 praefectorum
2138 3224 2238 3257 tutela

93 3286 202 3317 autem
216 3283 386 3324 negavitse
397 3283 563 3316 iturum-'a
577 3283 657 3323 Quis
666 3284 752 3316 enim
761 3307 771 3323 ,
787 3284 904 3325 inquit,
917 3284 997 3316 adeo
1008 3284 1137 3316 insanus
1192 3279 1355 3313 etviribus
1362 3280 1529 3319 niteretur,
1543 3279 1676 3312 minime
1687 3279 1915 3319 impossibilem
1929 3277 1972 3310 sit
1984 3286 2049 3310 rem
2057 3284 2236 3316 aggressu83

95 3335 163 3373 est,
178 3337 216 3367 ut
231 3334 370 3367 libertati
385 3335 574 3379 servitutem
588 3336 765 3376 praeponat.
785 3337 946 3367 Praeterea
954 3335 1011 3376 qui
1026 3343 1078 3367 me
1089 3343 1138 3367 ac·

1194 3335 1230 3367 at
1247 3341 1323 3366 vero
1338 3334 1397 3365 iste
1414 3333 1597 3374 consciique
1610 3332 1680 3373 eJus
1691 3356 1701 3372 ‚
1718 3331 1832 3372 inquit,
1845 3330 2005 3370 diligentia
2016 3338 2087 3361 mea
2102 3337 2160 3360 nec
2173 3336 2237 3359 non

96 3387 244 3425 cersunt,
268 3393 470 3426 nequaquam
487 3386 608 3418 domini
637 3386 700 3417 mei
719 3387 796 3418 sunt
824 3398 833 3418 ι
851 3386 932 3418 alter
950 3385 1068 3427 quippe
1088 3387 1137 3418 est
1195 3385 1280 3426 regia
1304 3383 1504 3426 providentia
1518 3393 1537 3417 a
1554 3384 1717 3426 proposito
1733 3391 1792 3414 suo
1804 3381 1929 3423 depulsi
1951 3382 2036 3413 sunt.
2054 3379 2236 3411 Delectatus

203 3448 392 3474 FRAGMENTA
412 3449 536 3473 uls'ron-
559 3449 611 3474 GR·
623 3457 656 3464 -
673 3449 742 3472 VOL·
757 3449 801 3472 lv.

2098 3435 2131 3461 13
