2326 3724
317 189 860 280 MALGHUS
926 188 1994 297 PHILADELPHENSIS.

123 598 137 613 α
151 582 320 619 Malchus
330 608 340 627 ,
353 581 688 630 Philadelphiensis
698 608 709 626 ‚
724 593 768 617 ex
781 582 843 617 illa
853 581 1113 629 Philadelphia

18 678 22 679 ⁷
70 653 153 690 quae
164 641 202 676 in
214 641 408 676 Palaestina
416 647 482 685 est,
492 647 643 676 utrecte
658 652 677 676 e
687 641 842 675 nomine
858 640 929 675 viri
943 640 1112 687 Syriaco,

0 706 19 748 .{,
70 711 186 746 quum
199 699 311 746 plura
321 699 371 734 ita
382 705 610 734 vocarentur
619 698 773 747 oppida,
784 698 895 733 infert
903 698 1112 743 Fabricius,

0 790 5 804 =
69 757 274 806 sophistam
304 757 633 806 Constantinopoli
665 758 754 805 egit.
784 757 874 804 Ejus
889 757 1113 803 Historiam,

0 818 19 867 532³
68 827 141 863 qua
164 815 332 851 Priscum
362 816 618 860 continuavit,
649 815 697 850 ab
719 827 754 853 a.
779 819 871 861 474,
901 814 1114 852 decimose-

0 866 18 901 ’ἶ
65 868 188 923 ptimo
214 874 348 910 Leonis
374 875 490 927 Imp.‚
513 886 632 921 usque
659 874 708 910 ad
737 881 900 909 mortem
933 874 1112 921 Nepotis,

67 932 133 980 qui
161 943 196 967 a.
220 931 294 974 480
318 933 463 967 occisus
491 939 566 977 est,
585 939 729 980 septem
755 944 943 968 annorum
967 944 1026 970 res
1054 939 1114 968 to-

67 990 183 1026 tidem
209 991 336 1038 libris,
355 1003 451 1038 quos
471 987 692 1033 Βυζαντιακὰ
712 992 919 1041 inscripsit,
939 1003 1113 1039 persecu·

66 1056 142 1084 tam
161 1049 316 1084 Photius
331 1050 421 1098 legit
441 1062 448 1084 :
473 1056 587 1096 atque
611 1048 713 1085 intra
730 1050 804 1085 hoc
824 1050 1005 1097 temporis
1024 1062 1113 1097 spa-

67 1108 160 1142 tium
175 1108 311 1156 eclogae
326 1108 373 1143 de
386 1108 652 1157 legationibus,
664 1120 831 1156 quasque
845 1120 890 1143 ex
903 1108 984 1143 aliis
999 1109 1114 1143 titulis

64 1165 200 1201 Suidas
233 1167 414 1210 servavit,
445 1166 819 1214 comprehenduntur
857 1179 864 1201 ε
899 1173 943 1202 ut
970 1174 1115 1202 certum

65 1223 112 1258 sit
141 1223 323 1260 litteratas
359 1225 598 1260 Constantini
628 1225 950 1274 Porphyrogeniti
982 1237 1115 1274 operas

64 1282 159 1317 nihil
178 1283 338 1330 amplius
357 1283 544 1319 habuisse.
563 1283 697 1320 Monet
713 1291 839 1319 tamen
855 1284 1033 1329 Photius,
1057 1285 1114 1320 his

64 1339 169 1374 libris
191 1351 287 1387 opus
301 1339 351 1375 ad
369 1341 571 1376 terminum
594 1353 709 1388 quem
727 1348 861 1377 auctor
882 1341 953 1377 sibi
969 1354 1113 1390 propo-

63 1397 194 1434 suisset
210 1397 438 1446 perductum
456 1411 533 1434 non
552 1411 628 1434 esse
652 1412 660 1434 :
683 1400 807 1447 ipsum
829 1400 986 1436 innuere
1002 1401 1112 1448 plura

63 1467 101 1491 se
115 1456 377 1494 additurumsi
390 1457 471 1493 vita
487 1464 662 1506 suppetat
681 1470 690 1495 :
708 1470 827 1505 quum
844 1459 959 1506 igitur
976 1459 1112 1494 Suidas

64 1514 202 1550 Malchi
221 1514 429 1551 Historiam
447 1528 567 1564 usque
591 1516 638 1552 ad
651 1517 887 1552 Anastasium
913 1517 1111 1554 deductam

65 1586 143 1610 esse
171 1574 333 1619 scribat,
360 1587 440 1610 non
466 1575 748 1620 contradicam,
770 1576 801 1611 si
821 1577 904 1623 quis
923 1577 995 1612 sibi
1022 1590 1111 1625 per-

65 1633 220 1668 suaserit
235 1633 368 1669 ultima
380 1641 490 1682 parte
507 1641 720 1670 truncatam
746 1634 796 1670 ad
816 1633 994 1671 Photium
1012 1636 1112 1672 Con·-

65 1692 347 1740 stantinumque
370 1693 608 1740 pervenisse;
637 1693 823 1741 integram
851 1693 886 1728 ei
905 1694 1111 1730 innotuisse

65 1750 130 1797 qui
144 1751 260 1799 paulo
276 1758 364 1799 post
382 1752 402 1786 J
407 1752 633 1788 ustinianum
650 1753 749 1800 Imp.
770 1752 922 1788 lexicon
947 1752 994 1787 de
1014 1754 1110 1788 scri-

62 1803 236 1850 ptoribus
279 1806 516 1852 composuit,
556 1804 667 1852 quod.
699 1805 834 1841 Suidas
874 1806 1107 1853 compilavit.

64 1860 194 1896 Edidit
222 1869 323 1898 certe
356 1863 525 1898 Malchus
553 1871 707 1899 mortuo
742 1863 894 1899 demum
931 1865 1107 1910 Zenone,

65 1919 170 1966 cujus
190 1920 378 1968 ignaviam
394 1921 615 1969 probraque
631 1921 674 1972 [f.
701 1920 740 1970 4]
755 1934 938 1957 mansurae
950 1922 1110 1958 infamiae

64 1978 220 2014 tradidit
242 1992 249 2014 :
271 1991 314 2014 ac
332 1986 436 2015 tanta
455 1980 611 2027 quidem
630 1993 717 2015 cum
738 1980 912 2015 libertate
928 1987 970 2015 ut
998 1981 1110 2016 etiam

63 2035 132 2070 sub
149 2036 228 2071 miti
246 2038 428 2072 Anastasii
441 2038 604 2086 imperio
617 2037 832 2073 mirandum
848 2039 894 2073 sit
909 2037 1111 2084 majestatis

62 2106 215 2142 poenam
235 2096 392 2131 evasisse
414 2097 480 2143 qui
496 2096 583 2131 talia
601 2103 736 2131 contra
753 2095 989 2132 decessorem
1010 2098 1112 2133 Prin-

28 2172 31 2175 ·
63 2153 157 2202 cipis
170 2180 180 2198 ‚
198 2155 408 2201 praesertim
426 2155 492 2202 qui
509 2156 685 2202 Augustae
701 2155 861 2190 maritus
878 2154 1000 2191 fuerat
1013 2184 1023 2200 ‚
1044 2168 1110 2191 au-

63 2210 181 2248 deret.
194 2213 331 2248 Verum
340 2225 420 2248 non
429 2213 584 2248 unicum
593 2212 668 2248 hoc
681 2219 734 2248 est
743 2212 811 2248 suh
820 2213 1111 2261 imperatoribus

62 2269 276 2316 Byzantinis
294 2269 474 2306 mirandae
491 2270 752 2306 in'scribendo
777 2271 961 2308 libertatis
985 2280 1110 2308 exem·

61 2327 182 2374 plum,
212 2327 368 2364 fortasse
394 2341 416 2364 a
443 2337 663 2378 contemptu
696 2330 908 2366 litterarum
940 2338 1066 2366 ortum
1098 2344 1106 2366 τ

61 2396 148 2420 nam
173 2387 368 2431 Tiberius,
392 2387 502 2423 valde
526 2389 568 2423 in
589 2389 633 2423 iis
659 2395 847 2435 versatus,
875 2402 1109 2438 quaecunque

63 2443 273 2480 edebantur
291 2446 401 2481 anxie
420 2448 673 2492 scrutabatur,
694 2447 970 2496 crudeliterque
985 2449 1108 2484 vindi-

57 2501 184 2537 ¹cahat.
204 2501 323 2551 Magis
340 2505 452 2539 etiam
464 2505 648 2541 miramur
666 2506 878 2554 Eunapium
894 2519 972 2542 non
986 2515 1108 2544 morte

62 2571 190 2608 poenas
210 2561 354 2597 dedisse
374 2575 447 2610 pro
471 2563 528 2598 his
555 2576 637 2611 quae
664 2565 833 2611 quemvis
850 2565 1106 2601 Christianum

62 2629 140 2653 non
169 2620 294 2654 minus
323 2631 438 2667 quam
470 2621 664 2670 Principes
695 2622 885 2659 laederent.
917 2622 1108 2660 Malchum

6 2718 13 2728 ι
62 2687 140 2711 non
154 2677 427 2714 maledicentiae
445 2678 509 2716 sed
524 2681 673 2716 veritati
694 2681 879 2719 studuisse
905 2683 1103 2718 cernimus.

61 2733 265 2771 Difficilior
295 2736 344 2772 ad
375 2734 652 2786 expediendum
676 2739 766 2775 inde
795 2741 916 2776 oritur
949 2742 1106 2788 quaestio

63 2794 167 2840 quod
178 2795 347 2831 Malchus
355 2797 564 2834 Historiam
573 2798 845 2834 aConstantino
853 2801 902 2836 M.
911 2800 1106 2836 inchoasse

63 2862 84 2886 a
94 2851 211 2888 Suida
220 2853 360 2889 dicitur
371 2867 379 2890 :
392 2855 433 2890 in
446 2855 554 2903 quod
569 2863 644 2891 tam
655 2856 836 2892 disertum
850 2858 1106 2894 testimonium

12 2920 14 2924 ’
62 2902 225 2958 suspicio
255 2914 394 2948 erroris
424 2926 470 2950 eo
497 2915 620 2950 {ninus
647 2915 750 2951 cadit
778 2915 1063 2964 quod'Photius
1086 2929 1106 2953 e

61 2969 175 3016 primi
201 2970 289 3006 libri
314 2972 422 3007 initio
453 2974 625 3009 c‘onstare
656 2974 787 3021 docet,
817 2976 909 3011 alios
938 2975 1106 3022 ejusdem

15 3031 19 3036 '
61 3028 225 3064 auctoris
239 3036 349 3077 atque
364 3033 575 3078 argumenti
593 3034 833 3080 praecessisse.
852 3034 964 3070 Casus
981 3041 1106 3070 antem

18 3089 20 3093 ’
63 3082 210 3122 efficere
226 3099 305 3122 non
329 3090 452 3133 potuit
473 3097 515 3125 ut
536 3102 623 3138 pars
645 3098 831 3140 superstes
852 3093 977 3141 operis
995 3093 1103 3128 initio

62 3153 104 3177 ac
120 3142 193 3180 fine
210 3148 374 3182 truncati
387 3148 573 3195 inciperet
598 3149 666 3184 ubi
687 3151 834 3186 Priscus
855 3151 1070 3187 substiterat
1093 3163 1101 3188 ε

29 3247 32 3251 Δ
62 3200 188 3249 itaque
213 3216 361 3241 necesse
383 3214 436 3242 est
458 3214 521 3242 aut
532 3216 681 3256 partem
696 3221 779 3256 quae
803 3210 1035 3258 praecederet
1058 3210 1104 3246 ab

62 3258 189 3306 aliquo
204 3262 268 3308 qui
280 3269 450 3300 catenam
463 3265 631 3302 historiae
640 3266 879 3313 conficiebat,
888 3268 948 3314 cuj
954 3269 1104 3304 usmodi

61 3317 186 3364 plures
211 3322 392 3358 exstitisse
418 3328 582 3370 constat,
605 3327 781 3372 recisam3
799 3334 863 3362 aut
881 3340 941 3363 res
963 3340 983 3363 a
1002 3328 1104 3364 Con-

63 3377 225 3412 stantino
248 3378 298 3414 M.
317 3391 437 3427 usque
462 3381 510 3416 ad
537 3382 653 3419 Prisci
676 3382 789 3420 finem
813 3385 962 3421 diverso
991 3397 1105 3433 opere

1106 3456 1149 3481 111

1175 581 1467 629 comprehensas
1490 581 1615 620 fuisse.
1645 583 1802 631 Ingenio
1825 591 1861 620 et
1884 585 2101 633 eloquentia
2126 589 2225 627 infra

1178 641 1369 687 Priscum,
1388 652 1411 675 a
1428 640 1565 675 Photio
1589 641 1764 688 quidem,
1793 647 1860 690 qui
1878 655 1964 679 eum
1987 648 2142 683 canonis
2164 649 2224 684 hi-

1177 699 1301 734 storiae
1324 699 1441 733 instar
1457 711 1534 734 esse
1548 700 1599 734 ait
1609 727 1618 744 ,
1633 701 1731 736 ultra
1747 703 1945 738 veritatem
1961 703 2134 741 laudibus
2150 708 2225 743 ela-

1175 764 1234 792 tus
1245 785 1255 802 ,
1292 764 1418 792 tamen
1448 758 1548 793 inter
1573 758 1683 794 valde
1712 759 1835 796 bonos
1865 761 2030 797 historiae
2056 771 2226 800 auctores

1174 815 1427 852 numerandus
1440 824 1506 854 est.
1518 818 1552 852 A
1560 816 1770 854 Christiana
1781 819 1963 867 religione
1972 833 2051 856 non
2061 822 2225 858 alienum

1175 873 1286 909 fuisse
1299 901 1309 919 ,
1326 874 1482 910 l'hotius
1500 875 1678 923 perhibet
1697 889 1706 911 :
1730 877 1837 924 quod
1855 891 1925 926 per
1945 891 1983 915 se
1999 892 2136 928 parum
2149 889 2222 926 est3

1173 945 1307 968 verum
1324 933 1364 967 in
1381 934 1524 981 ipsum,
1542 941 1586 969 ut
1603 946 1625 970 a
1641 935 1813 971 Classeno
1827 937 1922 973 inter
1944 938 2223 975 confabulatio-

1168 1003 1262 1044 'nem
1286 991 1380 1026 mihi
1410 992 1651 1029 observatum
1678 993 1766 1040 fuit,
1791 996 1878 1044 plus
1907 1009 2021 1044 quam
2047 999 2085 1033 in
2116 1000 2223 1036 illum

1174 1050 1309 1085 cadere
1324 1051 1489 1096 videtur,
1515 1053 1581 1099 qui
1595 1053 1822 1102 Pamprepio
1843 1053 1902 1104 [fr.
1919 1055 1985 1105 20]
2002 1063 2078 1093 tam
2094 1066 2224 1107 aperte

1173 1109 1308 1147 faveat.
1330 1125 1346 1141 »
1375 1110 1463 1146 Haec
1481 1111 1722 1149 Nmnumtms
1741 1114 1767 1148 1.
1786 1114 1812 1149 l.
1833 1126 1873 1162 p.
1891 1127 1982 1154 xxx.

1538 1229 1854 1266 TESTIMONIA.

1227 1333 1406 1370 Suidas..
1430 1329 1638 1382 Μάλχος,
1658 1330 1847 1376 Βυζάντιος
1866 1332 2050 1385 σοφιστής·
2072 1333 2220 1408 ἔγραψεν

1173 1389 1327 1441 ἱστορίαν
1358 1388 1428 1427 ἀπὸ
1452 1391 1514 1434 τῆς
1545 1389 1682 1462 βηέασι)
1672 1405 1724 1433 ιας
1753 1390 2041 1439 Κωνσταντίνου,
2070 1393 2130 1432 καὶ
2159 1393 2222 1438 ἕως

1174 1446 1423 1494 Ἀναστασίου,
1441 1448 1476 1484 ἐν
1496 1450 1518 1497 ᾗ
1537 1447 1582 1484 τὰ
1610 1446 1702 1485 κατὰ
1730 1446 1877 1494 Ζηνωνα
1902 1449 1962 1486 καὶ
1991 1422 2219 1502 Βάσιλίσκον,

1173 1505 1233 1543 καὶ
1266 1505 1323 1544 τὸν
1353 1505 1562 1557 ἐμπρησμὸν
1594 1521 1655 1551 της
1684 1505 1853 1556 δημοσίας
1883 1507 2110 1558 βιὸλιοθήκης
2139 1511 2217 1562 [an

1173 1564 1266 1616 476]
1281 1594 1291 1614 ,
1309 1563 1369 1602 καὶ
1390 1566 1458 1602 τῶν
1477 1562 1692 1614 ἀγαλμάτων
1707 1567 1766 1601 τοῦ
1784 1565 2037 1616 Αὖγουστείου,
2053 1567 2113 1605 καὶ
2130 1568 2221 1607 ἄλλα

1172 1622 1247 1660 τινὰ
1269 1622 1482 1675 διεξέρχεται
1516 1622 1614 1673 μάλα
1641 1624 1796 1672 σεμνῶς,
1819 1623 1879 1661 καὶ
1906 1625 2103 1676 τραγῳδίας
2122 1626 2220 1675 δίκην

1174 1683 1375 1734 ἀποθρηνῶν
1393 1681 1495 1720 αὐτά.

1223 1743 1380 1778 Photius
1408 1741 1497 1779 cod.
1527 1741 1574 1788 78
1598 1754 1606 1777 :
1627 1738 1840 1790 Ἀνεγνώσθη
1870 1742 2022 1795 Μάλχου
2055 1748 2220 1796 σοφιστοῦ

1173 1799 1414 1848 Βυζαντιακὰ,
1450 1802 1485 1838 ἐν
1522 1799 1668 1851 βιὸλίοις
1703 1799 1805 1838 ἑπτά.
1838 1798 2004 1852 Ἄρχεται
2033 1803 2096 1852 μὲν
2125 1802 2159 1848 ἐξ
2181 1799 2219 1842 οὗ

1174 1858 1306 1898 Λέοντα
1326 1858 1383 1897 τὸν
1407 1859 1554 1911 βασιλέα
1575 1861 1596 1904 ἡ
1614 1859 1711 1902 νόσος
1727 1857 1857 1907 ἐπίεζε,
1881 1859 1992 1912 τούτῳ
2011 1860 2047 1898 δὲ
2066 1864 2126 1909 τῆς
2151 1865 2217 1914 βα-

1171 1918 1301 1961 σιλείας
1320 1916 1394 1961 ἔτος
1411 1917 1707 1955 ἑπτακαιδέκατον
1728 1917 1966 1970 παρετείνετο·
1988 1919 2162 1973 διέρχεται
2182 1921 2218 1959 δὲ

1172 1975 1234 2022 τήν
1255 1992 1292 2013 τε
1311 1975 1472 2021 Ζήνωνος
1493 1974 1696 2028 ἀνάρρησιν,
1716 1975 1776 2013 καὶ
1793 1975 1854 2023 τὴν
1875 1976 2054 2030 ὑπερόριον
2071 1981 2132 2026 τῆς
2152 1982 2216 2031 βα-

1173 2034 1301 2072 σιλείου
1315 2034 1413 2081 δόξης
1429 2033 1622 2086 διατριὸὴν,
1635 2034 1695 2071 καὶ
1705 2034 1767 2081 τὴν
1780 2034 1992 2073 Βασιλίσκου
2014 2036 2217 2089 ἀνάρρησιν,

1172 2093 1231 2130 καὶ
1249 2109 1311 2139 την
1331 2096 1390 2138 τῆς
1410 2092 1612 2144 ἁλουργίδος
1631 2092 1810 2165 ἀπόθεσιν,
1826 2093 1885 2131 καὶ
1914 2093 1978 2140 τὴν
1998 2096 2054 2133 ἐπὶ
2075 2099 2116 2147 τῇ
2146 2099 2235 2148 βα-«

1172 2151 1285 2189 σιλεία
1302 2151 1407 2188 πάλιν
1422 2151 1566 2189 κάθοδον
1583 2150 1756 2200 Ζήνωνος,
1766 2151 1829 2198 τήν
1844 2167 1881 2190 τε
1892 2155 1952 2190 τοῦ
1964 2154 2216 2225 προειρημένου

1173 2191 1386 2248 Βασιλισκου
1422 2208 1479 2247 διὰ
1510 2208 1625 2261 ξίφους
1657 2209 1845 2259 ἀναίρεσιν,
1877 2214 1917 2256 ἧς
1948 2210 2009 2248 καὶ
2041 2211 2126 2261 γυνὴ
2155 2213 2216 2250 καὶ

1170 2266 1272 2305 τέκνα
1287 2267 1480 2320 παρανόμῳ
1496 2267 1606 2320 κρίσει
1623 2267 1870 2314 ἐκοινώνησαν.
1891 2268 1963 2307 Καὶ
1977 2267 2055 2307 ὅτιε
2051 2270 2216 2321 Αρμάτος

1171 2327 1189 2363 ὃ
1218 2326 1367 2372 Ζήνωνα
1399 2325 1563 2377 κατάγων
1597 2326 1758 2373 τοιαύτης
1788 2326 2004 2376 ἀντιμισθίας
2033 2327 2215 2375 ἀπώνατο,

1170 2383 1226 2422 διὰ
1245 2385 1440 2438 Ὀνούλφου
1461 2384 1644 2435 δεξάμενος
1660 2384 1723 2432 τὴν
1739 2385 1890 2438 σφαγήν.
1912 2386 2157 2436 Διαλαμὸάνει
2177 2389 2214 2426 δὲ

1169 2442 1228 2481 καὶ
1245 2442 1307 2490 τὴν
1328 2443 1542 2496 Θευδερίχου
1559 2448 1619 2482 τοῦ
1641 2443 1841 2496 Ὀτριαρίου
1864 2445 1983 2497 (Τρ.)
2004 2445 2138 2494 στάσιν,
2154 2448 2214 2485 καὶ

1167 2501 1231 2548 τὴν
1260 2501 1473 2554 Θευδερίχου
1499 2505 1559 2541 τοῦ
1578 2502 1811 2554 Μαλαμείρου
1846 2501 1977 2555 (Βαλ.)
1998 2503 2127 2555 φιλίαν,
2153 2504 2213 2542 καὶ

1167 2559 1225 2599 τὸν
1243 2561 1327 2614 πρὸς
1340 2560 1398 2599 τὸν
1407 2565 1466 2599 τοῦ
1479 2561 1679 2613 Ὀτριαρίου
1697 2563 1783 2614 (Τρ.
1795 2563 1805 2610 )
1818 2559 2031 2613 Θευδέριχον
2048 2561 2213 2613 πόλεμον,

1167 2618 1226 2657 καὶ
1245 2619 1308 2666 τὴν
1324 2618 1415 2657 κατὰ
1436 2619 1596 2666 Ζήνωνος
1611 2620 1717 2658 πάλιν
1738 2619 1875 2667 στάσιν,
1893 2620 1951 2657 καὶ
1967 2620 2030 2667 τὴν
2047 2622 2213 2674 Μαρκια-

1166 2682 1226 2716 νοῧ
1247 2679 1498 2724 ἐπανάστασιν,
1519 2677 1580 2716 καὶ
1600 2677 1667 2730 πρό
1686 2693 1724 2729 γε
1745 2677 1866 2716 τούτου
1885 2677 1949 2725 τὴν
1971 2681 2033 2726 τῆς
2049 2683 2214 2731 πενθερᾶς

1167 2737 1317 2790 Βηρίνης
1336 2737 1538 2785 ἐπιδουλὴν,
1564 2737 1624 2775 καὶ
1647 2736 1709 2783 τὴν
1732 2736 1788 2775 διὰ
1807 2740 1910 2775 τοῦτο
1937 2737 2128 2789 φυγαδείαν
2149 2738 2212 2785 τὴν

1167 2796 1290 2845 ἀίδιον,
1315 2797 1375 2835 καὶ
1394 2797 1456 2842 τὴν
1477 2795 1570 2835 κατὰ
1584 2793 1703 2835 Ἴλλου
1729 2796 1895 2849 πρότερον
1916 2796 2103 2843 ἐπιδουλὴν
2133 2799 2210 2844 Βη-

1167 2855 1240 2907 ρίνῃ
1264 2858 1572 2902 συσκευασθεῖσαν,
1590 2854 1651 2892 καὶ
1673 2853 1736 2900 τὴν
1752 2853 1973 2904 Ἐπιδάμνου
1992 2854 2059 2892 ὑπὸ
2079 2855 2210 2893 Θευδε-

1168 2914 1264 2966 ρίχου
1293 2917 1354 2951 τοῦ
1384 2912 1617 2966 Μαλαμείρου
1645 2914 1782 2964 (Βαλ.)
1803 2913 1839 2950 ἓν
1868 2913 1958 2966 δόλῳ
1978 2912 2206 2965 κατάσχεσιν.

1165 2975 1290 3012 Ταῦτα
1310 2971 1441 3017 διεξιὼν
1471 2971 1607 3016 διέξεισι
1626 2971 1686 3009 καὶ
1705 2971 1748 3009 τὰ
1767 2971 1824 3010 ἐπὶ
1843 2970 2007 3022 εΡώμης,
2033 2971 2093 3009 καὶ
2113 2971 2209 3014 τέλος

1164 3035 1225 3069 τοῦ
1250 3030 1400 3081 ἑὸδόμου
1420 3030 1523 3081 λόγου
1542 3036 1693 3069 ποιεῖται
1715 3029 1772 3068 τὸν
1801 3029 1970 3073 Νέπωτος
1988 3029 2151 3079 θάνατον,
2174 3029 2209 3072 ὃς

1165 3089 1323 3128 ε’κὸαλὼν
1341 3105 1400 3136 της
1421 3091 1532 3141 ἀρχῆς
1549 3089 1736 3141 Γλυκέριον
1750 3088 1813 3135 τήν
1831 3099 1867 3126 τε
1883 3087 2118 3138 Ρωμαϊκὴν’
2109 3087 2208 3138 ισχὺν

1164 3147 1409 3201 περιεὸάλετο,
1429 3147 1490 3185 καὶ
1507 3148 1552 3191 εἷς
1581 3162 1704 3198 σχημα
1725 3146 1841 3198 κείρας
1844 3146 2061 3220 Νκληρικοῦ’
2043 3144 2119 3182 αντὶ
2141 3147 2208 3196 βα-

1165 3206 1286 3250 σιλέως
1309 3206 1472 3258 ἀρχιερέα
1498 3206 1691 3253 κατέστησε
1694 3220 1730 3243 ν·
1751 3204 1806 3257 υφ’
1826 3207 1865 3242 οὑ
1882 3219 1942 3241 και
1957 3202 2208 3244 ἕπιὸουλευθεις

1165 3281 1204 3302 αν
1208 3280 1350 3317 ηρηται
1373 3268 1481 3305 Ουτοι
1500 3266 1531 3302 οἵ
1552 3263 1642 3302 ἑπτὰ
1657 3267 1718 3309 τῆς
1736 3262 1888 3316 ἱστορίας
1910 3261 2005 3311 λόγοι
2021 3276 2081 3299 και
2097 3275 2207 3311 προη-

1163 3340 1270 3375 γουμε
1256 3323 1350 3366 ζνους
1366 3325 1611 3375 ὑποφαίνουσιν
1635 3324 1728 3360 αὐτο)
1749 3321 1871 3373 λόγους
1891 3320 2014 3362 ἄλλους
2035 3319 2206 3356 διαπεπο-

1164 3385 1302 3428 ν’ῆσθαι·
1338 3397 1397 3419 και
1430 3385 1452 3428 ἡ
1485 3380 1627 3432 ἀπαρχὴ
1664 3379 1700 3417 δὲ
1733 3381 1800 3417 τῶν
1840 3377 1928 3416 ἑπτὰ
1967 3380 2026 3415 τού
2068 3374 2206 3427 πρώτου
