2372 3704
823 214 1064 254 socRATls
1092 214 1174 254 COI
1205 215 1544 254 FRAGMENTA.

601 317 661 340 11.

161 379 290 417 Schol.
308 377 501 414 Theocrit.
518 376 633 422 XIII,
651 388 671 422 7
699 388 708 414 :
731 373 803 413 Τὸν
819 373 938 414 ’Ὕλαν
962 374 1155 426 Σωκράτης

109 435 181 476 υἱὸν
197 435 245 476 Ἥ
251 434 415 488 ρακλέους
429 432 545 487 φησίν.

601 506 660 530 12.

157 550 290 608 801101.
329 569 482 605 Pindar.
504 569 637 607 Isthm.
662 569 734 614 111,
761 572 833 612 1οΙ,
867 567 1090 619 εΣωκράτης
1120 565 1155 604 δὲ

116 626 184 666 ὑπὸ
203 626 340 679 Αὐγέου
354 626 457 680 φησὶν
479 624 603 670 αὐτοὺς
632 626 827 677 (Herculis
846 640 866 664 e
885 629 1034 677 Megara
1049 628 1149 664 libe-

110 690 189 741 ros)
208 690 494 741 δολοφονηθῆναι.
517 688 638 727 Cfifr.
658 690 872 737 Lysimachi
891 701 937 725 ex
947 689 985 725 11.
1008 689 1036 726 l.

611 768 669 806 13.

164 838 289 877 Schol.
305 839 396 875 Eur.
417 838 549 874 Phoen.
574 835 621 881 45
639 849 648 874 :
668 834 742 882 Τὴν
755 834 791 874 δὲ
810 834 951 888 Σφίγγα
971 837 1003 874 οἱ
1021 835 1083 885 μὲν
1099 834 1157 873 λέ-

113 910 233 947 γουσιν
251 893 344 947 ἔχειν
364 894 552 945 πρόσωπον
564 893 753 947 παρθένου,
778 898 902 942 στῆθος
922 893 1032 933 δὲκαὶ
1050 893 1159 937 πόδας

112 953 268 1001 λέοντος,
291 952 402 1005 πτερὰ
434 952 470 990 δὲ
498 951 650 1005 ὄρνιθος’
672 953 865 1004 Σωκράτης
889 951 923 991 δὲ
947 952 1055 1000 αὐτήν
1073 967 1159 1005 φησι

112 1010 356 1066 χρησμολόγον
369 1009 574 1062 δύσγνωστα
584 1011 877 1062 μαντευουμένην·
893 1010 982 1064 ἅπερ
998 1013 1160 1062 ἀγνοοῦν-

114 1086 168 1115 τες
196 1071 227 1109 οἳ
246 1070 401 1117 Θηὸαῗοι
430 1069 491 1107 καὶ
523 1069 684 1113 ἐναντίως
712 1071 829 1113 αὐτοῖς
852 1069 1030 1122 χρώμενοι
1055 1067 1159 1106 ἀπώ-

113 1129 224 1168 λοντο.
242 1126 500 1175 Ἀσκληπιάδης
513 1127 551 1167 δὲ
562 1129 640 1168 κτλ.
653 1131 764 1166 Taur.
774 1130 894 1166 codex
911 1142 919 1165 τ
936 1130 982 1172 ὡς
997 1126 1162 1180 Κράτης.’

613 1215 671 1253 14.

168 1285 302 1323 suidas
321 1298 361 1321 v.
384 1284 542 1329 Χιάζειν.
563 1285 658 1322 Vide
677 1286 895 1321 Aristoxeni
926 1285 1055 1335 fragm.
1088 1284 1132 1321 51
1149 1313 1160 1332 ‚

52 1343 67 1358 ⁸
117 1352 209 1382 tom.
226 1345 288 1394 ΙΙ,
303 1357 342 1393 p.
371 1344 462 1381 285.
494 1345 569 1379 Pro
593 1342 786 1393 Σωκράτης
807 1344 863 1379 ibi
886 1345 1000 1393 vulgo
1024 1345 1163 1393 legitur

116 1401 322 1454 Ἰσοκράτης
341 1403 376 1439 ἐν
394 1406 464 1444 τοῖς
478 1400 572 1454 Πρὸς
590 1400 765 1449 Εἷδόθεον,
785 1402 892 1450 quod
912 1404 1076 1439 correxit
1088 1404 1163 1439 Fa-

115 1462 257 1498 bricius
268 1463 312 1499 Β.
335 1461 402 1499 Gr.
420 1463 488 1506 lv,
509 1473 550 1510 p.
573 1460 663 1498 286.

328 1662 709 1723 SOCRATES
749 1662 956 1721 COUS.

391 1779 710 1818 ΕΓΗΚΛΗΣΕΙΣ
738 1779 893 1818 ΘΕΩΝ.

617 1864 676 1903 15.

438 1947 468 1982 E
495 1946 647 1982 LIBRO
677 1946 848 1983 SEXTO.

174 2038 373 2074 Athenaeus
402 2036 483 2079 ΠΙ,
511 2047 552 2083 p.
580 2047 668 2079 111,
698 2035 726 2069 B
754 2044 763 2071 ε
795 2032 989 2084 Σωκράτης
1017 2035 1051 2071 ἐν
1076 2032 1166 2085 ἕκτῳ

121 2093 367 2141 Ἐπικλήσεων
383 2091 441 2130 τὸν
460 2090 598 2130 ὄὸελίαν
624 2090 727 2143 φησὶν
749 2090 850 2142 ἄρτον
871 2091 1035 2129 Διόνυσον
1057 2093 1168 2143 εὑρεῖν

125 2155 159 2192 ἐν
181 2157 255 2196 ταῖς
271 2150 480 2204 στρατείαις,

603 2204 648 2241 15
679 2217 713 2240 a.

177 2282 304 2318 Schol.
325 2282 452 2330 Apoll.
484 2281 613 2319 Rhod.
635 2282 669 2325 I,
691 2280 780 2329 966,
797 2279 845 2315 de
864 2279 1042 2328 Apolline
1070 2275 1178 2315 ἐκὸα-

123 2339 203 2391 σίῳ.
219 2341 312 2378 Vide
327 2340 484 2376 Deiochi
504 2339 551 2377 fr.
573 2340 611 2384 3,
632 2346 724 2375 tom.
747 2340 801 2383 II,
822 2351 863 2387 p.
892 2351 950 2384 17.

628 2454 641 2486 l
651 2453 665 2485 1
676 2478 683 2485 .

168 2527 284 2567 Hylam
298 2527 445 2560 Socrates
459 2525 559 2557 filium
572 2525 717 2558 Herculis
732 2524 828 2557 ruisse
843 2523 930 2555 dicit.

619 2603 676 2635 12.

168 2676 317 2708 socrates
329 2675 371 2708 ab
389 2663 498 2716 Augea
508 2674 656 2707 Herculis
667 2675 700 2706 et
711 2674 849 2714 Megarae
861 2672 941 2704 tilios
962 2671 1036 2703 dolo
1049 2670 1177 2703 interre-

129 2728 200 2760 ctos
217 2736 285 2759 esse
299 2727 406 2759 refert.

626 2799 685 2831 13.

173 2869 346 2910 Sphingem
371 2869 423 2900 alii
445 2870 557 2901 faciem
576 2869 724 2910 virginis,
753 2870 866 2910 pectus
889 2869 1048 2909 pedesque
1063 2868 1182 2908 leonis,

131 2922 198 2953 alas
209 2921 277 2953 avis
295 2921 442 2954 habuisse
455 2922 568 2953 dicunt
580 2934 588 2962 ;
601 2923 747 2954 Socrates
762 2930 838 2952 vero
852 2930 923 2952 eam
938 2921 1032 2953 fuisse
1048 2921 1092 2952 ait
1106 2920 1180 2952 fati-

131 2973 237 3005 dicam
267 2973 466 3014 indigenam,
492 2982 566 3014 quae
589 2973 783 3014 perobscura
806 2973 977 3004 vaticinata
1001 2973 1074 3004 sint.
1108 2975 1182 3004 Haec

132 3033 197 3057 non
215 3025 425 3065 Intelligentes
437 3025 580 3057 Thebani
596 3026 628 3057 et
645 3024 804 3057 contraria
816 3024 854 3056 iis
867 3026 994 3065 agentes
1008 3024 1179 3064 perierunt.

292 3126 359 3164 DE
378 3125 601 3165 DEORUM
618 3104 1021 3165 COGNOMINJBUs.

635 3227 691 3260 15.

176 3299 322 3331 Socrates
334 3300 424 3331 sexto
440 3300 521 3332 libro
535 3302 583 3333 De
601 3301 611 3341 (
619 3300 776 3341 deorum)
793 3299 1036 3341 cognominibus
1052 3298 1095 3330 ait
1109 3298 1185 3330 obe-

137 3349 214 3434 11111ῐῖ
233 3359 346 3391 panem
362 3360 378 3383 a
393 3352 517 3385 Baccho
530 3352 562 3385 in
576 3352 767 3386 militaribus
780 3351 1036 3394 expeditionibus
1050 3352 1118 3384 'esse
1140 3351 1186 3383 in-

139 3409 199 3435 ven
215 3411 281 3435 um.

2181 222 2256 255 ⁴09

1710 303 1769 340 16.

1468 394 1498 429 Ε
1520 393 1670 429 LIBRO
1698 392 1838 430 DUOD
1844 393 2007 430 ECIMO.

1271 485 1403 522 Suidas
1425 498 1434 521 ι
1457 482 1641 529 Κυνήειος,
1658 482 1835 521 Ἀπόλλων
1853 482 2040 529 Ἀθήνησιν
2057 482 2146 521 οὕτω
2164 484 2264 534 λεγό-

1219 557 1336 594 μενος,
1353 540 1390 579 ὃν
1409 540 1574 594 ἱδρύσατο
1602 539 1739 587 Κύννις,
1757 539 1971 584 Ἀπόλλωνος
1987 540 2046 578 καὶ
2062 540 2264 592 Παρνηθίας

1218 599 1355 654 νύμφης
1370 630 1380 650 ,
1399 602 1445 643 ὡς
1465 598 1659 651 Σωκράτης
1679 600 1714 636 ἐν
1736 597 1793 636 ιδ’.
1812 598 1874 618 *μ
1893 597 2035 648 θεμένης
2053 602 2113 644 τῆς
2133 601 2267 646 Λητοῦς

1219 658 1262 696 τὰ
1285 658 1394 711 βρέφη
1416 657 1481 696 ὑπὸ
1503 661 1614 696 κυνῶν
1640 658 1879 710 ἁρπασθῆναι·
1898 660 1958 694 τοῦ
1979 659 2172 706 κνυζηθμοῧ
2200 657 2267 709 γὰρ

1220 717 1443 767 αἰσθομένους
1470 716 1575 760 κύνας
1605 715 1665 754 καὶ
1691 715 1858 766 ποιμένας
1879 716 2059 753 ἀνασῶσαι
2078 717 2120 766 τῇ
2146 715 2268 767 μητρί·

1219 779 1453 827 ὀνομασθῆναι
1469 770 1526 814 οἶν
1545 778 1579 814 ἐν
1599 774 1762 827 εΥμεττῷ
1786 774 1856 812 ἀπὸ
1874 776 1942 812 τῶν
1963 776 2089 812 κυνῶν.

1275 835 1464 887 Κυνήειος]
1481 838 1535 873 510
1555 837 1657 885 vulg.
1678 833 1822 877 Κύνειος
1837 835 1924 872 cod.
1944 834 1986 872 A.
2008 841 2045 870 et
2061 834 2170 870 Phot.
2194 832 2272 871 Κύ-

1220 909 1287 938 νιος
1314 908 1376 945 ap.
1406 895 1539 943 Polyb.
1569 894 1631 939 32,
1663 893 1726 940 25,
1767 906 1828 932 12.
1866 890 2029 938 Κύννιος,
2060 890 2274 934 Ἀπόλλωνος

1222 955 1377 991 ἐπίθετον
1410 953 1577 1003 Hesych.
1601 951 1815 994 Ἀπολλωνος
1851 949 2049 1000 Κυννει[ου]
2080 951 2120 986 111
2150 951 2274 999 lapide

1222 1013 1422 1051 Corinthio
1453 1025 1516 1061 ap.
1539 1012 1694 1050 Boeckh.
1720 1012 1760 1048 C.
1781 1011 1814 1048 Ι.
1842 1012 1880 1056 Ι,
1906 1023 1946 1059 p.
1971 1009 2069 1056 5733
2087 1009 2166 1045 haec
2185 1021 2274 1045 vera

1222 1071 1365 1115 forma,
1383 1077 1426 1106 ut
1441 1070 1604 1107 videtur.
1625 1069 1680 1108 Cf.
1711 1069 1878 1116 Hesych.
1906 1081 1943 1105 v,
1968 1064 2134 1106 Κυννίδαι
2148 1095 2159 1115 ,
2180 1065 2276 1117 γένος

1223 1127 1420 1174 Ἀθήνησιν,
1451 1126 1485 1171 ἐξ
1513 1121 1551 1164 οἷ
1585 1129 1603 1164 δ
1635 1125 1743 1179 ἱερεὺς
1773 1129 1832 1164 τοῦ
1866 1124 2016 1164 Κυννίου
2042 1125 2272 1167 Ἀπόλλωνος.

1222 1189 1267 1226 V.
1291 1186 1468 1224 Dindorf.
1500 1188 1541 1222 in
1561 1186 1692 1235 Steph.
1723 1186 1829 1222 Thes.
1857 1198 1888 1221 s.
1910 1185 1951 1223 h.
1970 1198 2008 1220 v.
2030 1206 2084 1213 —
2102 1186 2192 1232 Quae
2214 1197 2276 1220 se-

1225 1253 1393 1294 quuntur
1415 1244 1449 1296 (e
1478 1245 1657 1282 Socrate?
1672 1246 1682 1293 )
1699 1255 1833 1281 manca
1861 1251 1959 1282 sunt.
1984 1265 2034 1272 —
2053 1242 2276 1295 ἁρπασθῆναι

1224 1304 1319 1355 κτλ.]
1334 1306 1489 1340 Photius
1512 1317 1522 1341 t
1540 1303 1763 1355 ἁρπασθῆναι
1780 1305 1838 1339 τοῦ
1860 1301 1993 1346 κνύζειν
2005 1317 2013 1325 ·
2035 1300 2112 1344 τοὺς
2130 1299 2198 1352 γὰρ
2215 1301 2276 1338 αἷ-

1225 1359 1465 1410 σθανομένους.
1506 1378 1521 1394 «
1546 1364 1604 1399 An
1621 1361 1904 1397 rescribendum
1935 1363 1994 1397 τοῦ
2021 1374 2075 1397 κν.
2096 1373 2131 1409 γ.
2162 1359 2195 1397 ἀ.
2217 1360 2278 1404 τῆς

1225 1418 1323 1463 κυνὸς
1336 1418 1413 1462 τοὺς
1426 1434 1466 1457 π.
1483 1427 1557 1457 etc.
1578 1421 1720 1456 Tamen
1730 1431 1778 1454 ne
1797 1419 1847 1454 sic
1859 1419 2015 1466 quidem
2032 1419 2111 1454 haec
2128 1430 2200 1466 pro
2217 1418 2278 1452 in-

1226 1481 1341 1529 tegris
1352 1479 1528 1515 habenda
1541 1485 1640 1514 sunt.
1663 1494 1679 1510 »
1700 1478 1908 1513 Hemsterh.
1924 1480 1981 1513 De
1998 1489 2041 1512 re
2059 1476 2108 1513 cf.
2124 1476 2275 1515 Miiller.

1228 1540 1317 1575 Dor.
1341 1539 1373 1583 1,
1391 1551 1431 1586 p.
1458 1541 1548 1583 247.
1572 1537 1628 1574 Cf.
1647 1536 1774 1573 Crates
1793 1536 1929 1572 Athen.
1949 1536 1995 1573 fr.
2019 1548 2054 1572 2.

1220 1694 1221 1697 ¹
1285 1642 1406 1681 ΠΕΡΙ
1433 1641 1572 1679 ΟΡΩΝ
1605 1639 1692 1678 ΚΑΙ
1722 1639 1899 1678 ΤΟΠΩΝ
1938 1640 2027 1677 ΚΑΙ
2057 1638 2227 1677 ΠΥΡΟΣ

1611 1699 1702 1736 ΚΑΙ
1731 1698 1906 1737 ΛΙΘΩΝ.

1736 1806 1794 1839 17.

1285 1870 1482 1906 Athenaeus
1493 1869 1561 1912 IX,
1576 1881 1613 1916 p.
1635 1867 1726 1917 388,
1738 1874 1769 1904 A
1790 1881 1798 1903 ε
1816 1865 2009 1918 Σωκράτης
2028 1867 2057 1903 δ’
2075 1867 2110 1903 ἐν
2127 1867 2176 1918 τῷ
2194 1866 2282 1916 Περὶ

1233 1928 1320 1978 ὀρῶν
1343 1926 1452 1979 (ὅρων
1481 1930 1576 1976 vgo)
1593 1924 1652 1962 καὶ
1669 1924 1783 1962 τόπων
1817 1925 1876 1962 καὶ
1903 1926 2012 1976 πυρὸς
2048 1925 2281 1975 (ποταμῶνΡ)

1234 1985 1292 2023 καὶ
1320 1984 1437 2030 λίθων,
1467 2001 1483 2018 ιι
1522 1983 1586 2022 Ἐκ
1611 1986 1672 2029 τῆς
1702 1982 1832 2026 Λυδίας
1858 1982 2176 2033 μετακομισθέντες,
2197 1983 2283 2035 (φη-

1237 2044 1309 2094 σὶν)
1340 2044 1386 2086 εἷς
1414 2041 1592 2092 Αἴγυπτον
1609 2043 1639 2079 οἱ
1662 2042 1832 2091 ἀτταγαῖ,
1860 2040 1920 2078 καὶ
1947 2040 2124 2093 ἀφεθέντες
2151 2041 2197 2083 εἷς
2223 2040 2285 2083 τὰς

1236 2101 1339 2150 ὕλας,
1360 2100 1422 2143 ἕως
1454 2100 1516 2148 μὲν
1540 2099 1628 2143 τινὸς
1656 2099 1798 2151 ὄρτυγος
1821 2099 1937 2151 φωνὴν
1967 2099 2125 2151 ἀφίεσαν,
2153 2098 2227 2136 ἐπεὶ
2248 2099 2285 2136 δὲ

1236 2163 1294 2198 τοῦ
1325 2163 1486 2209 ποταμοῦ
1514 2158 1632 2196 κοίλου
1663 2158 1797 2211 ῥυέντος
1825 2158 1924 2207 λιμὸς
1955 2158 2093 2208 (λοιμὸς
2122 2158 2282 2207 AEHan.)

1238 2218 1392 2269 ἐγένετο,
1410 2213 1479 2256 καῖ
1491 2216 1614 2254 πολλοὶ
1633 2219 1701 2254 τῶν
1728 2214 1820 2254 κατὰ
1838 2214 1902 2262 τὴν
1921 2214 2040 2267 χώραν
2058 2215 2284 2261 ἀπώλλυντο,

1238 2277 1277 2313 οὐ
1306 2275 1458 2313 διέλιπον
1489 2273 1700 2327 σαφέστερον
1722 2276 1790 2311 τῶν
1810 2273 1945 2310 παίδων
1974 2275 2041 2311 τῶν
2066 2272 2284 2325 τρανοτάτων

1240 2333 1302 2378 ἕως
1321 2338 1380 2372 νῦν
1395 2334 1568 2385 λέγοντες,
1588 2334 1662 2386 τρὶς
1682 2333 1751 2376 τοῖς
1774 2331 1981 2384 κακούργοις
2011 2332 2114 2370 κακά.
2147 2333 2285 2378 Συλλη·

1735 2447 1791 2480 16.

1281 2523 1431 2562 Cynneus
1441 2521 1552 2561 Apollo
1566 2520 1698 2553 Athenis
1710 2520 1755 2552 sic
1770 2520 1892 2558 dictus,
1903 2520 1994 2559 cujus
2005 2519 2116 2551 fanum
2129 2519 2289 2551 dedicavit

1239 2573 1374 2614 cynnis,
1395 2573 1547 2613 Apollinis
1571 2575 1603 2604 et
1631 2572 1809 2604 Parnetliiae
1831 2572 1982 2611 nymphae
1995 2570 2101 2610 filius,
2117 2572 2152 2602 ut
2178 2570 2290 2602 scribit

1238 2626 1384 2656 Socrates
1398 2625 1478 2656 libro
1489 2626 1599 2656 Xll....
1618 2625 1726 2661 Quum
1746 2625 1867 2655 Latona
1880 2622 2015 2653 infantes
2031 2623 2041 2661 (
2057 2623 2093 2653 in
2111 2622 2287 2661 Hymetto)

1238 2675 1446 2716 deposuisset,
1455 2685 1508 2707 eos
1522 2677 1630 2716 raptos
1642 2683 1709 2707 esse
1723 2683 1741 2705 a
1751 2674 1882 2705 canibus
1896 2673 1936 2713 (a
1951 2674 2098 2714 laecpis?),
2111 2682 2222 2704 verum
2238 2681 2291 2705 au·

1238 2728 1304 2759 dito
1319 2728 1425 2767 vagitu
1441 2737 1535 2759 canes
1547 2731 1580 2759 et
1595 2729 1737 2768 pastores
1755 2725 1848 2757 matri
1864 2734 1919 2757 eos
1934 2725 2118 2757 restituisse.
2137 2727 2243 2762 Quare
2257 2725 2289 2755 iu

1240 2781 1390 2820 Hymetto
1407 2779 1518 2820 Apollo
1527 2788 1546 2811 a
1559 2779 1690 2810 canibus
1702 2786 1819 2810 nomen
1832 2776 1939 2808 habet.

1239 2868 1305 2906 DE
1347 2867 1612 2906 MONTIBUS
1661 2867 1724 2904 ET
1769 2865 1913 2904 Locis
1955 2865 2018 2903 ET
2068 2864 2191 2904 IGNE
2231 2864 2287 2914 (?)

1570 2932 1634 2969 ET
1671 2929 1958 2969 LAPIDIBUS.

1745 3021 1801 3052 17.

1284 3093 1429 3123 Socrates
1443 3091 1474 3122 in
1501 3091 1582 3123 libro
1599 3093 1645 3123 De
1662 3091 1823 3123 montibus
1836 3091 1868 3122 et
1893 3090 1970 3122 locis
1982 3091 2014 3121 et
2036 3089 2106 3129 igne
2122 3090 2154 3120 et
2178 3087 2289 3127 lapidi-

1243 3145 1302 3177 bus
1326 3145 1436 3176 scribit
1452 3157 1460 3175 :
1484 3156 1497 3171 a
1517 3146 1564 3175 Ex
1581 3143 1681 3184 Lydia
1705 3144 1738 3175 in
1763 3145 1934 3184 AEgyptum
1951 3141 2094 3173 translati
2111 3141 2288 3179 attagenes,

1247 3205 1285 3228 ac
1298 3196 1413 3228 deinde
1428 3196 1461 3227 in
1486 3195 1581 3227 silvas
1605 3195 1742 3234 dimissi,
1760 3194 1934 3227 coturnicis
1956 3201 2066 3225 vocem
2094 3190 2290 3230 aliquamdiu

1245 3247 1412 3280 ediderunt
1428 3260 1435 3278 :
1450 3246 1504 3279 sed
1521 3255 1623 3287 quum
1639 3246 1808 3286 aliquando
1833 3245 1951 3277 fluvius
1963 3243 2113 3275 humilior
2130 3240 2288 3279 fluxisset,

1243 3299 1256 3331 s
1257 3307 1344 3331 ames
1355 3297 1486 3339 [pestis]
1500 3301 1607 3330 secuta
1614 3301 1673 3336 est,
1684 3306 1757 3338 quae
1770 3296 1888 3328 multos
1903 3296 1997 3327 terrae
2010 3293 2128 3325 incolas
2136 3291 2270 3332 perdidit
2279 3302 2288 3329 ;

1244 3360 1283 3383 ex
1307 3360 1345 3383 eo
1362 3359 1427 3382 non
1445 3352 1610 3382 cessarunt
1634 3358 1737 3390 usque
1750 3349 1789 3381 ad
1807 3350 1892 3380 hunc
1914 3348 1998 3379 diem
2018 3354 2096 3377 voce
2114 3343 2213 3383 magis
2224 3342 2289 3373 dis·

1245 3403 1358 3443 tincta,
1386 3411 1483 3443 quam
1497 3410 1560 3442 qua
1577 3403 1714 3434 utuntur
1732 3400 1914 3442 planissime
1928 3397 2093 3438 loquentes
2117 3394 2224 3435 pueri,
2238 3401 2289 3425 ca-

2060 3450 2106 3475 ³2.
