2372 3704
123 264 197 297 392

117 343 161 381 τὰ
181 342 305 391 λοιπά,
325 357 422 393 quos
439 345 678 394 Diogeniano
698 346 831 381 Suidas
845 345 968 390 dedit,
1001 345 1164 394 Diogeni

117 404 301 452 Cyziceno
318 411 450 439 nostro
469 404 722 440 vindicandos
741 417 818 441 esse
838 405 1032 453 opinatur.
1054 405 1164 441 Cete-

115 474 201 498 rum
221 463 261 498 in
289 462 469 511 operibus
494 463 574 498 istis
597 461 687 514 Περὶ
710 463 880 512 ποταμῶν
896 470 970 501 etc.
993 470 1107 512 atque
1122 463 1162 498 in

115 521 274 557 ethnicis
290 534 348 557 res
360 534 440 557 non
464 529 541 557 tam
559 523 814 571 geographice
830 529 1030 567 tractatas,
1047 534 1161 570 quam

115 580 164 615 ad
186 581 353 616 rationes
369 582 623 629 grammaticae
643 580 952 617 accommodatas
969 593 1047 616 esse
1076 582 1158 616 Κῦ-

113 646 234 674 sterus
253 640 394 687 aliique
406 646 508 675 recte
517 646 761 678 monuerunt.
776 640 1010 675 Historicum
1019 639 1158 687 Dioge-

113 697 217 732 niani
238 710 335 746 opus
350 708 426 734 non
442 698 554 742 novi,
581 698 653 733 nisi
670 697 777 746 quod
801 698 915 733 semel
939 709 1001 745 ap.
1029 698 1155 744 Etym.

112 756 164 791 M.
181 768 222 804 p.
242 756 288 798 34
305 784 315 803 ‚
334 755 371 801 5,
387 757 514 792 nescio
532 768 580 792 an
596 768 812 804 perperam,
826 756 1030 792 laudantur
1049 755 1158 804 Χρο-

111 812 208 850 νικά
237 825 248 852 :
275 811 396 857 Αἴλιος
415 815 432 850 ὁ
457 812 632 866 Ἀδριανὸς
650 815 667 850 ὃ
693 812 854 863 βασιλεὺς
881 814 1056 851 ἐκαλεῖτο·
1083 812 1157 851 ὅθεν

111 871 228 910 Αἴλιοι
246 871 523 924 χρηματίζουσι·
553 871 612 910 καὶ
639 870 746 910 Αἷλία
774 871 872 915 πόλις
899 870 1157 918 Παλαιστίνης·

111 932 130 967 ὁ
142 930 286 976 πολίτης
297 930 483 976 Αἷλιώτης.
492 929 578 969 “On
589 928 624 967 ’δὲ
638 929 753 973 Αἴλιος
765 930 934 977 ἐκαλεῖτο,
943 928 1159 978 Διογενιανὸς

111 990 146 1027 ἐν
157 994 226 1033 τοῖς
240 991 420 1041 Χρονικοῖς
434 1004 551 1043 φησιν.
565 1012 613 1017 -
626 992 681 1026 Ex
695 991 804 1025 titulo
818 990 852 1027 Π
865 987 991 1041 άτρια
1009 987 1157 1033 Κυζίκου

113 1049 320 1096 conjeceris
337 1051 409 1085 seri
429 1050 497 1085 aevi
517 1049 743 1097 scriptorem
756 1049 967 1096 Diogenem
985 1055 1158 1084 nostrum

111 1120 201 1146 esse.
224 1109 321 1144 Nam
335 1115 377 1144 ut
394 1108 441 1143 ab
464 1107 747 1154 antiquioribus
760 1107 1011 1155 scriptoribus
1028 1108 1159 1143 titulus

109 1166 171 1202 ille
185 1164 350 1212 alienus,
368 1167 421 1203 sic
434 1166 640 1214 Byzantino
659 1177 738 1200 aevo
754 1165 1074 1214 frequentissimus
1089 1172 1156 1204 est.

438 1268 556 1307 ΠΕΡΙ
590 1267 829 1307 ΚΥΖΙΚΟΥ.

616 1366 630 1388 1
641 1380 650 1388 .

427 1440 456 1474 Ε
484 1439 634 1475 LIBRO
663 1439 835 1475 PRIMO.

159 1526 340 1575 Stephan.
358 1527 446 1574 ByZ.
473 1540 480 1561 ι
509 1524 678 1569 Βέσὸικος
690 1555 701 1576 ,
719 1524 871 1572 νησίδιον
888 1524 968 1577 περὶ
990 1525 1157 1574 Κύζικον,

108 1586 154 1623 ὡς
173 1583 337 1633 Διογένης
354 1585 371 1621 ὃ
400 1583 590 1630 Κυζικηνὸς
607 1586 640 1622 ἐν
661 1583 785 1636 πρώτῃ
805 1583 884 1636 περὶ
903 1586 971 1621 τῶν
990 1583 1079 1622 ἑπτὰ
1098 1587 1158 1631 τῆς

107 1640 271 1694 πατρίδος
288 1640 402 1687 νήσων
414 1670 425 1690 ,
443 1640 552 1692 λέγων
565 1656 573 1665 ·
590 1660 604 1675 «
622 1641 865 1693 Προκόννησος
884 1642 943 1680 καὶ
963 1642 1079 1690 Φοίὸη
1098 1642 1157 1681 καὶ

107 1699 229 1747 Ἀλόνη
247 1698 307 1738 καὶ
323 1699 444 1738 Φυσία
459 1699 519 1737 καὶ
536 1699 729 1753 Ὀφιόεσσα
745 1701 805 1738 καὶ
822 1700 1008 1749 Βέσὸικος,
1022 1700 1156 1753 γόνιμοι

105 1759 164 1797 καὶ
183 1759 346 1812 λιπαραί,
369 1777 383 1793 »

159 1817 247 1869 Περὶ
267 1820 335 1855 τῶν
355 1816 444 1855 ἑπτὰ
465 1833 499 1856 τ.
518 1832 555 1855 π.
577 1818 638 1868 ν.]
660 1820 712 1855 ita
728 1819 970 1855 scribendum
987 1819 1155 1867 esscjam

107 1878 260 1915 Vossius
275 1890 315 1926 p.
347 1877 422 1921 430
440 1877 666 1926 significavit
685 1886 835 1914 vertens
858 1879 905 1914 de
923 1887 1061 1926 septem
1083 1892 1156 1927 pa·

106 1943 191 1974 trI'oe
218 1951 296 1973 suoe
323 1939 466 1981 insulis,
496 1949 730 1986 quamquam
762 1938 802 1972 in
829 1949 874 1973 eo
896 1949 1038 1974 errasse
1063 1939 1157 1974 mihi

104 1997 272 2046 videtur,
295 1996 402 2044 quod
426 2003 550 2031 totum
580 2008 677 2044 opus
706 1996 752 2031 de
780 1996 911 2031 insulis
937 1996 1016 2031 istis
1045 1996 1156 2032 fuisse

105 2056 244 2101 credit;
261 2068 378 2103 quum
394 2055 489 2090 nihil
502 2056 575 2090 nisi
591 2061 706 2103 caput
722 2054 810 2090 libri
828 2055 944 2102 primi
962 2056 1088 2104 operis
1101 2057 1158 2091 De

104 2115 239 2163 Cyzico
262 2115 371 2150 citari
393 2121 689 2150 consentaneum
711 2114 772 2150 sit.
801 2113 924 2151 Codd.
949 2125 956 2150 :
981 2113 1015 2149 ἐν
1033 2111 1155 2164 πρώτῃ

103 2175 170 2210 τῶν
199 2170 287 2210 ἑπτὰ
313 2171 393 2223 περὶ
414 2174 475 2218 τῆς
495 2187 535 2208 π.
557 2186 591 2211 ν.
624 2172 881 2208 Bernhardius
911 2173 985 2221 legi
1015 2174 1097 2208 vult
1122 2173 1157 2209 ἐν

105 2230 226 2282 πρώτῃ
249 2229 337 2281 Περὶ
356 2232 424 2267 τῶν
444 2233 504 2276 τῆς
525 2246 565 2269 π.
598 2245 629 2270 ν.
643 2259 653 2277 ,
675 2231 799 2267 deleto
821 2229 925 2268 ἑπτά.
957 2230 1074 2278 Cujus
1102 2233 1157 2268 rei

106 2302 256 2325 causam
274 2290 452 2325 idoneam
465 2302 543 2325 non
555 2290 680 2334 video,
693 2290 762 2325 etsi
781 2290 821 2324 in
838 2290 1082 2337 sequentibus
1094 2302 1158 2326 sex

108 2356 256 2385 tantum
278 2350 406 2384 insulae
425 2357 700 2386 memorantur.
723 2349 895 2384 Rankius
914 2351 970 2385 De
992 2350 1153 2397 llesych.

105 2420 146 2455 p.
171 2405 218 2443 55
238 2407 278 2441 in
301 2407 456 2455 vulgata
471 2408 710 2455 asquiescens
727 2414 871 2455 septem
892 2408 1016 2455 operis
1038 2408 1158 2443 libros

103 2466 215 2502 fuisse
245 2472 373 2514 putat,
402 2466 617 2501 orationem
647 2478 739 2501 vero
765 2466 819 2500 ita
844 2466 1023 2514 distingui
1049 2467 1154 2515 vult,

103 2532 146 2560 ut
161 2522 276 2569 νήσων
294 2524 344 2559 ad
356 2524 474 2560 verba
493 2525 665 2572 Cyziceni
682 2525 878 2572 scriptoris
897 2532 1154 2563 revocaretur.

103 2583 218 2631 Quod
225 2584 362 2619 merito
374 2583 607 2632 improbavit
619 2583 851 2630 Bernhardy.
863 2599 876 2614 α
890 2583 986 2620 Nam
998 2591 1035 2619 et
1046 2584 1154 2620 obest

104 2639 238 2691 λέγων,
261 2642 335 2690 ait,
365 2647 503 2689 praeter
523 2641 705 2690 Stephani
730 2653 876 2676 morem
896 2641 1127 2677 inculcatum
1141 2669 1151 2687 ‚

104 2707 142 2736 et
169 2700 251 2748 ipsa
276 2699 446 2734 formulae
477 2700 698 2747 insolentia,
729 2698 763 2735 ἐν
790 2696 911 2749 πρώτῃ
943 2699 1010 2735 τῶν
1042 2698 1151 2746 ἑπτά,

105 2758 210 2806 cujus
232 2758 280 2794 ad
299 2759 554 2807 integritatem
574 2758 842 2806 requirebatur
860 2759 990 2794 saltem
1011 2758 1078 2794 τῶν
1105 2758 1151 2801 εἷς

104 2815 206 2856 ἑπτά.
228 2833 243 2849 υ
259 2838 310 2843 -
326 2819 383 2853 De
401 2817 561 2853 Besbico
581 2824 666 2853 ante
682 2816 883 2865 Rhyndaci
905 2817 1001 2852 ostia
1029 2817 1155 2856 conti-

480 2953 546 2991 DE
574 2952 771 2992 CYZlCO.

618 3036 650 3068 1.

146 3095 314 3135 Besbicus„
344 3103 441 3136 parva
463 3095 565 3126 insula
587 3103 652 3126 non
676 3095 767 3135 longe
789 3103 807 3126 a
830 3093 945 3134 Cyzico
965 3093 1092 3134 dissita,
1116 3094 1152 3125 ut

103 3149 239 3180 testatur
252 3147 407 3187 Diogenes
420 3147 449 3178 in
464 3147 578 3187 primo,
589 3147 629 3178 de
639 3149 759 3187 septem
775 3146 885 3186 patriae
899 3145 1009 3177 insulis
1018 3145 1127 3177 dicens
1143 3158 1150 3177 :

105 3212 119 3227 u
139 3202 357 3232 Proconnesus
370 3200 401 3230 et
418 3198 537 3230 Phoebe
551 3199 582 3230 et
597 3198 695 3230 Alone
711 3200 742 3230 et
753 3197 867 3237 Pliysia
880 3198 912 3229 et
926 3197 1103 3237 Ophioessa
1120 3198 1152 3229 et

107 3251 273 3290 Besbicus,
295 3251 414 3281 feraces
430 3251 461 3281 et
481 3249 620 3290 pingues,
642 3261 658 3277 υ

609 3306 644 3337 2.

146 3362 295 3395 Adrastea
313 3361 395 3393 inter
407 3360 560 3401 Priapum
577 3362 609 3391 et
624 3360 752 3391 Parium
762 3384 770 3399 ‚
783 3360 823 3390 ab
838 3360 973 3391 Adrasto
988 3368 1059 3400 rege
1071 3384 1080 3399 ,
1098 3358 1151 3399 qui

104 3414 199 3447 eliam
214 3414 336 3454 primus
357 3413 498 3445 Nemesis
511 3413 618 3444 sanum
633 3412 842 3443 consecravit.
862 3412 1043 3443 Vocabatur
1057 3412 1089 3442 et
1105 3419 1152 3441 re-

106 3467 156 3508 gio
164 3467 315 3500 Adrastea
325 3467 357 3499 et
368 3466 531 3499 Adrasteae
540 3474 683 3507 campus,
695 3467 726 3497 et
741 3464 826 3496 urbs.
842 3464 995 3505 Diogenes
1007 3464 1039 3496 in
1050 3465 1152 3505 primo

932 255 1180 297 DIOGENIS
1209 255 1442 296 CYZICENl
1453 286 1464 307 ,

1224 346 1329 381 nenti
1349 347 1439 382 olim
1458 345 1592 393 juncta
1612 345 1661 384 cf.
1683 347 1779 383 Plin.
1796 348 1832 383 II
1845 373 1855 392 ,
1878 345 1938 384 88.
1952 350 1998 396 V,
2015 360 2084 394 223
2100 350 2269 398 Agatho-

1225 404 1291 439 clis
1311 403 1356 442 fr.
1382 417 1397 440 1
1424 403 1538 454 (tom.
1566 406 1636 450 IV,
1659 418 1699 454 p.
1728 403 1816 455 12);
1839 406 1975 442 Strabo
1997 420 2039 456 p.
2063 406 2152 454 576.
2174 410 2268 445 For-

1223 462 1344 511 biger.
1366 464 1446 499 Ale.
1475 464 1610 511 Geogr.
1631 465 1692 509 11,
1709 477 1749 514 p.
1776 465 1848 501 160
1866 477 1925 514 sq.

1728 559 1765 584 2.

1273 619 1380 656 Idem
1401 633 1409 655 2
1432 617 1659 670 Ἀδράστεια,
1678 618 1808 669 μεταξὺ
1830 619 1994 672 Πριάπου
2020 621 2080 661 καὶ
2106 625 2166 661 τοῦ
2186 625 2268 663 Πα-

1222 675 1316 729 ρίου,
1339 675 1411 714 ἀπὸ
1429 676 1617 729 Ἀδράστου
1644 677 1832 730 βασιλέως,
1858 678 1893 722 ὃς
1920 679 1981 718 καὶ
2009 682 2146 733 πρῶτος
2170 681 2270 734 ἱδρύ-

1221 749 1307 772 σατο
1328 733 1368 772 τὸ
1386 734 1574 784 Νεμέσεως
1598 735 1704 788 ἱερόν.
1737 736 1922 775 Ἐκαλεῖτο
1956 736 1992 776 δὲ
2026 739 2086 777 καὶ
2118 742 2139 786 ἠ
2165 739 2268 792 χώρα

1219 792 1423 845 Ἀδράστεια
1443 792 1504 831 καὶ
1528 792 1751 845 Ἀδραστείας
1766 794 1903 843 πεδίον,
1922 795 1983 834 καὶ
2005 798 2028 843 ἡ
2051 797 2164 842 πόλις.
2185 801 2267 837 Διο-

1219 850 1320 901 γένης
1334 850 1440 895 οὕτως
1450 852 1483 890 ἓν
1495 851 1617 904 πρώτῃ
1630 850 1644 906 [
1656 852 1765 904 Περὶ]
1782 852 1933 898 Κυζίκου
1944 854 2049 907 φησὶν
2061 854 2131 894 ἀπὸ
2145 855 2268 909 Ἀδρα·

1222 909 1336 952 στείας
1352 910 1562 960 κεκλῆσθαι,
1581 917 1663 961 μιᾶς
1677 912 1746 948 τῶν
1765 911 2019 964 Ὀρεστειάδων
2034 915 2192 966 νυμφῶν.
2210 918 2269 954 De

1218 982 1260 1005 re
1276 969 1364 1006 vide
1379 970 1614 1018 Marquardt.
1640 971 1797 1018 Cyzicus
1814 983 1859 1020 p.
1880 984 1895 1007 1
1907 984 1952 1008 10
1973 985 2060 1022 sqq.

1727 1063 1749 1100 3
1757 1094 1765 1102 .

1529 1156 1555 1191 E
1582 1156 1734 1193 LIBRO
1762 1157 1956 1195 TERTIO.

1274 1247 1380 1284 Idem
1400 1261 1408 1284 :
1430 1247 1573 1295 Ζέλεια,
1589 1246 1689 1292 πόλις
1707 1249 1919 1300 Τρωάδος...
1941 1247 2046 1289 Ἔστι
2065 1249 2126 1289 καὶ
2141 1250 2268 1290 Ζέλεια

1222 1305 1380 1358 φρούριον
1395 1305 1568 1355 Κυζίκου,
1585 1308 1631 1350 ὡς
1645 1306 1809 1357 Διογένης
1825 1308 1860 1346 ἐν
1877 1307 1975 1361 τρίτῃ
1994 1308 2083 1362 Περὶ
2104 1309 2267 1355 Κυζίκου.

1221 1365 1277 1404 Gf.
1294 1363 1538 1414 Marquardt.
1552 1367 1707 1413 Cyzicus
1722 1381 1763 1416 p.
1788 1380 1852 1406 22.

1644 1488 1854 1504 ⁴000-

1489 1572 1722 1609 DlOGENIS
1755 1573 1994 1612 ΠΕΡΣῘΚΑ.

1729 1670 1767 1709 4.

1273 1727 1441 1784 Clemens
1458 1748 1565 1786 AleX.
1587 1749 1712 1784 Protr.
1729 1746 1770 1794 l,
1784 1761 1825 1797 p.
1853 1761 1922 1797 19,
1947 1747 1991 1785 31
2013 1749 2116 1797 Sylb.
2141 1762 2148 1784 :
2170 1749 2266 1800 Περ-

1220 1806 1289 1842 σῶν
1305 1803 1341 1842 δὲ
1363 1806 1392 1843 οἱ
1416 1804 1521 1856 μάγοι
1539 1804 1578 1843 τὸ
1592 1809 1660 1857 πῦρ
1680 1805 1890 1855 τετιμήκασι
1908 1805 1967 1843 καὶ
1982 1807 2050 1843 τῶν
2063 1805 2127 1853 τὴν
2145 1806 2265 1846 Ἀσίαν

1219 1862 1473 1901 κατοικούντων
1487 1863 1630 1909 πολλοὶ,
1651 1863 1735 1915 πρὸς
1761 1864 1796 1902 δὲ
1813 1863 1873 1902 καὶ
1887 1864 2107 1911 Μακεδόνες,
2122 1863 2168 1909 ὥς
2181 1874 2266 1918 φησι

1220 1921 1385 1972 Διογένης
1404 1924 1438 1959 ἐν
1455 1922 1576 1973 πρώτῃ
1598 1923 1794 1973 Περσικῶν.
1812 1925 1953 1960 Eadem
1966 1925 2006 1960 in
2020 1926 2160 1974 pagina
2179 1927 2262 1963 Cle-

1218 1994 1322 2018 mens
1339 1982 1385 2018 de
1402 1981 1532 2018 eadem
1546 1994 1587 2017 re
1603 1982 1733 2018 laudat
1748 1983 1939 2019 Dinonem
1955 1982 2026 2032 (fr.
2046 1982 2107 2032 9).
2125 1985 2268 2033 Dioge—

1219 2052 1305 2075 nem
1323 2040 1425 2075 hunc
1453 2040 1678 2088 Cyzicenum
1697 2053 1775 2076 esse
1795 2042 1983 2089 suspicor.
2014 2042 2190 2078 Ceterum
2214 2043 2263 2079 cf.

1218 2106 1300 2136 not.
1325 2098 1373 2135 ad
1392 2099 1536 2135 Dioclis
1555 2099 1771 2148 Peparethii
1789 2099 1835 2138 fr.
1857 2099 1894 2138 3.

1655 2210 1859 2225 *ooo——

1272 2293 1517 2330 DIOGENES
1548 2293 1826 2339 SICYONIUS,
1849 2291 2051 2346 ὁγράψας
2070 2292 2135 2332 Τὰ
2161 2286 2261 2346 περὶ

1220 2351 1255 2388 Π
1265 2349 1444 2388 ελοπόνν
1455 2367 1475 2397 η
1485 2365 1554 2388 σον
1570 2379 1580 2397 ,
1599 2353 1698 2388 inter
1707 2353 1832 2388 varios
1845 2354 2033 2402 Diogenes
2048 2362 2266 2390 recensetur

1220 2421 1280 2458 ap.
1297 2411 1411 2458 Diog.
1429 2413 1474 2446 L.
1494 2412 1566 2458 VI,
1586 2409 1629 2446 81
1643 2439 1650 2447 .

1272 2469 1387 2517 Apud
1419 2469 1597 2504 Parthen.
1627 2470 1732 2504 Erot.
1765 2481 1798 2506 c,
1832 2468 1854 2504 6
1883 2481 1956 2518 pro
1975 2467 2184 2518 Διογένης
2207 2468 2268 2507 καὶ

1218 2523 1441 2575 Ἡγήσιππος
1460 2527 1494 2563 ἐν
1513 2526 1775 2572 Παλληνιακοῖς
1795 2527 1998 2576 legendum
2018 2535 2074 2564 est
2088 2527 2269 2578 Θεαγένης

1217 2584 1295 2623 κτλ.
1324 2606 1376 2612 -
1395 2586 1583 2621 Antonius
1605 2586 1803 2634 Diogenes
1831 2587 1897 2634 qui
1928 2583 1987 2623 Τὰ
2009 2583 2267 2637 ὑπὲρςθούλην

1217 2640 1348 2679 ἄπιστα
1368 2644 1519 2691 scripsit
1541 2643 1796 2694 (Porphyrius
1814 2645 1890 2681 Vit.
1916 2645 2024 2692 Pyth.
2047 2657 2079 2680 c.
2100 2644 2138 2682 8.
2161 2645 2267 2680 Pho-

1218 2701 1291 2738 tius
1310 2701 1398 2739 cod.
1414 2702 1500 2739 166.
1515 2703 1666 2738 Servius
1679 2702 1727 2738 ad
1741 2703 1843 2751 Virg.
1857 2703 1995 2751 Georg.
2011 2704 2050 2747 Ι,
2067 2702 2128 2740 3ο.
2141 2703 2268 2739 Photii

1216 2767 1393 2808 excerpta
1408 2760 1467 2798 ed.
1491 2761 1645 2798 Passov.
1663 2768 1742 2797 una
1765 2774 1853 2797 cum
1879 2761 2127 2810 Parthenio),
2155 2762 2268 2797 sicuti

1215 2817 1353 2865 reliqui
1363 2817 1441 2864 ejus
1451 2819 1615 2854 nominis
1624 2825 1818 2864 auctores,
1834 2818 1882 2854 ad
1895 2831 1964 2854 nos
1978 2819 2070 2854 nihil
2084 2820 2264 2867 pertinet.

1213 2929 1261 2959 De
1279 2927 1395 2967 Cyzico
1411 2936 1528 2960 nomen
1542 2928 1621 2959 illud
1640 2928 1776 2960 inditum
1791 2936 1857 2960 esse
1869 2928 1913 2960 ait
1927 2928 1968 2960 ab
1987 2937 2049 2960 una
2065 2937 2106 2960 ex
2120 2930 2266 2962 Orestea-

1213 2978 1308 3011 dibus
1320 2979 1477 3020 nymphis.

1721 3034 1754 3065 3.

1255 3094 1363 3133 Zelea,
1379 3094 1455 3125 urbs
1470 3093 1612 3126 Troadis.
1641 3094 1693 3124 Est
1711 3093 1807 3124 etiam
1824 3093 1915 3124 Zelea
1944 3092 2051 3133 Cyzici
2069 3093 2235 3126 castellum
2253 3117 2263 3134 ,

1214 3148 1250 3176 ut
1267 3145 1422 3186 Diogenes
1435 3146 1467 3177 in
1482 3146 1577 3177 tertio
1592 3147 1638 3177 De
1651 3146 1692 3184 cy
1699 3143 1765 3175 zico
1779 3144 1834 3176 ait.

1628 3254 1846 3294 PERSlCA.

1257 3361 1420 3391 Persarum
1441 3359 1524 3399 magi
1546 3359 1648 3399 ignem
1667 3359 1852 3397 coluerunt,
1869 3357 1962 3390 sicuti
1979 3357 2074 3389 etiam
2097 3356 2148 3388 alii
2168 3357 2264 3389 multi

1215 3411 1318 3442 Asiam
1335 3410 1568 3450 inhabitantes,
1588 3420 1645 3443 nec
1671 3419 1735 3442 non
1759 3409 1966 3448 Macedones,
1985 3411 2020 3441 ut
2040 3408 2200 3450 Diogenes
2216 3408 2262 3440 ait

1215 3463 1318 3504 primo
1337 3462 1550 3495 Persicorum.
