2314 3756
77 218 100 250 8
883 204 1093 245 EUNAPII
1121 202 1362 243 SARDlANl

75 299 284 336 videbimus
303 297 525 334 familiarem
547 295 658 332 fuisse
677 294 911 331 celeberrimi
929 306 1003 330 suae
1021 300 1111 329 aeta—

75 359 119 393 tis
149 357 309 401 medici,
340 355 522 399 Oribasii,
557 354 623 401 qui
651 353 938 400 Chrysanthium
974 351 1110 387 morbo

73 423 266 464 postremo
300 415 537 450 laborantem
571 410 747 448 tractavit
787 411 956 459 (Eunap.
991 409 1108 457 soph.

74 487 114 522 p.
138 486 210 510 120
225 471 253 523 ).
274 473 484 519 Nullusque
503 471 639 507 dubito
659 470 750 517 quin
768 471 903 505 Noster
920 469 967 504 sit
987 470 1111 503 Euna-

73 534 159 580 pius
173 533 234 568 ille
245 559 254 577 ,
270 532 332 567 cui
345 531 412 567 τῶν
432 527 654 580 Εὗπορίστων
669 528 909 563 tetrabiblum
921 526 1112 563 Oribasius

74 591 274 638 inscripsit.
296 591 433 625 Praeter
448 589 560 624 allata
579 587 626 623 de
642 587 719 621 vita
737 586 893 634 Eunapii
910 584 1002 620 nihil
1013 594 1110 619 com-

73 657 224 696 pertum
243 648 446 691 habemus,
473 646 544 681 nisi
573 643 679 692 quod
707 643 755 679 ad
775 651 995 692 provectam
1025 642 1114 677 satis

74 714 220 743 aetatem
239 706 468 755 pervenerit.
484 706 578 740 Nam
595 704 635 738 in
646 702 810 738 historiis
823 701 1031 737 scribendis
1048 713 1111 736 oc-

75 773 255 815 cupatum
285 764 407 800 adhuc
440 763 550 798 fuisse
573 768 661 810 post
685 773 824 796 annum
859 764 929 802 414
944 786 954 805 ,
988 771 1113 796 senem

74 824 398 872 septuagenarium
412 848 421 866 ,
443 832 488 856 ex
503 820 634 867 fragm.
656 817 703 864 87
726 818 980 865 consequitur.

128 883 255 930 Opera
282 879 441 928 Eunapii
460 878 632 913 novimus
659 875 757 920 duo,
781 873 906 917 Βίους
926 889 948 926 φ
961 872 1114 911 ιλοσό-

75 954 162 991 φων
193 954 213 975 κ
226 937 266 975 αὶ
295 952 371 988 σοφ
385 936 509 973 ιστῶν
534 942 572 971 et
598 936 778 970 Romame
807 933 972 968 historice
1003 934 1114 968 libros

76 998 380 1047 quattuordecim.
397 997 440 1030 In
454 994 519 1029 illo
531 1004 740 1029 sermonem
750 991 909 1026 instituit
921 990 968 1026 de
984 991 1114 1039 viginti

79 1057 201 1092 tribus
216 1054 451 1105 philosophis
465 1060 501 1088 et
511 1051 700 1100 sophistis,
716 1062 878 1097 quorum
892 1048 1015 1096 major
1027 1061 1115 1097 pars

77 1114 136 1150 vel
154 1114 315 1161 aequales
332 1111 493 1159 Eunapii
513 1109 682 1153 suerunt,
702 1108 761 1143 vel
779 1108 951 1156 proxime
970 1114 1114 1142 aetatem

77 1173 271 1221 scriptoris
286 1171 502 1218 attigerunt.
522 1170 578 1204 De
593 1167 764 1215 plurimis
782 1178 906 1214 pauca
926 1166 1040 1201 verba
1053 1165 1114 1212 je-

79 1232 169 1267 cisse
179 1231 265 1266 satis
275 1229 407 1277 habet3
419 1227 624 1262 nobiliores
634 1225 843 1274 prolixiore
855 1224 1008 1272 quidem
1019 1225 1115 1272 stylo

77 1288 333 1337 prosequitur,
352 1287 404 1321 ita
418 1292 542 1320 tamen
555 1291 594 1318 ut
611 1280 799 1333 βιογράφου
810 1295 946 1318 munus
961 1295 1117 1331 prorsus

81 1346 223 1383 eludat.
240 1346 370 1392 Neque
385 1343 556 1378 ordinem
571 1354 697 1377 rerum
708 1353 831 1388 neque
846 1340 1035 1376 delectum
1050 1355 1117 1377 cu-

79 1391 185 1451 rans,
229 1403 518 1451 incompositam
564 1400 789 1448 farraginem
809 1403 817 1410 ‘
831 1400 1013 1436 nebulosa
1056 1401 1116 1436 in-

78 1464 198 1499 volvit
219 1463 454 1505 narratione,
477 1471 591 1508 quam
612 1457 763 1495 dicendi
783 1469 919 1506 genere
939 1458 1120 1508 deturpat

79 1521 258 1557 scabroso
284 1520 355 1555 isto
374 1526 411 1555 et
426 1519 551 1566 inepte
570 1517 760 1565 picturato
772 1542 782 1561 ‚
813 1516 920 1564 quod
939 1525 1117 1565 tanquam

79 1590 279 1615 nervosum
299 1577 408 1612 simul
428 1583 463 1612 et
484 1576 633 1623 elegans
649 1575 718 1610 ista
737 1581 822 1610 aetas
843 1574 1116 1612 admirabatur.

134 1638 303 1674 Alterum
315 1648 424 1684 opus,
438 1636 460 1679 ἦ
479 1631 586 1682 μετὰ
602 1630 680 1676 Δέξ
693 1647 736 1668 ιπ
748 1647 825 1670 πον
842 1632 1017 1684 ἱστορία
1031 1633 1122 1686 χρό-

81 1710 97 1730 ν
109 1694 393 1741 ική,]ιίεῑοι·ἰευη
412 1695 621 1729 Romanam
638 1693 856 1728 continebat
872 1693 959 1728 inde
973 1706 996 1729 a
1013 1695 1122 1730 Clau-

83 1754 135 1789 dii
150 1755 187 1789 ΙΙ
203 1754 355 1790 decessu
375 1751 470 1802 (²70
483 1764 524 1800 p.
544 1751 582 1787 C.
595 1753 623 1796 ),
640 1752 679 1786 in
691 1764 804 1798 quem
824 1753 988 1800 Dexippi
1008 1753 1124 1789 Chro·

82 1814 168 1848 nica
188 1811 396 1856 desierant,
415 1822 533 1858 usque
548 1809 596 1845 ad
612 1810 764 1845 Arcadii
782 1823 920 1846 annum
935 1811 1124 1847 decimum

87 1871 98 1918 (
113 1874 185 1913 404
202 1883 242 1919 p.
265 1871 305 1908 C.
319 1870 330 1919 )
344 1896 354 1914 ,
377 1881 453 1917 quo
475 1868 646 1906 Arsacius
659 1894 669 1913 ,
686 1869 796 1916 pulso
815 1870 986 1905 Johanne
1004 1871 1125 1919 Chry-

87 1936 266 1975 sostomo,
286 1928 540 1977 episcopalem
566 1926 893 1976 Constantinopoli
911 1929 1038 1965 sedem
1059 1942 1125 1966 oc-

86 1987 260 2036 cupavit,
302 1998 473 2033 uxorque
514 1984 668 2021 Arcadii
700 1985 873 2022 Eudocia
908 1999 954 2023 ex
988 1987 1127 2024 abortu

87 2052 237 2080 mortua
257 2052 312 2080 est
336 2043 444 2093 (Vid.
467 2042 606 2080 testim.
631 2044 794 2092 Photii).
830 2046 918 2081 Haec
939 2058 1127 2083 annorum

93 2117 107 2138 1
118 2103 163 2146 34
181 2103 333 2139 historia
345 2115 415 2152 per
431 2101 740 2150 quattuordecim
754 2103 872 2139 libros
885 2104 938 2140 ita
950 2113 1031 2140 erat
1048 2105 1127 2142 dis-

90 2162 249 2207 tributa,
279 2168 323 2196 ut
355 2161 454 2196 libro
491 2160 617 2208 primo
657 2161 941 2209 compendiaria
980 2164 1129 2199 ratione

89 2226 326 2269 percurreret
342 2219 351 2268 (
367 2216 422 2255 διὰ
439 2219 507 2254 τῶν
524 2216 722 2268 ἀναγκαίων
737 2218 923 2270 ἐπιτρέχει,
939 2223 1129 2271 Eunapius

91 2277 166 2326 ait)
189 2290 247 2313 res
266 2290 450 2312 armorum
469 2275 538 2321 85,
558 2278 622 2324 qui
643 2289 664 2312 a
692 2278 851 2313 Claudio
872 2279 1054 2316 labuntur
1081 2281 1130 2316 ad

91 2335 283 2372 Julianum
303 2335 483 2372 Caesarem
505 2335 702 2383 (271—355
719 2335 729 2385 )
745 2364 754 2382 ,
774 2336 911 2373 dehinc
938 2339 985 2374 ad
1014 2351 1131 2388 argu-

91 2401 281 2438 mentum,
305 2393 409 2441 quod
428 2394 553 2442 primo
575 2394 731 2428 consilio
751 2395 820 2429 sibi
838 2395 1046 2444 delegerat,
1068 2410 1130 2434 ac-

94 2450 246 2486 cederet
258 2476 269 2495 ,
288 2458 325 2486 et
344 2451 499 2487 diducta
518 2453 733 2487 narratione
749 2465 819 2501 per
836 2454 999 2502 reliquos
1016 2456 1132 2492 libros

95 2508 277 2543 tredecim
295 2508 487 2544 historiam
505 2510 640 2544 Juliani
654 2536 663 2554 ,
678 2511 859 2557 Valentis,
876 2513 1078 2549 Theodosii
1098 2522 1133 2551 et

96 2566 251 2602 Arcadii
264 2578 382 2613 usque
394 2566 442 2602 ad
453 2579 591 2602 aunum
608 2572 680 2610 404
700 2570 921 2617 explicaret.
938 2572 1082 2608 Rursus
1094 2574 1134 2608 in

96 2624 152 2660 his
177 2625 284 2671 quasi
315 2624 432 2660 cardo
453 2627 594 2661 exstitit
612 2627 767 2662 beatum
797 2640 951 2676 regnum
978 2631 1130 2668 Juliani.

96 2683 169 2718 Hic
185 2682 250 2717 lux
268 2689 342 2727 est,
371 2683 508 2730 reliqui
524 2685 677 2730 umbra3
699 2686 759 2721 hic
781 2687 964 2723 candidus
983 2689 1135 2726 Graeco-

96 2752 179 2775 rum
209 2741 346 2788 Apollo
361 2753 371 2789 3
402 2742 558 2788 reliqui,
586 2745 643 2779 τοῦ
677 2743 1011 2794 ἀνεσκολοπισμένου
1035 2761 1136 2799 σοφι-

98 2800 181 2834 στοῦ
209 2806 432 2843 sectatoi·e5‚
454 2807 576 2835 atrum
597 2809 633 2836 ct
657 2804 983 2840 averruncandum
1003 2807 1137 2855 vulgus

99 2856 389 2892 monachorum.
421 2856 493 2893 Καὶ
514 2856 637 2908 σχεδόν
658 2873 712 2905 τι,
735 2861 890 2897 Pliotius
922 2864 991 2909 ait,
1018 2862 1058 2900 τὸ
1077 2867 1138 2910 τ’ῆς

99 2913 253 2964 ἱστορίας
264 2914 357 2965 αὐτῷ
372 2913 418 2956 εἷς
429 2913 466 2950 τὸ
482 2915 608 2952 ἐκείνου
624 2915 857 2969 (Ἰουλιανοῧ)
877 2919 1047 2971 ἐγκώμιον
1065 2937 1139 2959 συν-

101 2970 195 3008 τεθὲν
215 2969 415 3017 ἐξεπονήθη.
433 2973 554 3021 quue
571 2975 649 3023 ipse
664 2977 772 3011 etiam
792 2980 984 3027 Dexippus
1001 2981 1139 3018 fatetur

104 3030 175 3075 (fr.
204 3027 246 3080 1)
279 3043 286 3066 ε
311 3028 380 3066 Καὶ
400 3028 514 3067 πάντα
535 3046 573 3081 γε
595 3033 639 3074 εἷς
658 3031 715 3070 τὸν
740 3033 927 3072 Ἰουλιανὸν
959 3039 1139 3090 ἀναφέρειν

103 3085 234 3133 ἐδόκει,
258 3085 294 3130 ὃς
310 3086 514 3125 ἐδασίλευσε
533 3088 594 3138 μὲν
616 3091 667 3141 ἐφ’
686 3093 799 3139 ἡμῶν,
816 3092 854 3129 τὸ
875 3092 910 3130 δὲ
929 3095 1138 3148 ἀνθρώπινον

107 3142 210 3181 αὐτὸν
243 3141 362 3196 ὥσπερ
390 3145 467 3182 τινὰ
497 3146 570 3183 θεὸν
597 3148 827 3198 προσεκύνουν
848 3149 1007 3195 ἅπαντες.
1030 3153 1075 3190 Et
1102 3157 1140 3191 in

103 3204 293 3252 prooemio
306 3205 394 3239 libri
411 3206 565 3241 secundi
589 3205 657 3254 (fr.
676 3208 711 3256 8)
735 3221 743 3243 :
764 3208 918 3259 Φέρεται
937 3209 971 3247 δὲ
987 3212 1138 3250 ἐντεῦθεν

104 3263 121 3297 ὃ
136 3259 236 3311 λόγος
251 3259 302 3312 ἐφ’
318 3257 422 3313 ὅνπερ
437 3261 575 3313 ἐφέρετο
589 3263 622 3307 ἐξ
635 3264 743 3315 ἀρχῆς
755 3295 764 3311 ,
779 3266 837 3303 καὶ
857 3268 1043 3318 ἀναγκάζει
1056 3285 1094 3319 γε
1107 3273 1141 3308 ἐν

105 3323 173 3361 τοῖς
189 3317 300 3370 ἔργοις
319 3318 544 3370 ἐνδιατρίὲειν
565 3319 682 3373 ὥσπερ
702 3338 735 3358 τι
752 3322 836 3373 πρὸς
856 3325 958 3361 αὐτὸν
979 3327 1140 3377 ἐρωτικὸν

106 3375 328 3420 πεπονθότας.
343 3378 515 3416 Ceterum
530 3379 576 3414 ad
590 3380 729 3416 Juliani
743 3395 800 3418 res
810 3386 1018 3431 posteritati
1034 3400 1136 3423 man-

1172 290 1315 327 dandas
1334 302 1412 326 non
1431 302 1499 326 suo
1530 295 1672 325 tantum
1693 289 1809 338 ipsius
1838 289 1983 339 impetu
2004 289 2207 339 ferebatur,

1171 349 1237 385 sed
1271 355 1461 396 quotquot
1494 355 1584 384 tunc
1613 347 1796 384 doctrinae
1830 348 1942 384 laude
1973 350 2208 397 eminebant,

1173 420 1300 443 omnes
1316 407 1458 454 absque
1474 406 1690 442 remissione
1709 407 1924 456 Eunapium
1937 408 2120 445 instanter
2127 421 2212 458 pre-

1173 466 1370 510 cabantur,
1401 471 1444 500 ut
1463 464 1561 500 hanc
1589 465 1829 513 provinciam
1859 466 1973 501 vellet
1991 467 2180 516 suscipere
2199 482 2208 505 ε

1170 535 1248 571 prae
1269 523 1401 558 ceteris
1423 530 1549 558 autem
1574 522 1770 559 Oribasius
1785 523 1848 559 ille
1867 525 2118 572 Pergamenus
2132 538 2214 563 me-

1173 581 1280 617 dicus
1292 607 1302 626 ,
1324 581 1389 628 qui
1407 581 1549 617 Juliani
1568 593 1695 617 comes
1718 589 1924 630 perpetuus
1951 584 2212 620 consiliorum·

1173 651 1247 687 que
1268 640 1438 675 omnium
1455 641 1580 676 socius
1598 640 1732 676 fuerat.
1748 641 1784 676 Is
1803 641 1919 687 enim,
1937 631 2212 691 Eunapius'ait,

1175 695 1312 733 ἀσείεῒν
1332 695 1416 733 ἐὸόα
1435 696 1651 748 περιφανῶς,
1673 696 1702 733 εἷ
1723 694 1772 745 μὴ
1790 696 2042 750 συγγράφοιμιι·
2068 698 2127 737 καὶ
2146 686 2217 749 τίῆν,

1173 769 1211 806 γε
1240 753 1398 805 πράξεων
1427 753 1566 805 (πάσας
1593 752 1660 805 γὰρ
1693 753 1865 800 ἠπίστατο
1884 755 2005 808 παρὼν
2037 746 2214 811 ἁπάσαις)

1175 811 1269 863 μάλα
1290 811 1443 864 ἀκριὸῶς
1462 811 1654 863 ὑπόμνημα
1683 812 1855 851 συνετέλει
1883 813 1968 868 πρὸς
1990 814 2054 863 τὴν
2079 816 2216 870 γραφήνι

1177 872 1245 922 (fr.
1270 871 1333 922 8).
2169 919 2171 921 q

1227 931 1373 967 Desinit
1390 943 1486 980 opus
1507 932 1548 967 in
1567 943 1708 968 annum
1729 935 1802 975 404
1814 958 1826 978 ,
1853 932 1909 968 uti
1927 922 2073 972 monui.
2096 935 2217 982 Quem

1175 989 1332 1037 quidem
1358 990 1562 1026 terminum
1591 991 1698 1039 operi
1722 1003 1799 1026 non
1827 992 1994 1027 auctoris
2021 993 2219 1029 consilium

1174 1048 1241 1084 sed
1258 1048 1323 1084 fati
1339 1050 1536 1085 necessitas
1548 1050 1718 1098 posuisse
1733 1049 1897 1086 videtur.
1914 1051 2022 1087 Certe
2034 1063 2111 1087 non
2129 1065 2220 1101 per7

1177 1108 1278 1156 cipio
1299 1119 1369 1156 ego
1399 1120 1468 1144 cur
1492 1109 1709 1157 Eunapius,
1733 1121 1845 1156 quem
1869 1115 1958 1157 post
1979 1116 2119 1146 annum
2143 1114 2218 1156 414

1176 1168 1214 1202 in
1234 1166 1445 1203 scribendo.
1457 1167 1582 1203 adhuc
1596 1175 1786 1204 versatum
1802 1180 1879 1204 esse
1897 1165 2035 1204 scimus
2050 1168 2118 1217 (fr.
2140 1169 2220 1219 47),

1177 1226 1216 1261 in
1243 1239 1342 1262 anno
1365 1230 1438 1269 404
1460 1227 1682 1272 subsistere,
1711 1239 1824 1274 quam
1846 1226 1897 1263 ad
1921 1234 2083 1263 mortem
2101 1240 2222 1276 usque

1177 1283 1353 1336 Arcadii(
1368 1284 1464 1335 408)
1485 1285 1762 1329 narrationem,
1781 1285 1811 1320 si
1823 1284 2012 1331 licuisset,
2031 1285 2223 1323 deducere

1178 1343 1368 1380 maluerit.
1398 1362 1451 1370 --
1469 1344 1589 1378 Porro
1611 1343 1730 1378 libros
1761 1344 1887 1391 operis
1919 1342 2224 1391 quattuordecim

1177 1413 1256 1436 non
1268 1413 1345 1436 uno
1362 1407 1492 1436 tenore
1509 1401 1702 1449 Eunapius
1715 1401 1956 1450 perscripsit,
1975 1414 2098 1449 neque
2114 1403 2224 1438 simul

1180 1460 1218 1494 in
1239 1459 1438 1508 publicum
1466 1458 1600 1496 edidit.
1634 1460 1782 1494 Etenim
1816 1471 1933 1507 quum
1962 1459 2157 1509 Eunapius
2186 1461 2226 1496 in

1183 1519 1276 1555 Vitis
1295 1519 1549 1567 sophistarum
1569 1519 1854 1555 Historiassuas
1876 1518 1924 1554 de
1941 1519 2054 1555 rebus
2072 1532 2154 1566 quae
2175 1519 2225 1555 ad

1181 1578 1201 1612 J
1205 1577 1322 1612 uliani
1335 1604 1345 1621 ,
1363 1577 1528 1614 Valentis
1545 1583 1584 1612 et
1594 1576 1798 1612 Theodosii
1819 1584 1992 1625 tempora
2010 1578 2223 1626 pertinent,

1183 1636 1233 1671 ita
1251 1635 1380 1671 laudet
1397 1641 1440 1670 ut
1458 1647 1519 1670 eas
1538 1642 1626 1670 tunc
1641 1633 1716 1682 jam
1735 1635 1856 1671 editas
1872 1647 1949 1671 esse
1970 1643 2152 1684 appareat
2171 1635 2224 1683 (V.

1183 1694 1231 1730 sr.
1251 1697 1312 1736 14.
1337 1705 1399 1742 19.
1419 1705 1480 1729 22.
1495 1691 1559 1730 25.
1581 1691 1645 1736 45.
1665 1691 1735 1742 55)
1754 1705 1763 1731 :
1779 1694 2038 1730 inVitaPrisci
2058 1693 2124 1742 (fr.
2141 1693 2226 1741 65),

1183 1751 1251 1789 ubi
1266 1752 1313 1789 de
1330 1752 1476 1788 Hilario
1490 1751 1675 1801 loquitur,
1695 1753 1760 1800 qui
1777 1764 1799 1788 a
1813 1753 1944 1790 Gothis
1962 1753 2032 1788 sub
2049 1753 2227 1790 Alaricho

1184 1812 1365 1849 Graeciam
1384 1812 1616 1848 vastantibus
1639 1810 1727 1860 (an.
1756 1811 1830 1860 396
1849 1825 1890 1860 p.
1914 1813 1955 1848 C.
1978 1811 2133 1848 Arcadii
2158 1824 2227 1848 an·-

1186 1882 1236 1906 no
1258 1883 1273 1906 1
1293 1869 1305 1920 )
1324 1870 1469 1906 occisus
1490 1870 1558 1915 sit,
1583 1870 1634 1905 ita
1643 1870 1760 1905 habet
1774 1869 1878 1906 ;“-Κα“ι
1896 1871 2006 1905 ταῦτα
2025 1866 2087 1917 μὲν
2105 1869 2140 1905 ἐν
2159 1869 2229 1912 τοῖς

1188 1925 1383 1970 ’διεξοδικοῖς
1397 1956 1409 1977 ,
1433 1925 1492 1964 ἐὰν
1509 1927 1559 1978 τῷ
1581 1924 1718 1975 δαίμονι
1739 1925 1838 1976 δόξῃ,
1859 1924 2091 1978 γραφήσεται.
2110 1928 2231 1976 Igitur

1186 1987 1352 2036 primum
1382 1987 1599 2035 composuit
1630 1986 1813 2022 Historias
1839 1998 1959 2034 usque
1989 1985 2038 2022 ad
2068 1993 2230 2022 mortem

1188 2044 1392 2082 Theodosii
1408 2043 1636 2095 (270-395)
1651 2070 1662 2089 ,
1682 2051 1726 2079 ut
1737 2044 1909 2088 videtur3
1927 2043 2064 2079 deinde
2081 2045 2232 2093 scripsit

1188 2106 1291 2141 Vitas
1312 2105 1566 2153 sophistarum
1582 2103 1591 2154 (
1606 2105 1706 2140 circa
1725 2116 1808 2139 ann.
1829 2101 1902 2147 405
1915 2101 1943 2153 );
1962 2102 2126 2151 denique
2143 2110 2232 2152 post

1191 2176 1333 2200 annum
1349 2167 1368 2205 4
1379 2176 1392 2199 1
1402 2168 1423 2207 4
1442 2163 1626 2199 Historias
1639 2174 1723 2198 suas
1739 2162 1989 2207 continuavit,
2001 2161 2232 2209 Arcadiique

1190 2235 1350 2271 regnum
1367 2221 1566 2257 additurus
1580 2228 1678 2267 erat;
1693 2220 1799 2268 quod
1815 2221 2013 2256 consilium
2030 2220 2232 2267 quominus

1192 2282 1241 2318 ad
1257 2282 1396 2318 exitum
1416 2280 1646 2329 perduceret
1663 2286 1784 2315 morte
1796 2278 2013 2328 prohibitus
2029 2290 2107 2314 esse
2122 2278 2232 2314 vide-

1193 2348 1266 2378 tur.
1284 2362 1336 2382 -ss-
1358 2341 1447 2386 Quae
1464 2351 1581 2386 quum
1603 2339 1656 2374 ita
1679 2339 1770 2382 sint,
1790 2338 1918 2387 putari
1937 2338 2054 2386 possit
2068 2335 2131 2382 τὴν
2154 2335 2232 2373 νέαν

1194 2396 1361 2450 Ἱστορίας
1388 2395 1537 2446 ἔκδοσιν,
1561 2395 1667 2443 cujus
1686 2397 1786 2431 tituli
1807 2397 1964 2445 Except.
1990 2397 2046 2432 De
2073 2402 2231 2434 sentent.

1195 2464 1307 2505 atque
1337 2457 1492 2492 Photius
1515 2456 1745 2491 mentionem
1778 2454 1943 2499 faciunt,
1980 2454 2027 2490 de
2051 2466 2168 2503 opere
2187 2455 2233 2491 ab

1194 2517 1277 2564 ipso
1296 2514 1470 2562 Eunapio
1484 2520 1687 2549 retractato
1706 2514 2004 2560 continuatoque
2018 2512 2158 2549 debere
2175 2513 2235 2549 in-

1196 2574 1323 2622 telligi.
1346 2576 1394 2610 At
1413 2586 1495 2620 quae
1515 2572 1670 2607 Photius
1687 2572 1804 2608 refert
1835 2573 1874 2607 in
1906 2584 1988 2608 eam
2005 2573 2132 2620 potius
2160 2571 2233 2608 du-

1197 2640 1286 2668 cunt
1299 2632 1535 2679 sententiam,
1550 2638 1593 2665 ut
1605 2643 1702 2666 nova
1719 2631 1789 2665 ista
1806 2631 1976 2669 recensio
1990 2642 2011 2665 a
2025 2629 2234 2666 Christiano

1197 2692 1324 2738 aliquo
1345 2690 1558 2740 bibliopola
1574 2688 1747 2737 prosecta
1765 2689 1831 2732 sit,
1855 2689 1917 2735 qui
1933 2688 2085 2723 resectis
2105 2688 2234 2723 convi-

1199 2751 1275 2793 tiis,
1291 2749 1428 2796 quibus
1441 2748 1613 2796 religioni
1624 2754 1758 2782 nostrae
1774 2747 1964 2794 Eunapius
1978 2746 2234 2791 insultaverat,

1198 2806 1440 2842 emendatum
1459 2806 1511 2841 sic
1532 2806 1811 2853 etcastigatum
1830 2816 1925 2853 opus
1945 2805 2080 2839 iterum
2102 2803 2237 2839 edide-

1198 2866 1258 2901 rit.
1290 2866 1354 2900 Est
1383 2865 1463 2899 haec
1487 2863 1686 2899 Niebuhrii
1711 2863 1892 2898 sententia
1916 2861 2233 2910 probabilissima.

1200 2924 1256 2957 Ita
1272 2922 1390 2958 habet
1405 2922 1464 2962 vir
1481 2921 1705 2957 clarissimus
1723 2919 1732 2971 (
1746 2921 1883 2969 Script.
1901 2920 1988 2957 hist.
1999 2921 2086 2967 Byz.
2098 2925 2189 2955 tom.
2203 2919 2235 2964 1,

1199 2995 1237 3029 p.
1258 2979 1350 3030 xix)
1381 2993 1389 3016 z
1419 2996 1435 3013 «
1466 2980 1590 3027 Quum
1621 2979 1813 3028 duplicem
1833 2979 2038 3014 editionem
2066 2978 2238 3013 Historiae

1201 3041 1354 3075 Photius
1365 3039 1537 3084 vidisset,
1553 3039 1868 3074 Constantinianae
1885 3038 2023 3085 eclogae
2035 3064 2044 3082 ‚
2055 3043 2100 3074 ut
2111 3035 2239 3071 inscri-

1200 3100 1281 3147 ptio
1303 3098 1435 3143 docet,
1449 3110 1469 3133 e
1488 3097 1654 3133 secunda
1670 3104 1826 3145 sumptae
1845 3103 1952 3141 sunt,
1970 3095 2036 3131 ubi
2055 3093 2133 3131 loci
2148 3094 2238 3142 plu-

1201 3157 1305 3202 rimi,
1323 3158 1362 3191 in
1381 3157 1518 3204 quibus
1537 3155 1699 3205 scriptor
1714 3155 1851 3191 rabido
1869 3154 2046 3190 adversus
2062 3153 2240 3189 Christia-

1202 3228 1271 3250 nos
1287 3214 1377 3249 odio
1395 3214 1574 3250 effrenate
1592 3213 1819 3258 indulserat,
1835 3213 1887 3248 ita
1902 3212 2010 3247 recisi
2031 3217 2172 3256 essent,
2185 3217 2240 3256 ut,

1203 3274 1337 3308 Photio
1359 3271 1508 3318 judice,
1533 3273 1677 3308 hiantes
1695 3272 1835 3307 lacunae
1854 3276 2099 3319 apparerent,
2121 3275 2158 3304 et
2178 3279 2240 3305 se-

1204 3332 1355 3378 quentia
1368 3331 1533 3379 plurima
1544 3331 1759 3366 laborarent
1773 3330 2015 3376 obscuritate.
2030 3326 2144 3373 Cujus
2160 3323 2241 3362 vitii

1206 3390 1353 3438 culpam
1374 3390 1528 3426 Photius
1547 3391 1583 3425 in
1604 3390 1813 3437 Eunapium
1829 3389 1948 3437 ipsum
1962 3387 2106 3423 confert
2122 3397 2129 3423 :
2149 3398 2240 3421 con-

2308 155 2314 182 t-
2309 115 2314 133 ...
2300 0 2314 101 ›mbffiffl
