2372 3704
105 245 178 277 324

939 244 1192 286 ARISTIDIS
1217 243 1409 283 MILESII

102 345 233 397 ἔτρεφε.
257 344 426 385 Φαῦστος
453 341 490 380 δὲ
509 340 643 393 ποιμὴν
665 339 839 387 αὐτόπτης
869 338 1049 391 γενόμενος
1068 336 1146 381 τοὺς
1209 335 1437 377 ἀποθανόντος
1457 335 1475 372 ὁ
1503 332 1677 387 βάρὸαρος
1694 331 1811 384 τέμνει
1831 331 1894 378 τὴν
1917 331 2077 386 καρδίαν,
2095 332 2155 370 καὶ
2166 323 2241 386 εἶρε

101 403 230 445 παῖδας
251 401 438 454 ἀνέθρεψε,
458 399 519 439 καὶ
538 400 597 438 τὸν
617 398 680 451 μὲν
697 398 850 448 Ῥῶμον,
869 398 926 436 τὸν
949 397 986 435 δὲ
1002 397 1146 447 Ῥωμύ-

101 461 161 499 λον
181 460 461 513 προσηγόρευσε,
486 459 565 503 τοὺς
581 458 722 502 κτίστας
741 456 902 508 Ῥώμης·
920 459 966 500 ὡς
983 455 1147 510 Ἀριστεί-

105 521 166 567 δης
189 518 364 566 Μιλήσιος
379 519 414 556 ἐν
431 523 501 562 τοῖς
521 517 718 560 Ἰταλικοῖς.

156 579 253 616 lbid.
279 592 311 617 c.
339 591 386 625 27
413 591 554 615 nomen
577 578 750 615 Aristidis
774 576 954 614 excidisse
979 575 1143 613 videtur.

494 663 755 703 ΣΙΚΕΛῙΚΑ.

420 760 451 794 E
479 757 630 795 LIBRo
658 738 828 793 PRIMO.

592 849 656 874 20.

129 922 132 925 ·
156 909 216 949 Id.
237 911 291 949 ib.
312 923 346 948 e.
375 922 390 945 1
416 920 425 947 :
455 905 664 959 Ἀσδρούὸας
690 903 871 959 βασιλεὺς,
894 903 1060 943 Σικελίαν
1081 920 1148 942 κα-

54 972 57 974 ’
104 968 344 1018 ταλαὸόμενος
357 995 368 1014 ,
382 966 536 1016 πόλεμον
557 964 747 1015 Ῥωμαίοις
766 963 992 1015 κατήγγειλε·
1014 962 1150 1002 Μέτελ-

101 1028 162 1070 λος
179 1025 214 1064 δὲ
234 1026 301 1064 ὑπὸ
332 1028 394 1071 τῆς
427 1022 624 1075 συγκλήτου
654 1021 849 1075 στρατηγὸς
875 1021 1147 1074 χειροτονηθεὶς,

104 1083 276 1137 ἐγκρατὴς
307 1083 442 1135 ἐγένετο
473 1085 537 1128 τῆς
570 1081 667 1128 νίκης
702 1080 854 1130 ταύτης,
884 1082 919 1118 ἐν
952 1075 975 1132 ᾗ
1006 1080 1152 1125 Λεύκιος

103 1145 290 1190 Γλαύκων,
312 1140 451 1194 εὐγενὴς
467 1141 569 1192 ἀνὴρ,
586 1139 649 1186 τὴν
671 1138 862 1192 Ἀσδρούὸα
875 1139 1035 1192 κατέχων
1054 1145 1151 1187 ναῦν,

104 1202 305 1256 ἀμφοτέρας
323 1201 479 1239 ἀπέὸαλε
497 1199 559 1243 τὰς
569 1201 704 1251 χεῖρας,
726 1198 885 1251 καθάπερ
899 1200 1032 1251 ἱστορεῖ
1050 1199 1084 1237 Ἀ
1097 1215 1113 1251 ρ
1126 1216 1152 1237 ι-

103 1260 279 1307 στείδης
305 1259 521 1306 Μιλήσιος
543 1259 583 1295 ἐν
604 1256 751 1310 πρώτῃ
777 1258 1045 1306 Σικελικῶν,
1067 1261 1152 1310 παρ’

102 1313 142 1357 οῦ
169 1318 232 1365 τὴν
268 1318 431 1356 ὑπόθεσιν
460 1316 570 1367 ἔμαθε
594 1314 772 1358 Διονύσιος
799 1318 817 1353 ὁ
837 1315 1064 1363 Σικελιώτης.
1096 1320 1153 1355 De

101 1379 285 1426 Dionysio
298 1378 426 1414 Siculo
438 1377 623 1412 historico
637 1388 717 1411 non
736 1383 884 1412 constat
907 1376 967 1426 (in
981 1378 1154 1413 versione

106 1439 265 1486 antiqua
282 1444 334 1474 est
351 1437 536 1472 Diodorus
551 1435 698 1471 Siculus
714 1435 740 1484 ).

505 1529 748 1567 ΠΕΡΣΙΚΑ.

425 1625 454 1659 E
483 1624 633 1660 LIBRO
662 1624 830 1660 PRIMO.

598 1722 661 1747 21.

156 1787 214 1824 Id.
233 1787 288 1823 ib.
306 1800 338 1823 c.
362 1786 410 1831 [ιζ’
429 1786 580 1838 Περσῶν
602 1782 692 1835 μετὰ
718 1783 953 1822 πεντακοσίων
975 1783 1153 1837 μυριάδων

104 1843 161 1882 ἐπὶ
180 1844 243 1891 τὴν
277 1844 437 1883 Ἑλλάδα
458 1843 670 1897 ἐρχομένων,
700 1842 879 1886 Λεωνίδας
905 1842 980 1893 ἅμα
1002 1858 1146 1895 τριακο-

106 1903 193 1946 σίοις
227 1903 388 1957 ἐπέμφθη
410 1905 457 1947 εἷς
485 1901 726 1955 Θερμοπύλας
747 1900 814 1939 ὑπὸ
843 1902 1150 1952 Λακεδαιμονίων.

102 1961 370 2014 Εὖωχουμένων
385 1963 414 2000 δ’
436 1964 511 2000 ἐκεῖ
526 1961 685 1999 ἐπέκειτο
701 1960 741 1998 τὸ
761 1962 837 1998 τῶν
856 1960 1043 2013 βαρὸάρων
1064 1962 1155 2007 πλῆ-

104 2023 170 2063 θος·
192 2020 282 2058 καὶὸ
297 2019 474 2064 Λεωνίδας
494 2013 602 2067 εἶπεν,
624 2018 705 2056 ἰδὼν
725 2017 802 2062 τοὺς
820 2018 1034 2071 βαρὸάρους·
1053 2019 1155 2059 «Οὕ-

102 2094 170 2123 τως
191 2080 355 2131 ἀριστᾶτε
366 2109 377 2127 ,
391 2081 437 2123 ὡς
451 2080 486 2117 ἐν
504 2078 589 2132 ᾅδου
612 2077 862 2124 δειπνήσοντες.
881 2097 895 2112 ι
911 2079 983 2117 Καὶ
1000 2078 1155 2130 ὁρμήσας

103 2136 197 2175 κατὰ
213 2140 283 2175 τῶν
311 2137 514 2190 βαρὸάρων,
532 2137 592 2176 καὶ
612 2137 754 2180 πολλοῖς
773 2136 978 2189 περιπαρεὶς
995 2137 1164 2190 δόρασιν,’

105 2195 212 2243 ἀνέὸη
231 2196 289 2234 ἐπὶ
310 2196 367 2235 τὸν
395 2195 555 2249 Ξέρξην,
575 2195 637 2234 καὶ
660 2195 700 2234 τὸ
720 2195 873 2246 διάδημα
895 2196 1071 2248 ἀφείλετο.
1093 2192 1149 2236 Οῧ

104 2309 249 2341 confessa
271 2311 330 2341 est.
347 2312 378 2342 Is
394 2310 428 2342 in
443 2310 568 2342 metum
585 2309 693 2349 venit,
707 2307 906 2350 projecitque
929 2309 1106 2350 utrumque
1115 2309 1156 2341 ad

104 2361 208 2401 ripam
234 2361 369 2394 Tiberis.
389 2364 491 2394 Amne
514 2362 624 2393 autem
640 2361 766 2393 devecti
793 2361 869 2392 sunt
899 2359 940 2392 ad
958 2360 1086 2401 locum,
1103 2360 1158 2393 ubi

104 2413 180 2453 lupa
195 2413 318 2444 catulos
342 2413 459 2445 alebat.
481 2414 590 2453 Lupa,
617 2412 667 2444 liis
688 2412 821 2452 abJectis
847 2411 984 2444 nutrivit
1012 2412 1158 2444 infantes.

106 2465 242 2496 Faustus
269 2465 397 2504 pastor,
425 2464 482 2505 qui
508 2463 690 2504 spectandae
715 2463 760 2495 rei
783 2463 1015 2502 intervenerat,
1043 2471 1160 2504 pueros

107 2515 276 2555 educavit,
287 2515 377 2548 Remi
391 2515 423 2547 et
436 2515 565 2548 Romuli
577 2514 761 2547 nominibus
774 2514 943 2554 impositis.
960 2515 999 2547 Hi
1012 2516 1088 2548 sunt
1104 2515 1159 2556 qui

112 2571 244 2601 Romam
259 2567 483 2601 condiderunt.
501 2568 623 2600 Auctor
635 2566 789 2600 Aristides
801 2566 834 2599 in
848 2566 978 2600 Italicis.

534 2654 730 2694 SICULA.

602 2747 665 2784 20.-

147 2812 304 2844 Asdrubal
319 2820 374 2844 rex
384 2835 394 2853 ,
406 2811 514 2844 Sicilia
527 2812 684 2852 occupata
693 2835 703 2851 ,
725 2810 846 2843 bellum
860 2810 1013 2843 Romanis
1031 2810 1157 2843 indixit.

110 2865 258 2896 Metellus
273 2873 292 2896 a
303 2867 413 2896 senatu
426 2863 511 2895 bello
523 2862 660 2904 gerendo
679 2862 866 2903 praefectus,
886 2862 983 2902 vicit3
998 2863 1030 2894 in
1047 2863 1159 2903 proelio

108 2917 225 2949 Lucius
239 2917 362 2949 Glauco
386 2917 559 2957 patricius,
575 2916 654 2947 dum
678 2924 795 2947 navem
820 2915 1005 2948 Asdrubalis
1019 2915 1157 2955 detinet,

108 2970 280 3008 utramque
306 2967 414 3000 amisit
447 2976 592 2999 manum.
616 2968 732 3000 Narrat
759 2967 821 2998 hoc
841 2967 991 2999 Aristides
1019 2967 1160 2999 Milesius

110 3021 305 3062 primolibro
318 3023 437 3053 Rerum
451 3021 643 3061 Sicularum,
652 3029 670 3052 a
682 3029 747 3061 quo
764 3020 824 3052 boc
837 3021 1061 3061 argumentum
1074 3028 1159 3052 sum-

113 3073 177 3114 psit
189 3072 359 3112 Dionysius
371 3072 509 3105 Siculus.

523 3153 748 3192 PERSICA.

608 3246 666 3277 21.

153 3326 261 3362 Quum
275 3323 379 3354 Persae
394 3321 427 3352 in
440 3320 598 3353 Graeciam
609 3320 814 3352 adduxissent
828 3321 1075 3361 quingentarum
1088 3329 1159 3361 my-

113 3375 237 3406 riadum
259 3373 453 3412 exercitum,
471 3373 585 3404 missus
603 3373 651 3403 est
678 3371 832 3403 Leonidas
853 3380 872 3402 a
896 3373 1058 3412 Spartanis
1085 3380 1160 3404 cum

114 3427 264 3460 trecentis
279 3425 447 3458 militibus.
469 3427 498 3458 ls
509 3450 517 3466 ,
531 3425 696 3465 ingruente
710 3424 938 3465 prandentibus
951 3424 1160 3457 barbarorum

1205 394 1348 433 δασεῖαν
1361 409 1369 418 ·
1390 395 1437 436 ὡς
1457 392 1667 444 Ἀριστείδης
1686 394 1720 430 ἐν
1738 390 1860 443 πρώτῃ
1884 392 2085 442 Περσικῶν.
2103 393 2246 429 Eadem

1205 455 1373 492 Stobaeus
1382 453 1559 501 Florileg.
1578 454 1648 489 VII
1663 479 1674 498 ‚
1693 452 1761 502 64,
1778 451 1847 487 ubi
1871 451 2054 488 Aristides
2075 449 2251 487 laudatur

1207 513 1241 550 ἐν
1255 510 1286 562 γ’
1304 513 1371 549 τῶν
1394 511 1591 562 Περσικῶν.

1550 618 1670 659 ΠΕΡΙ
1698 620 1767 659 ΚΝ
1772 619 1902 660 ΙΔΟΥ.

1697 731 1762 756 22.

1262 795 1390 833 Schol.
1407 794 1517 832 Pind.
1535 795 1646 844 Pyth.
1663 797 1719 832 111
1734 823 1744 841 ‚
1772 800 1816 839 il.
1838 807 1846 830 z
1866 791 2076 845 Ἀριστείδης
2093 791 2127 830 δὲ
2148 792 2183 830 ἔν
2202 791 2254 845 τῷ

1209 851 1299 904 Περὶ
1326 850 1452 890 Κνίδου
1473 851 1722 903 συγγράμματί
1745 866 1849 904 φησιν
1880 850 2011 894 οὕτως·
2043 850 2252 897 Ἀσκληπιὸς

1209 910 1425 952 Ἀπόλλωνος
1437 911 1519 952 παῖς
1532 908 1592 947 καὶ
1605 909 1779 961 Ἀρσινόης
1791 924 1800 932 ·
1821 907 1909 954 αὕτη
1928 908 1964 947 δὲ
1984 908 2150 960 παρθένος
2166 902 2255 946 οῧσα

1209 967 1409 1018 ὠνομάζετο
1419 967 1589 1020 Κορωνὶς,
1603 966 1805 1006 Λευκίππου
1823 966 1858 1005 δὲ
1867 966 2020 1019 θυγάτηρ
2030 961 2070 1014 ἦν
2081 970 2139 1005 τοῦ
2154 966 2187 1007 Ἀ
2194 966 2259 1018 μύ-

1210 1027 1301 1075 κλα,
1322 1029 1380 1063 τοῦ
1401 1025 1675 1076 Λακεδαίμονος.
1699 1025 1909 1073 Ἀσκληπιοῦ
1937 1025 1973 1063 δὲ
2002 1024 2062 1063 καὶ
2089 1025 2258 1072 Ἠπιόνης

1213 1083 1438 1134 Ποδαλείριος
1450 1084 1510 1121 καὶ
1530 1084 1708 1135 Μαχάων.
1723 1085 1779 1122 Cf.
1794 1087 1954 1121 Pausan.
1968 1086 2026 1130 ΙΙ,
2044 1097 2091 1120 10
2102 1112 2113 1130 ‚
2131 1084 2167 1122 3:
2182 1086 2257 1121 Pro

1210 1145 1356 1193 Epione
1376 1145 1606 1193 Hermippus
1626 1157 1689 1193 ap.
1711 1144 1831 1182 schol.
1850 1144 2044 1192 Aristoph.
2063 1145 2162 1179 Plut.
2184 1156 2254 1190 70¹

1214 1204 1326 1252 ponit
1344 1204 1592 1251 Lampett'am,
1632 1203 1728 1238 Solis
1757 1202 1784 1237 f.
1798 1215 1808 1247 ;
1842 1203 1983 1250 Hygin.
2015 1201 2092 1240 fab.
2119 1214 2166 1250 97
2187 1202 2260 1238 Co·

1213 1263 1378 1298 ronidem
1386 1276 1401 1307 ,·
1417 1262 1590 1311 Orpheus
1606 1263 1747 1310 Hymn.
1768 1261 1817 1298 66
1828 1287 1839 1307 ,
1860 1274 1880 1307 7
1898 1261 2095 1310 Hygie’am.

1707 1364 1771 1401 23.

1272 1442 1400 1478 Schol.
1427 1441 1619 1477 Theocrit.
1649 1441 1780 1485 XVII,
1811 1440 1860 1489 69
1893 1454 1902 1476 :
1932 1438 1978 1478 ‘H
1998 1440 2066 1477 τῶν
2095 1437 2261 1490 Δωριέων

1216 1498 1446 1549 πεντάπολις,
1474 1498 1611 1545 Λίνδος,
1633 1497 1805 1545 Ἰάλυσος,
1830 1497 2030 1550 Κάμειρος,
2051 1498 2146 1543 Κῶς,
2170 1495 2262 1536 Κνί-

1216 1558 1284 1601 δος.
1304 1553 1446 1607 Ἀγεται
1464 1554 1499 1594 δὲ
1520 1558 1618 1608 κοινῇ
1637 1554 1703 1593 ὑπὸ
1722 1557 1790 1593 τῶν
1808 1555 1969 1608 Δωριέων
1988 1553 2082 1607 ἀγὼν
2104 1555 2138 1593 ἐν
2155 1555 2262 1606 Τριο·

1213 1614 1283 1667 πίῳ
1318 1614 1480 1666 Νύμφαις
1493 1643 1502 1660 ,
1536 1613 1746 1661 Ἀπόλλωνι,
1781 1615 1988 1653 Ποσειδῶνι.
2025 1614 2197 1654 Καλεῖται
2226 1612 2263 1652 δὲ

1215 1672 1347 1724 Δώριος
1367 1675 1384 1710 ὃ
1402 1670 1514 1723 ἀγὼν,
1534 1673 1580 1715 ὡς
1598 1670 1811 1723 Ἀριστείδης
1828 1671 1927 1724 φησί.
1946 1673 2000 1711 Cf.
2018 1674 2202 1710 Herodot.
2215 1675 2234 1709 I
2247 1701 2259 1722 ,

1220 1737 1315 1778 1443
1335 1733 1493 1779 Dionys.
1514 1732 1600 1770 Hal.
1618 1733 1684 1776 IV,
1702 1731 1772 1777 253
1787 1733 2054 1769 Sainte—Croix
2072 1733 2146 1768 Des
2171 1745 2265 1781 gou-

1218 1789 1658 1838 cernementsfe'demtifs,
1667 1803 1707 1838 p.
1725 1803 1740 1825 1
1750 1789 1796 1826 53
1808 1803 1891 1838 sqq.
1902 1791 2105 1828 Tittmann.
2119 1791 2263 1826 Stactar-

1215 1846 1308 1894 ‹1erf.
1336 1862 1378 1897 p.
1407 1841 1506 1895 67'13
1540 1849 1586 1885 O.
1609 1849 1755 1885 Miiller.
1782 1850 1874 1884 Dor.
1905 1850 1945 1895 Ι,
1984 1848 2076 1895 105;
2098 1849 2206 1886 Idem
2224 1851 2264 1886 in

1220 1907 1406 1956 Bottigeri
1425 1907 1629 1942 Amalthea
1649 1908 1688 1952 Ι,
1709 1919 1750 1956 p.
1778 1905 1867 1942 125.

1710 2008 1775 2047 24.

1273 2083 1454 2132 Stephan.
1475 2084 1564 2132 Byz.
1589 2097 1597 2119 :
1620 2081 1736 2135 Ἀραὶ,
1764 2082 1900 2126 Ἰωνίας
1917 2085 2015 2130 νῆσοι
2033 2088 2141 2134 τρεῖς,
2170 2082 2262 2123 οὕτω

1219 2140 1406 2192 λεγόμεναι
1431 2141 1488 2179 διὰ
1505 2141 1565 2186 τὰς
1582 2141 1688 2194 ἀρὰς,
1714 2141 1754 2186 ἃς
1778 2142 1922 2195 Δωριεῖς
1949 2142 2156 2189 ἐποιήσαντο
2182 2143 2268 2196 πρὸς

1223 2198 1301 2243 τοὺς
1327 2200 1612 2248 Πενταπολίτας,
1639 2202 1685 2244 ὣς
1707 2200 1929 2253 Ἀριστείδης.
1950 2198 2069 2240 Ἄλλοι
2085 2201 2114 2239 δ’
2134 2200 2263 2246 ἄλλως.

1216 2310 1446 2351 multitudine,
1471 2311 1510 2344 iis
1528 2312 1706 2354 conspectis
1731 2312 1813 2344 dixit
1831 2312 1872 2344 ad
1891 2321 1967 2346 suos
1993 2326 2001 2346 :
2027 2315 2084 2345 Sic
2099 2313 2268 2354 prandete

1218 2364 1260 2395 uc
1275 2366 1447 2396 caenaturi
1469 2364 1566 2406 apud
1581 2365 1710 2405 inferos
1723 2374 1734 2396 .·
1751 2365 1898 2406 factoque
1911 2365 1944 2397 in
1959 2365 2112 2398 barbaros
2123 2365 2246 2406 impetu
2256 2389 2267 2405 ,

1217 2415 1328 2447 multis
1343 2415 1489 2448 confixus
1509 2416 1619 2448 hastiis
1637 2416 1795 2456 inipsum
1814 2418 1955 2449 Xerxem
1975 2416 2160 2457 contendit,
2175 2417 2268 2458 eique

1216 2467 1364 2500 diadema
1379 2469 1499 2501 avellit.
1517 2469 1637 2501 Mortui
1659 2477 1714 2501 cor
1731 2469 1886 2502 barbarus
1898 2478 2024 2510 secans,
2039 2469 2199 2503 hirsutum
2218 2478 2268 2503 re-

1216 2520 1310 2561 perit.
1328 2521 1449 2554 Auctor
1467 2521 1621 2554 Aristides
1636 2521 1739 2563 primo
1752 2522 1871 2553 Rerum
1891 2521 2100 2554 Persicorum.

1609 2595 1675 2633 DE
1704 2594 1862 2634 CNIDO
1873 2623 1881 2631 .

1712 2681 1772 2714 22.

1259 2740 1413 2774 Aristides
1426 2741 1458 2773 in
1474 2741 1556 2774 libro
1569 2741 1610 2774 de
1623 2741 1725 2774 cnido
1734 2742 1778 2774 ita
1791 2741 1902 2774 scribit
1917 2754 1925 2774 :
1940 2741 2104 2783 Asclepius
2116 2741 2270 2783 Apollinis

1218 2793 1251 2824 et
1265 2793 1411 2824 Arsinoes
1422 2792 1516 2832 tiliuS,
1528 2801 1601 2833 quae
1613 2801 1716 2833 quum
1726 2793 1815 2833 virgo
1828 2793 1933 2825 adbuc
1945 2795 2030 2833 erat,
2042 2793 2269 2825 nominabatur

1219 2843 1369 2881 Coronis,
1386 2843 1450 2875 tilia
1462 2844 1629 2884 Leucippi,
1647 2844 1701 2884 qui
1716 2844 1782 2884 ipse
1798 2845 1940 2884 Amyclae
1956 2844 2186 2878 Lacedaemone
2200 2844 2268 2877 nati

1218 2895 1301 2928 filius
1321 2896 1401 2928 erat.
1420 2895 1555 2937 Asclepii
1569 2905 1646 2928 vero
1662 2898 1694 2928 et
1709 2896 1846 2937 Epiones
1866 2896 1922 2928 filii
1950 2896 2131 2929 Podalirius
2153 2897 2185 2929 et
2199 2898 2268 2928 Ma·

1217 2949 1330 2980 cbaon.

1706 3003 1765 3035 23.
1953 3031 1960 3038 .

1266 3056 1469 3089 Doriensium
1489 3055 1671 3097 Pentapolis
1689 3056 1851 3096 :Lindus,
1864 3056 2004 3097 Ialysus,
2022 3056 2188 3096 Camirus,
2203 3058 2268 3089 Cos

1220 3109 1253 3140 et
1265 3108 1396 3140 Cnidus.
1408 3108 1471 3146 Qui
1486 3107 1654 3140 Dorienses
1669 3107 1865 3148 conjunctim
1878 3108 1911 3139 in
1928 3107 2056 3148 Triopio
2078 3107 2171 3140 ludos
2183 3108 2267 3140 cele-

1220 3159 1316 3190 brant
1325 3158 1478 3200 Nymphis
1487 3181 1496 3197 ‚
1516 3158 1654 3198 Apollini
1667 3159 1700 3190 et
1711 3159 1872 3200 Neptuno.
1886 3158 2066 3191 solennitas
2078 3159 2138 3192 ista
2155 3161 2268 3192 Dorta

1221 3210 1418 3251 appellatur,
1435 3211 1472 3242 ut
1487 3209 1638 3242 Aristides
1651 3209 1707 3242 ait.

1263 3324 1352 3360 Arae,
1378 3322 1475 3353 loniae
1498 3320 1610 3352 insulae
1625 3321 1707 3359 tres,
1727 3329 1801 3361 quae
1819 3329 1937 3353 nomen
1961 3319 2080 3352 babent
2106 3320 2147 3352 ab
2160 3321 2266 3362 ἀραῖς,

1221 3372 1328 3408 diris,
1362 3372 1477 3412 quibus
1500 3372 1664 3405 Dorienses
1689 3372 1902 3413 Pentapolitas
1926 3372 2081 3405 exsecrati
2106 3375 2197 3414 sunt,
2227 3374 2264 3404 ut

1222 3424 1371 3457 Aristides
1386 3423 1440 3456 ait.
