2326 3724
119 237 190 270 118

113 329 212 363 μενος
232 317 300 353 τῶν
323 316 458 355 οἰκείων
474 317 538 365 τὴν
557 313 678 367 ἧτταν,
703 321 736 364 ἐς
759 320 917 372 φρούριον
940 322 1151 375 καταφεύγει

111 372 168 410 ἐπὶ
183 372 288 426 λόφου
302 375 470 424 κείμενον,
488 375 506 414 ὃ
523 377 887 416 Κωνσταντινούπολιν
905 382 935 417 οἱ
952 380 1152 433 πρόσχωροι

111 431 269 472 ἐκάλουν.
284 432 404 487 ’Όπερ
423 435 521 484 γνους
539 438 609 479 τοῖς
638 441 777 475 συνοῦσι
807 438 987 486 στενάξας,
1015 458 1031 472 «
1060 443 1152 479 Θεοῦ

112 490 269 540 παίγνιον
297 491 390 543 ἄρα,
411 497 517 541 εἶπεν,
537 496 554 532 ὁ
574 493 770 546 ἄνθρωπος,
791 495 861 546 εἴγε
886 512 945 534 και
970 497 1031 547 ἐμὲ
1063 497 1154 536 οὕτω

111 548 243 594 παίζειν
258 551 351 602 φιλεῖ
367 550 406 588 τὸ
423 552 611 602 δαιμόνιον.
630 553 734 603 Ἐμοὶ
750 553 817 607 γὰρ
833 554 874 601 δὴ
896 556 926 593 οἱ
944 555 1083 605 μάντεις
1095 555 1152 594 τὸν

112 607 255 646 Ἰούλιον
275 612 368 660 μῆνα
386 588 575 660 ἐξανάγκης
592 614 625 650 ἐν
649 613 1015 652 Κωνσταντινουπόλει
1033 615 1154 652 διατει-

109 666 242 715 νόμενοι
260 668 387 720 προῦλε
391 685 464 718 γ.ον
490 669 628 721 Κάγὼ
622 671 683 709 μὲν
703 671 889 720 ἐνόμιζον
874 689 908 716 ες
927 675 1151 711 Κωνσταντι-

109 725 268 764 νούπολιν
298 728 555 777 ἀναδήσεσθαι,
591 746 648 767 νυν
681 729 716 768 δὲ
752 730 891 768 πάντων
934 731 1062 783 ἔρημος
1093 732 1153 770 καὶ

109 784 219 836 φυγὰς
235 787 281 828 εἷς
295 785 398 839 λόφον
413 790 529 835 ἠλθον,
548 787 702 840 εὑρηκὼς
718 791 735 826 6
753 789 899 833 δείλαιος
915 790 1152 843 προσηγορίαν

108 842 303 894 ὁμωνυμον.
322 862 337 879 »

162 901 299 950 Ζήνων,
336 903 497 955 βασιλευς
533 903 736 953 Ῥωμαίων,
767 904 830 951 τὴν
866 905 928 956 μὲν
962 905 1151 955 ὠμότητα,

107 954 166 1011 ᾗ’
150 960 319 1014 ἐκέχρητο
340 963 489 1010 Λέων,’
474 979 508 1000 εν
528 967 570 1015 τῇ
589 963 688 1014 φύσει
714 965 775 1001 οὐκ
795 957 902 1015 εἶχεν,
924 964 1002 1002 οὐδὲ
1024 964 1064 1003 τὸ
1089 969 1152 1003 θυ-

108 1017 280 1068 μούμενον
301 1020 539 1072 ἀπαραίτητον
563 1023 658 1059 αὐτῶ
680 1022 900 1069 καθειστήκει
917 1017 1152 1070 ἐσάπαξ,οῐον

107 1079 166 1114 τοῦ
187 1076 334 1121 Λέοντος
351 1078 496 1129 διέμενε.
519 1079 589 1118 Καὶ
605 1082 666 1126 τήν
687 1096 726 1132 (ε
742 1080 943 1132 προαίρεσιν
961 1082 994 1118 ἓν
1013 1082 1153 1125 πολλοῖς

107 1138 180 1187 εἶχε
205 1136 396 1188 φιλότιμον,
417 1153 476 1175 και
497 1137 519 1175 ἃ
540 1138 709 1211 ἔπραττε,
738 1139 836 1186 δόξης
864 1139 976 1177 ἕνεκεν
1005 1140 1065 1178 και
1093 1157 1152 1179 του

107 1194 343 1243 θαυμάζεσθαι
376 1196 556 1248 ἔπραττεν,
583 1198 818 1241 ἐπιδεικτικῶς
849 1199 982 1249 μαλλον
1009 1198 1031 1245 ἢ
1063 1201 1151 1246 ἀλη-

107 1253 263 1294 6010οὐ
293 1252 362 1303 μὴν
390 1253 468 1292 οὔτε
493 1255 654 1306 ἔμπειρος
673 1258 740 1293 τῶν
761 1256 979 1308 πραγμάτων
999 1260 1054 1304 ἠν,
1075 1257 1152 1296 οὔτε

106 1313 196 1361 εἶχεν
223 1311 433 1362 ἐπιστήμην,
450 1312 492 1350 δι’
512 1317 553 1360 ἡς
581 1313 674 1351 ἔστιν
704 1316 867 1367 ἀσφαλῶς
893 1315 955 1359 τὰς
975 1315 1154 1367 βασιλείας

106 1369 291 1408 ἰθύνεσθαι.
315 1369 408 1423 Πρὸς
431 1370 466 1408 δὲ
487 1370 607 1423 κέρδος
630 1387 690 1409 και
718 1373 845 1423 λῆμμα
875 1375 941 1425 οὐχ
967 1373 1058 1412 οὕτω
1089 1373 1151 1424 μὲν

106 1428 270 1477 ἐμμανῶς
289 1431 334 1472 ὡς
354 1432 372 1466 6
389 1429 488 1468 Λέων
511 1430 655 1468 διέκειτο
668 1459 678 1478 ,
699 1430 776 1469 οὐδὲ
809 1432 958 1470 ἔπλαττε
987 1431 1036 1483 μὴ
1068 1432 1151 1471 ὄντα

105 1486 174 1529 τοῖς
193 1487 415 1537 κεκτημένοις
435 1488 662 1539 ἐγκλήματα,
694 1491 732 1528 οὖ
765 1489 834 1539 μὴν
866 1490 944 1529 οὐδὲ
974 1493 1153 1536 παντελῶς

105 1544 268 1596 κρείττων
289 1548 425 1598 ὑπηρχε
445 1550 503 1585 τοῦ
522 1547 741 1598 πράγματος.
760 1548 831 1586 Και
846 1564 1001 1600 χρηστης
1021 1549 1062 1587 ἂν
1088 1553 1153 1602 βα-

107 1603 236 1647 σιλείας
269 1603 391 1657 ἔτυχον
424 1604 616 1655 Ῥωμαῖοι,
638 1607 666 1643 εἷ
698 1605 746 1657 μὴ
777 1607 1013 1651 Σεδαστιανὸς
1033 1610 1051 1645 6
1076 1608 1152 1646 τότε

106 1663 455 1714 παραδυναστεύων
439 1679 520 1714 ηγεν
537 1663 639 1702 αὐτὸν
657 1664 725 1711 ὅπη
747 1665 849 1704 ἐδούλ
853 1682 908 1704 ετο
918 1666 1152 1714 ,καπηλεύων

106 1719 224 1774 ὥσπερ
243 1721 277 1766 ἐξ
298 1723 427 1774 ἀγορᾶς
445 1722 604 1770 ἅπαντα,
629 1739 689 1761 και
716 1724 868 1774 μηδὲν”
845 1740 1000 1776 απρατον
1022 1727 1086 1763 ἐῶν
1116 1726 1150 1763 ἐν

106 1784 149 1833 τῇ
170 1779 340 1832 βασιλέως
361 1782 450 1834 αὐλῇ
471 1782 762 1833 διαπράττεσθαι,
781 1783 872 1820 ἀλλὰ
888 1783 948 1827 τὰς
965 1783 1026 1833 μὲν
1043 1784 1153 1836 ἀρχὰς

107 1838 291 1877 ἀπεδίδοτο
307 1839 423 1883 πάσας
440 1870 450 1888 ,
474 1840 542 1892 ἰδίᾳ
561 1839 623 1890 μὲν
645 1842 778 1892 ἑαυτῷ,
799 1842 868 1894 ἰδίᾳ
899 1841 933 1879 δὲ
962 1842 1152 1892 λαμὸάνων

105 1899 154 1934 τῶ
191 1899 327 1949 βασιλεῖ
355 1897 399 1936 τὰ
428 1914 635 1949 τιμηματα·
666 1899 725 1937 καὶ
756 1901 785 1937 εἰ
816 1901 1009 1952 προσῆλθεν
1041 1901 1154 1954 ἕτερος

108 1955 222 2008 βραχύ
244 1972 276 1993 τι
296 1957 508 2008 προστιθεὶς,
530 1960 655 2001 εκεῖνος
682 1961 724 2004 ἠν
753 1958 1003 2019 αἱρετώτερος
1012 1961 1094 1998 Των
1116 1958 1151 1997 δὲ

104 2015 137 2051 ἐν
167 2030 236 2058 τοις
257 2015 408 2067 ἀρχείοις
427 2014 616 2066 γινομένων
650 2016 814 2054 ἁπάντων
850 2017 926 2055 οὐδὲ
930 2033 946 2054 ν
980 2021 1037 2066 ἠν,
1066 2017 1083 2055 ὃ
1102 2017 1151 2068 μὴ

103 2070 221 2109 λαὸων
243 2072 523 2125 ἀπεπίπρασκεν.
547 2075 591 2112 Εἰ
621 2074 657 2111 δέ
687 2090 763 2112 τινα
796 2076 928 2126 (τινιΡ)
951 2075 1061 2127 ἀρχὴν
1079 2078 1148 2114 τῶν

103 2130 182 2183 περὶ
203 2131 304 2171 αὐτὸν
324 2131 430 2170 ὄντων
451 2132 640 2184 ἐχαρίσατο
659 2133 794 2180 Ζήνων,
815 2132 933 2186 ὥσπερ
955 2134 1147 2172 πολιτοκά-

103 2250 211 2289 clade,
226 2250 256 2281 in
271 2251 436 2282 castellum
451 2251 604 2291 confugit,
619 2252 704 2291 quod
717 2252 748 2283 in
762 2253 842 2283 colle
852 2252 948 2283 51111111
961 2252 1056 2283 vicini
1071 2255 1152 2284 Con-

103 2303 330 2343 stantinopolin
341 2304 508 2335 vocabant.
525 2307 596 2342 Quo
607 2305 733 2344 cognito
747 2305 811 2336 suis
824 2314 898 2336 011111
914 2305 1033 2345 gemitu
1048 2305 1128 2336 dixit
1143 2317 1150 2336 ε

105 2367 119 2381 a
143 2357 245 2386 Homo
259 2355 370 2395 utique
386 2356 435 2387 dei
457 2357 652 2396 lndibrium3
681 2357 839 2397 siquidem
859 2367 910 2389 me
926 2358 971 2388 510
997 2357 1154 2388 ludificati

105 2407 224 2446 placuit
242 2408 377 2438 numini.
402 2410 500 2439 Vates
516 2409 600 2439 enim
623 2410 807 2440 constanter
828 2410 904 2440 mibi
931 2409 1152 2450 praedixerunt

103 2459 299 2490 affirmantes
311 2483 319 2495 ‚
337 2459 458 2490 ,1111111111
470 2468 611 2491 mensem
629 2459 701 2500 [an.
721 2460 798 2501 470]
822 2461 949 2491 fatalem
971 2461 1048 2491 mihi
1065 2469 1131 2491 0550
1143 2485 1151 2499 ,

104 2519 167 2550 quo
181 2510 456 2550 Constantinopoli
470 2519 623 2541 versarer.
643 2513 749 2551 Atque
768 2521 824 2550 ego
837 2511 964 2551 quidem
976 2511 1154 2542 arbitrabar

105 2571 156 2594 1110
186 2561 482 2602 Constantinopolin
511 2564 697 2593 venturum.
726 2564 820 2593 Nunc
847 2571 923 2593 vero
942 2563 983 2594 ab
1003 2563 1152 2595 omnibus

103 2614 277 2645 destitutus
293 2614 324 2644 et
338 2613 411 2644 exul
432 2614 463 2643 in
483 2613 596 2644 collem
610 2613 681 2645 veni
693 2637 701 2653 ,
717 2622 814 2654 quem
831 2613 943 2645 eodem
957 2614 1085 2645 nomine
1095 2623 1151 2654 ap-

105 2665 210 2704 pellari
222 2665 316 2695 miser
332 2664 547 2704 deprehendo.
565 2678 579 2691 »

148 2718 251 2755 Zeno,
270 2718 487 2748 Romanorum
506 2717 690 2756 imperator,
717 2725 780 2747 non
803 2716 914 2747 eadem
931 2724 996 2756 qua
1016 2718 1079 2748 Leo
1096 2716 1153 2748 11111

105 2767 293 2799 crudelitate
305 2790 313 2805 ,
329 2767 606 2807 uequeiracundia
621 2768 682 2799 t'uit
695 2767 726 2798 in
743 2769 931 2808 perpetuum
946 2767 1152 2806 inexorabili,

104 2821 140 2851 ut
163 2819 226 2850 ille.
260 2821 292 2849 ln
317 2818 425 2849 111111115
450 2820 558 2850 autem
587 2819 730 2850 animum
762 2818 968 2850 ambitiosum
995 2819 1151 2858 ostendit,

103 2874 137 2902 et
150 2879 222 2911 qnae
239 2869 384 2906 faciebat,
402 2870 510 2909 glou-im
527 2872 559 2901 01
577 2870 795 2902 admirationis
814 2879 908 2901 031153
926 2870 1079 2908 faciebat,
1099 2879 1154 2910 per

105 2922 350 2954 ostentationem
373 2922 480 2960 potius
499 2930 596 2961 quam
616 2931 658 2953 ex
680 2923 826 2953 veritate.
857 2921 946 2953 Adde
973 2921 1060 2961 quod
1085 2923 1153 2953 erat

106 2982 213 3006 rerum
231 2973 408 3013 imperitus,
425 2981 529 3012 neque
542 2973 628 3004 illam
642 2973 806 3004 scientiam
820 2973 969 3011 babebat,
980 2982 1035 3013 per
1053 2982 1149 3014 quam

106 3034 202 3066 regna
215 3027 286 3057 tuto
304 3025 472 3065 gubernari
491 3027 634 3069 possunt.
652 3026 746 3057 Lucri
761 3027 868 3057 autem
885 3027 917 3057 et
934 3028 1076 3066 quaestus
1088 3035 1151 3058 non

107 3081 172 3110 tam
195 3077 306 3108 insano
332 3076 483 3116 flagrabat
500 3086 608 3108 amore
619 3101 627 3114 ,
643 3086 740 3117 quam
756 3079 830 3116 Leo,
854 3086 913 3109 nec
929 3077 1004 3108 13153
1019 3077 1152 3109 crimina

107 3129 258 3162 adversus
273 3136 466 3168 possessores
482 3127 797 3167 comminiscebatur-3
819 3138 877 3160 nec
894 3130 999 3159 tamen
1016 3129 1057 3160 ab
1074 3129 1152 3160 vitio

108 3182 168 3214 1510
188 3189 316 3222 prorsus
335 3179 488 3210 immunis
501 3180 578 3210 erat.
599 3180 744 3211 ι1311151111
765 3180 848 3211 illius
863 3180 996 3219 imperio
1015 3181 1151 3212 Romani

108 3233 214 3272 quiete
231 3232 336 3263 vivere
352 3230 539 3271 potuissent,
560 3230 618 3262 nisi
638 3230 860 3269 Sebastianus,
878 3233 947 3262 tum
966 3231 997 3262 in
1012 3232 1085 3262 aula
1098 3240 1152 3271 po-

108 3284 320 3322 tentissimus,
343 3281 499 3314 arbitratu
521 3291 578 3313 suo
596 3282 712 3321 quovis
737 3291 810 3313 eum
828 3282 1023 3322 impulisset,
1044 3282 1152 3314 omnia

109 3337 244 3369 velutin
265 3336 333 3367 soro
361 3343 561 3374 cauponans,
579 3342 638 3365 nec
664 3334 840 3374 quidquam
863 3334 895 3365 in
917 3335 989 3365 aula
1007 3337 1152 3367 Caesarea

109 3390 176 3421 sine
187 3388 287 3430 pretio
299 3387 413 3418 confici
427 3387 543 3418 sinens.
562 3386 622 3417 Sed
639 3395 750 3417 omnes
767 3386 968 3426 magistratus
982 3387 1150 3426 vendebat,

111 3442 211 3482 pretio
230 3440 344 3481 partim
358 3439 417 3471 sibi
435 3440 594 3470 reservato
606 3463 614 3478 ,
633 3438 750 3478 partim
769 3447 843 3469 cum
859 3438 1047 3480 imperatore
1066 3448 1150 3471 com·

837 237 876 275 M
880 237 911 275 A
918 237 1031 276 LCHI
1066 236 1525 281 PHILADELPHENSIS

1213 324 1343 373 πηλος,
1363 326 1466 371 αὐτὸς
1491 326 1622 375 ταύτην
1645 327 1761 379 ὀλίγου
1786 328 1871 382 παρ’
1898 329 2026 368 ἐκείνου
2044 330 2251 382 λαμὸάνων,

1215 381 1331 427 ἄλλοις
1350 390 1499 438 παρεῖχε
1517 389 1576 424 τοῦ
1599 386 1753 430 πλείονος
1765 415 1776 437 ,
1795 386 1928 434 Ζήνωνι
1949 387 1984 426 δὲ
2003 387 2047 426 τὰ
2066 388 2253 440 κλέμματα

1213 438 1392 492 παρέχων.

1266 499 1399 546 Ζήνων,
1419 499 1578 552 βασιλεὺς
1592 500 1795 552 “Ρωμαίων.
1809 501 1877 545 ⁶0<
1892 502 2038 550 Ζήνωνα
2057 503 2115 542 τὸν
2131 506 2254 544 ἑαυτοῦ

1214 556 1285 595 υἱὸν
1324 558 1484 610 διάδοχον
1524 560 1800 609 καταλιμπάνειν
1839 561 1946 598 θέλων
1988 562 2113 614 κομιδῇ
2163 562 2254 613 νέον,

1213 615 1346 666 προῆγέ
1371 632 1407 654 τε
1439 616 1481 654 δι’
1513 616 1628 665 ἀξιῶν,
1649 617 1708 656 καὶ
1739 623 2000 669 σωμασκεῖσθαι
2027 620 2180 659 ἐκέλευεν
2209 623 2256 663 εἷς

1214 674 1364 712 ἐπίδοσιν
1381 678 1442 721 τῆς
1459 676 1607 722 ἡλικίας.
1635 677 1680 715 Οἱ
1701 677 1735 714 δὲ
1758 677 1930 729 βασιλικοὶ
1951 681 1984 716 ἐν
2006 677 2141 731 ἐξουσίᾳ
2157 679 2254 730 γενό-

1215 747 1310 780 μενοι
1337 737 1396 771 τοῦ
1417 732 1524 779 ἄδδην
1546 732 1589 771 τὰ
1619 734 1769 784 δημόσια
1796 735 2078 787 καταναλίσκειν,
2109 737 2254 789 συὸαρι·

1212 793 1315 833 τικῶς
1345 790 1402 828 τὸν
1442 790 1512 828 νέον
1553 793 1752 843 κραιπαλᾶν
1785 791 1947 844 ἐνήργουν
1978 795 2120 845 (ἐνῆγον
2149 795 2252 843 conj.

1213 850 1351 885 Bernh.
1368 849 1404 898 ),
1435 864 1495 887 και
1527 849 1822 901 μαστροπεύοντες
1854 853 1948 889 αὐτῶ
1978 851 2056 896 τους
2089 852 2256 899 συνήὸους

1215 905 1300 957 πρὸς
1333 905 1410 950 τοὺς
1439 909 1506 944 τῶν
1539 907 1690 967 ἀρρένων
1723 907 1852 960 ἔρωτας
1882 911 2014 947 λυσσᾶν
2045 910 2256 949 ἐπαίδευσαν

1214 964 1382 1008 ἐκτόπως.
1405 965 1550 1012 Διαίτης
1569 968 1626 1003 οὖν
1647 967 1682 1004 ἐν
1707 967 1846 1013 ἡδοναῖς
1872 967 1932 1005 καὶ
1950 967 2050 1021 τύφῳ
2078 968 2257 1019 τιθευένης

1213 1037 1252 1060 το
1266 1023 1372 1061 καλὸν
1391 1023 1468 1068 ἐθὰς
1484 1024 1684 1075 γενόμενος,
1696 1025 1755 1063 καὶ
1769 1024 1832 1072 τὴν
1851 1026 2112 1078 υποτυφομένην
2129 1029 2258 1072 ἀλαζο-

1213 1081 1305 1119 νείαν
1325 1081 1382 1119 ἐπὶ
1408 1085 1451 1135 τῇ
1474 1084 1638 1136 βασιλικῇ
1659 1083 1851 1136 καραδοκία
1881 1083 1937 1122 διὰ
1964 1087 2031 1122 τῶν
2059 1085 2256 1138 προσώπων

1214 1140 1455 1192 ἀπεμφαίνων,
1477 1142 1679 1194 ἀκροὸατεῖν
1700 1157 1736 1179 τε
1765 1141 1895 1194 ἤρξατο
1921 1142 1980 1180 καὶ
2010 1143 2181 1196 μετέωρον
2199 1143 2258 1182 τὸν

1214 1198 1347 1251 αὐχένα
1368 1198 1474 1251 αἴρειν
1492 1200 1570 1247 καὶ,
1587 1200 1787 1248 συλλήὸδην
1808 1201 1933 1252 φάναι,
1951 1202 2133 1254 προσέχειν
2150 1209 2257 1241 πᾶσιν

1214 1259 1260 1301 ὡς
1277 1257 1425 1302 οἰκέταις
1442 1258 1644 1311 ἀνθρώποις.
1666 1259 1756 1296 Ἀλλ’
1776 1261 1793 1296 6
1812 1258 1952 1297 πάντων
1974 1259 2094 1312 ἔφορος
2110 1259 2172 1308 τὴν
2184 1277 2256 1315 φυ-

1214 1316 1315 1362 σικὴν
1337 1317 1395 1355 καὶ
1416 1316 1580 1364 διδακτὴν
1598 1317 1777 1363 κακότητα
1795 1319 1900 1356 αὐτοῦ
1916 1318 2142 1368 τεθεαμένος,
2159 1321 2256 1372 διαρ-

1215 1374 1386 1426 ρεύσαντα
1403 1378 1446 1428 τῇ
1465 1376 1587 1427 γαστρὶ
1604 1375 1663 1414 καὶ
1678 1375 1893 1423 ἀναισθήτως
1908 1377 1964 1414 ἐπὶ
1980 1376 2111 1421 πολλὰς
2126 1377 2259 1431 ἡμέρας

1214 1434 1247 1476 ἐς
1265 1432 1327 1479 τὴν
1353 1432 1451 1480 εὐνὴν
1472 1436 1741 1481 ἀποπατοῧντα,
1765 1434 1921 1487 πρόωρον
1943 1437 2010 1472 τῶν
2034 1436 2258 1487 ἀνθρωπείων

1213 1491 1415 1530 ἐδικαίωσεν
1445 1492 1603 1538 ἐκὸἧναι.
1634 1494 1691 1531 Cf.
1713 1495 1814 1531 idem
1841 1508 1904 1531 vv.
1936 1491 2063 1542 Ἄδην,
2094 1496 2258 1548 Μαστρο-

1211 1550 1386 1602 πεύοντες,
1408 1551 1603 1598 Διαίταις.]

1265 1613 1354 1648 Haec
1382 1625 1402 1648 0
1424 1613 1564 1647 Malchi
1596 1614 1686 1648 Exc.
1710 1613 1905 1649 Constant.
1928 1611 2078 1649 fluxisse
2100 1613 2259 1650 dubium

1211 1682 1291 1705 non
1321 1678 1390 1708 est.
1425 1670 1520 1708 Cum
1549 1672 1594 1706 iis
1626 1683 1708 1719 quae
1736 1673 1862 1720 primo
1892 1673 1980 1708 loco
2005 1673 2182 1720 leguntur
2206 1672 2256 1709 cf.

1213 1728 1347 1764 Suidas
1362 1741 1399 1764 V.
1414 1726 1549 1773 Ἐξηλ
1558 1730 1601 1764 θε
1611 1742 1628 1764 ν
1639 1756 1649 1773 ,
1666 1726 1784 1774 ἐξέὲη,
1801 1727 2010 1776 ἐτελέσθη.«
2022 1727 2108 1767 ‘'Oi-t
2123 1728 2259 1775 Ζηνωνι

1212 1786 1295 1836 παρ’
1317 1785 1359 1832 ἣν
1379 1789 1451 1837 εἶχε
1471 1784 1526 1822 36³
1513 1800 1584 1832 αν,
1602 1784 1719 1832 ἐξῆλθε
1736 1786 1774 1823 τὸ
1795 1786 1990 1837 μάντευμα.
2010 1786 2100 1824 Ἀντὶ
2115 1786 2182 1839 γὰρ
2196 1803 2259 1834 της

1215 1843 1430 1895 βασιλίδοςε
1413 1859 1458 1886 ως
1475 1859 1562 1895 ῳετο
1578 1843 1733 1891 πόλεως,
1753 1846 1799 1888 εἷς
1818 1844 1920 1896 λόφον
1946 1844 2203 1895 συγκλεισθέντι
2218 1844 2259 1883 τὸ

1213 1902 1308 1954 αὐτῷ
1321 1900 1428 1951 ὄνομα
1438 1900 1552 1952 ἔχοντι
1564 1901 1691 1948 συνέὸη
1700 1901 1739 1940 τὸ
1749 1902 1856 1954 πέρας
1867 1906 1925 1940 τοῦ
1937 1901 2028 1954 βίου.
2039 1920 2055 1936 a>
2063 1905 2259 1940 Postrema

1214 1972 1332 2009 quum
1370 1962 1418 1997 ab
1456 1962 1620 1997 historia
1658 1975 1814 2011 prorsus
1849 1963 2046 2007 aberrent,
2078 1970 2259 2010 corrupta

1212 2020 1352 2056 habeo.
1386 2019 1584 2068 Corrigam
1603 2033 1650 2056 ex
1664 2029 1795 2056 nostro
1811 2021 1900 2057 loco
1919 2018 1958 2057 τὸ
1973 2017 2080 2070 πέρας
2096 2022 2155 2056 τοῦ
2169 2018 2259 2058 Ἰου-

1211 2075 1303 2115 λίου.
1324 2079 1381 2114 De
1400 2080 1551 2114 Zenone
1568 2079 1607 2113 in
1625 2079 1770 2114 Isauria
1788 2079 1939 2114 obsesso
1956 2091 1992 2116 V.
2011 2079 2259 2127 Theophanes

1212 2149 1253 2185 p.
1277 2136 1350 2172 186
1369 2136 1430 2172 ed.
1445 2137 1583 2182 Bonn.;
1601 2137 1786 2185 Euagrius
1798 2137 1875 2182 ΙΙΙ,
1893 2137 1937 2186 33
1957 2137 2171 2172 Tillemont.
2184 2138 2234 2174 VI
2245 2163 2257 2182 ‚

1214 2254 1388 2284 municato.
1413 2253 1533 2290 Quodsi
1553 2253 1624 2293 quis
1641 2254 1842 2291 accessisset,
1860 2252 1916 2293 (1111
1942 2252 2086 2293 paullum
2105 2252 2258 2293 quiddam

1213 2304 1377 2345 adjiceret,
1392 2305 1418 2336 is
1431 2305 1543 2337 ceteris
1558 2305 1796 2345 praeferebatur.
1814 2308 1849 2337 In
1863 2305 1937 2336 31113
1947 2305 2084 2344 denique
2097 2305 2175 2336 nibil
2188 2306 2258 2336 erat

1214 2365 1322 2388 rerum
1331 2357 1475 2388 omnium
1486 2381 1494 2396 ,
1509 2357 1597 2397 quod
1610 2357 1666 2397 ipsi
1678 2357 1786 2388 venale
1800 2365 1863 2388 non
1877 2358 1970 2388 esset.
1986 2356 2018 2388 Si
2029 2356 2082 2387 cui
2095 2365 2172 2387 vero
2185 2365 2259 2388 suo-

1215 2418 1286 2440 rum
1303 2409 1507 2440 familiarium
1522 2412 1607 2441 Zeno
1623 2410 1828 2448 contulisset,
1851 2409 1917 2449 ipse
1942 2412 2094 2449 tanquam
2115 2407 2258 2448 publico-

1214 2470 1286 2492 rum
1301 2470 1471 2492 mnnerum
1482 2454 1679 2493 nundinator
1692 2461 1733 2492 ab
1748 2461 1802 2492 illo
1816 2460 2015 2500 redemptum
2026 2459 2141 2499 exiguo
2156 2459 2258 2500 pretio

1212 2512 1313 2551 pluris
1330 2512 1488 2544 vendebat
1504 2513 1584 2550 aliis,
1601 2513 1719 2544 Zenoni
1737 2513 1822 2544 111113
1841 2512 1996 2552 praebens.

1254 2565 1338 2594 Zeno
1353 2587 1361 2602 ,
1381 2565 1600 2595 Romanorum
1627 2564 1811 2604 imperator,
1833 2565 1993 2595 Zenonem
2022 2570 2118 2594 suum
2140 2561 2257 2600 11Ιί11111,

1213 2614 1387 2645 admodum
1407 2614 1640 2646 adolescentem
1652 2639 1660 2652 ‚
1680 2615 1804 2655 imperii
1836 2622 2051 2646 successorem
2078 2613 2259 2653 relinquero

1212 2667 1354 2707 cupiens,
1372 2676 1427 2708 per
1449 2668 1550 2699 varias
1561 2668 1728 2707 dignitates
1745 2667 1903 2708 provexit,
1920 2667 1952 2698 01
1968 2675 2085 2706 corpus
2108 2674 2259 2698 exercere

1209 2719 1303 2759 jussit
1315 2719 1355 2750 ad
1379 2720 1613 2750 incrementum
1633 2720 1775 2750 staturae.
1798 2718 1859 2750 Sed
1878 2717 1995 2757 aulici,
2012 2717 2097 2749 nacti
2117 2718 2258 2757 potesta·

1212 2773 1276 2802 tem
1290 2771 1434 2810 pecuniae
1454 2770 1589 2810 publicae
1603 2770 1682 2801 luxu
1702 2770 1870 2810 perdendae
1881 2794 1890 2809 ,
1904 2769 2137 2801 adolescentem
2150 2769 2182 2800 in
2195 2770 2256 2808 Sy-

1212 2823 1379 2855 bariticam
1393 2823 1559 2862 crapulam
1575 2823 1790 2863 impulerunt,
1813 2831 1979 2862 (piumque
1999 2822 2152 2854 lenonum
2167 2829 2258 2854 more

1212 2884 1326 2915 pueros
1350 2874 1492 2915 aequales
1526 2874 1584 2914 ipsi
1612 2873 1835 2912 conciliarent,
1860 2873 1970 2904 insano
1988 2873 2126 2903 marium
2148 2881 2258 2905 amore

1211 2928 1354 2959 animum
1373 2928 1441 2966 01115
1457 2926 1651 2958 111111110111111.
1668 2927 1778 2966 ltaque
1795 2926 1870 2957 vitae
1885 2933 2086 2964 assuescens,
2101 2934 2174 2965 quae
2187 2925 2258 2965 pul·

1212 2979 1325 3011 ebrum
1340 2968 1374 3010 in
1393 2979 1558 3019 voluptate
1570 2979 1601 3009 et
1611 2977 1756 3018 superbia
1772 2977 1956 3017 reponeret,
1974 2978 2005 3007 et
2022 2977 2254 3016 arrogantiam,

1211 3040 1309 3071 quam
1323 3031 1365 3062 ob
1382 3031 1650 3070 exspectationem
1662 3029 1784 3069 imperii
1804 3028 1910 3059 animo
1925 3027 2065 3067 fovebat,
2081 3027 2174 3058 vultu
2189 3037 2255 3067 prae

1210 3092 1244 3114 se
1261 3083 1382 3122 1010115,
1397 3081 1531 3122 superbe
1547 3080 1710 3119 incedere,
1725 3082 1755 3110 et
1763 3080 1933 3110 sublimem
1947 3079 2105 3110 cervicem
2116 3079 2254 3120 erigere,

1211 3136 1254 3174 01,
1272 3134 1460 3166 utbreviter
1476 3133 1600 3171 dicam,
1615 3140 1726 3162 01111105
1744 3140 1909 3162 servorum
1930 3130 1998 3161 loco
2014 3130 2131 3162 babere
2146 3130 2253 3170 coepit.

1212 3185 1273 3218 Sed
1285 3186 1336 3217 ille
1345 3186 1488 3216 omnium
1499 3183 1612 3215 vindex
1625 3182 1861 3223 improbitatem
1870 3181 1950 3222 eJus,
1961 3183 2025 3213 tam
2035 3183 2148 3213 natura
2157 3190 2253 3222 quam

1211 3239 1378 3278 disciplina
1395 3238 1540 3276 haustam
1552 3260 1560 3276 ,
1578 3236 1780 3276 perspiciens,
1794 3243 1894 3275 quum
1906 3235 2024 3265 ventris
2035 3233 2191 3274 profluvio
2207 3234 2252 3266 la-

1211 3290 1353 3322 borasset
1367 3291 1398 3321 et
1424 3298 1479 3329 per
1493 3289 1560 3319 dies
1578 3288 1695 3318 multos
1713 3287 1781 3318 51110
1808 3295 1903 3317 5011511
1923 3285 2042 3317 lectum
2067 3293 2253 3317 excremen-

1211 3342 1252 3374 tis
1271 3342 1337 3373 suis
1354 3341 1566 3382 inquinasset,
1589 3340 1797 3371 immaturum
1816 3337 1910 3370 rebus
1930 3337 2076 3369 numanis
2098 3337 2253 3370 excedere

1208 3394 1313 3435 jussit.
