2326 3724
106 199 176 230 162

100 278 311 329 φαντασίας,
331 278 514 331 ἐρημάζων
541 278 646 317 ε’νίοτε
664 279 724 317 καὶ
739 280 809 323 τοῖς
831 279 951 332 τάφοις
977 281 1142 333 ἐνδιατρί-

101 335 122 372 ῥ’
124 351 181 373 ων
198 339 310 380 Οὗτος
323 336 526 388 νειμάμενος
540 336 604 384 τὴν
620 337 740 375 οὐσίαν
758 340 807 375 τῶ
822 339 983 391 ἀδελφῷ,
1003 340 1062 378 καὶ
1079 340 1142 387 τὴν

100 393 234 432 ἐλάττω
252 400 375 447 μοῖραν
390 395 564 446 ἑλόμενος,
587 401 656 439 τοῖς·
672 400 964 449 γυμνοσοφισταῖς
984 397 1142 448 συνέμιςε

101 452 159 490 καὶ
177 454 223 497 εἷς
234 452 360 493 Ἰνδίαν
373 454 487 507 ἀπ’ἥρε
501 454 560 492 καὶ
574 454 771 493 Αἰθιοπίαν.
784 454 917 494 Ἐλθὼν
931 456 1102 506 (ἀνελθὼν
1114 457 1140 510 ἲ)

99 511 134 550 δὲ
162 513 395 552 ταπεινότατα
422 514 557 565 δι’ἧγεν,
578 513 640 552 ἅτε
671 512 734 561 τὴν
756 520 873 553 πᾶσαν
895 515 1014 554 οὐσίαν
1033 531 1141 554 κατοι-

98 571 286 619 ναλωκὼς,
310 572 472 626 ἐτρέφετό
492 588 528 610 τε
547 571 602 610 διὰ
621 570 684 619 τὴν
709 572 857 624 ἀπορίαν
879 573 1021 620 ὑπὸτῆς
1041 575 1142 613 ἀδελ-

97 644 163 681 φης
186 630 230 680 (l.
246 633 306 668 τοῦ
326 632 495 684 ἀδελφοῦ)
513 630 697 680 Δαμάσου.
719 630 784 675 “Ως
809 630 844 669 δὲ
863 631 1038 684 προειπὼν
1059 632 1137 671 τινὰ

97 689 165 725 τῶν
194 688 390 738 μελλόντων
410 689 662 736 ηὐδοκίμησεν,
682 688 795 727 ἐνθέου
824 689 921 737 δόξης
947 689 1045 751 παρὰ
1072 691 1141 735 τοῖς

95 745 270 789 πλείστοις
296 749 339 794 ἧς
322 747 439 794 ἰώθη.
469 747 606 786 Ἐδόκει
625 748 660 785 δε
689 749 802 799 αὐτῶ,
825 747 935 820 ἀρχὰς
960 752 1047 786 εἰναι
1071 751 1140 787 τῶν

97 801 219 841 ὅλων’
200 803 371 855 οιτόμους,
386 805 446 844 καὶ
460 821 575 856 κενον,
592 805 636 843 τὰ
653 805 681 843 δ’
701 805 791 843 ἄλλα
809 806 926 844 πάντα
941 806 1140 857 νενομίσθαι

97 862 106 909 (
121 860 317 907 δοξάζεσθαι
335 867 383 903 D.
399 864 429 914 )·
453 835 615 914 ἀπείρους
632 879 670 901 τε
690 857 777 901 εἶναι
796 862 966 913 κόσμους,
984 863 1044 902 καὶ
1059 880 1135 936 γεν-

95 919 218 965 νητοὺς
233 921 293 959 καὶ
319 920 508 974 φθαρτους,
527 921 634 971 μηδέν
659 937 695 959 τε
716 923 754 960 ἐκ
773 937 835 960 του
862 920 951 971 μὴ’
931 937 1025 965 οντος
1043 923 1137 974 γίνε-

95 981 193 1028 σθαι,
216 977 305 1029 μηδὲ
325 981 372 1023 εἷς
396 979 435 1017 τὸ
451 979 539 1027 μὴ
522 995 558 1017 ον
579 979 789 1032 φθείρεσθαι.
813 979 886 1018 Καὶ
903 978 964 1022 τὰς
987 980 1138 1029 ἀτόμους

95 1035 257 1088 ἀπείρους
285 1041 373 1075 εἶναι
400 1036 491 1075 κατὰ
522 1038 664 1088 μέγεθος
692 1036 751 1075 καὶ
785 1038 938 1086 πλῆθος,
976 1037 1138 1090 φέρεσθαι

96 1093 125 1130 δ’
145 1095 179 1132 ἐν
199 1097 248 1148 τῷ
268 1093 339 1148 ὅλῳ
366 1096 582 1146 δινουμένας·
605 1095 664 1134 καὶ
684 1094 775 1134 οὕτω
794 1094 910 1156 πάντυα
929 1094 974 1133 τὰ
991 1095 1137 1149 συγκρί-

94 1166 190 1198 ματα
221 1159 343 1203 γεννᾶν
375 1157 461 1206 πῦρ,
492 1152 596 1205 ύδωρ,
619 1152 729 1206 ἀέρα,
750 1169 835 1205 γην·
863 1157 951 1192 εἶναι
982 1153 1049 1207 γὰρ
1076 1155 1135 1193 καὶ

91 1213 203 1247 ταῦτα
219 1209 253 1254 ἐξ
274 1211 414 1261 ἀτόμων
431 1213 532 1249 τινῶν
553 1211 783 1262 συστήματα,
803 1211 893 1265 ἅπερ
910 1215 999 1250 εἰναι
1017 1214 1136 1261 ἀπαθῆ

88 1268 151 1305 καὶ
168 1270 385 1308 ἀναλλοίωτα
403 1269 460 1308 διὰ
480 1270 543 1316 τὴν
567 1270 795 1323 στερρότητα.
816 1271 887 1310 Ἱόν
910 1287 947 1309 τε
964 1271 1060 1318 ἥλιον
1077 1288 1137 1310 και

86 1326 154 1374 >τὴν
169 1329 348 1377 σεληνην’
334 1346 373 1368 εκ
388 1330 552 1369 τοιούτων
568 1333 610 1369 δι’
624 1335 671 1369 ὡν
690 1332 735 1382 (l.
754 1332 855 1369 δινων
867 1334 1019 1382 Steph.;
1035 1333 1136 1371 λείων

87 1389 242 1437 Menag.
259 1387 269 1438 )
303 1388 366 1427 καὶ
400 1392 593 1442 περιφερῶν
630 1391 742 1440 ὄγκων
776 1391 1040 1463 συγκεκρίσθαι,
1077 1393 1137 1430 καὶ

93 1443 156 1491 τὴν
184 1445 300 1498 ψυχὴν
321 1446 468 1496 ὁμοίως,
491 1448 533 1494 ἣν
562 1448 622 1486 καὶ
648 1452 725 1486 νοῦν
743 1448 866 1486 ταύτὸν
895 1453 993 1487 εἰναι.
1019 1452 1129 1501 Ὅρᾶν

91 1504 120 1540 δ’
137 1506 230 1553 ἡμᾶς
244 1504 320 1542 κατ’
341 1505 523 1543 εἷδώλων’
509 1506 728 1556 εμπτώσεις,
744 1506 860 1544 πάντα
876 1523 912 1545 τε
929 1510 1008 1545 κατ’
1026 1508 1135 1559 ἀνάγ-

78 1577 155 1607 4κην
186 1561 358 1613 γίνεσθαι,
387 1566 450 1610 τῆς
482 1565 576 1611 δίνης
609 1564 722 1608 αἰτίας
750 1564 855 1612 οὔσης
882 1568 944 1612 τῆς
970 1565 1136 1616 γενέσεως

80 1619 248 1668 ιπάντων,
274 1621 316 1668 ἣν
335 1621 492 1673 ἀνάγκην
511 1622 618 1674 λέγει.
648 1623 794 1667 Ἱελος
777 1626 807 1661 ο’
830 1617 918 1662 εἶναι
937 1622 1001 1670 τὴν
1030 1626 1134 1662 εὐθυ-

78 1678 193 1728 μίαν,
214 1681 252 1718 οὔ
270 1680 333 1726 τὴν
363 1679 470 1727 αὐτὴν
498 1684 603 1719 οὖσαν
632 1684 676 1734 τῇ
697 1682 864 1733 ηδονῇ,ε
846 1698 892 1726 ως
911 1681 993 1720 ἔνιοι
1011 1698 1134 1735 παρα-

89 1736 272 1782 κούσαντες
294 1738 344 1783 ἐξε
331 1738 486 1783 εδέξαντο
508 1739 747 1791 (εξηγήσαντο
766 1743 816 1779 D.
831 1741 862 1791 ),
884 1739 975 1778 ἀλλὰ
994 1743 1071 1779 καθ’
1091 1742 1133 1789 ἣν

88 1797 248 1844 γαληνῶς
274 1797 334 1835 καὶ
363 1799 536 1841 εὐσταθῶς
557 1802 579 1845 ἡ
607 1798 704 1851 ψυχὴ
734 1798 863 1850 διάγει,
897 1799 963 1837 ὑπὸ
984 1799 1130 1850 μηδενὸς

90 1855 335 1906 ταραττομένη
363 1855 471 1908 φόὸου
498 1855 520 1903 ἢ
542 1857 832 1907 δεισιδαιμονίας,
863 1855 886 1903 ἢ
913 1858 1021 1896 ἄλλου
1042 1858 1133 1902 τινὸς

86 1912 230 1956 πάθους.
247 1915 360 1952 Καλεῖ
377 1914 412 1952 δὲ
427 1913 535 1961 αὐτὴν
552 1914 611 1952 καὶ
625 1914 754 1953 εὐεστὼ
769 1914 828 1953 καὶ
851 1916 991 1959 πολλοῖς
1017 1916 1134 1961 ἄλλοις

88 1970 249 2021 ὀνόμασι.
273 1972 413 2020 Ποιητὰ
434 1972 469 2011 δὲ
489 1972 621 2024 νόμιμα
638 1967 746 2022 εἶναι,
766 1973 866 2026 φύσει
886 1973 921 2012 δὲ
939 1974 1054 2026 ἄτομα
1073 1975 1132 2014 καὶ

91 2028 174 2066 κενά
191 2030 234 2081 (l.
252 2030 349 2069 κενόν
368 2045 417 2070 ex
435 2035 481 2070 D.
493 2032 520 2082 ).

141 2101 187 2126 29.
220 2089 437 2140 Διογένης
468 2092 487 2127 6
523 2089 799 2138 Ἀπολλωνιάτης
830 2090 926 2145 ἔλεγε
963 2093 1132 2144 στοιχεῖον

89 2147 214 2184 εἶναι
196 2147 305 2199 αέρα,
323 2148 475 2198 κόσμους
494 2149 656 2201 ἀπείρους
679 2149 739 2188 καὶ
765 2148 863 2187 κενὸν
884 2149 1047 2203 ἄπειρον,
1073 2150 1131 2189 τόν

88 2220 126 2243 τε
144 2204 230 2258 ἀέρα
246 2207 482 2257 πυκνούμενον
496 2207 556 2245 καὶ
578 2208 806 2261 ἀραιούμενον
823 2208 1022 2260 γεννητικὸν
1043 2213 1131 2248 εἶναι

87 2266 156 2301 τῶν
170 2263 324 2315 κόσμων.
342 2265 452 2312 Οὐδὲν
472 2267 512 2304 ἐκ
531 2281 591 2304 του
606 2266 655 2317 μὴ
675 2267 773 2311 ὄντος
796 2267 977 2319 γίνεσθαι,
991 2267 1069 2307 οὐδὲ
1085 2270 1132 2313 εἷς

88 2321 127 2358 τὸ
150 2320 198 2371 μὴ
227 2321 263 2360 ὂν
276 2323 487 2377 φθείρεσθαι.
545 2324 620 2372 Τὴν
649 2328 714 2377 γῆν
735 2325 975 2378 στρογγύλην,
997 2328 1133 2380 ἐρηρει-

87 2379 219 2428 σμένην
246 2382 282 2418 ἐν
305 2384 354 2434 τῷ
375 2382 472 2435 μέσῳ
485 2383 548 2430 τὴν
564 2384 731 2422 σύστασιν
749 2386 932 2438 εἰληφυῖαν
959 2385 1051 2424 κατὰ
1067 2385 1131 2433 τὴν

84 2438 128 2475 ἐκ
143 2441 205 2476 τοῦ
219 2422 346 2490 θερμού
366 2440 580 2494 περιφορὰν,
596 2441 657 2479 καὶ
677 2441 778 2488 πηξιν
810 2441 876 2480 υπὸ
895 2458 955 2480 του
980 2445 1129 2495 ψυχρου.

585 2553 612 2589 F

604 2580 628 2590 ,.

138 2659 187 2684 23.
212 2646 254 2685 'E
265 2662 349 2698 πἰμ
361 2648 450 2686 ενίδ
462 2665 506 2687 ου
534 2653 592 2687 τοῦ
624 2649 763 2701 Κρητὸς
786 2650 907 2701 λόγος,
946 2653 992 2694 ὡς
1028 2650 1129 2703 ἐξήρ-

87 2706 204 2753 χετοῆ
224 2704 319 2756 ψυχὴ
335 2735 344 2752 ,
363 2704 419 2743 ὅτε
438 2706 630 2755 ἠὸούλετο,
649 2708 708 2746 καὶ
729 2708 855 2747 ὁπόσον
869 2708 971 2755 ἤθελε
991 2709 1129 2760 καιρὸν,

87 2761 147 2798 καὶ
172 2762 277 2800 πάλιν
307 2763 540 2816 ἐπανήρχετο·
569 2765 841 2812 τελευτήσαντος
868 2765 903 2804 δὲ
930 2767 1061 2817 αὐτοῦ,
1088 2766 1127 2804 τὸ

87 2818 198 2870 δέρμα
219 2820 340 2872 εὑρέθη
357 2822 544 2875 γράμμασι
561 2824 806 2864 κατάστικτον.

140 2890 188 2915 24.
212 2877 222 2890 ‘
234 2881 261 2917 Ε
274 2895 292 2931 ρ
303 2895 328 2929 μ
339 2896 356 2918 ο
366 2880 468 2930 γένη
481 2898 496 2925 ς
523 2885 541 2920 ὁ
564 2882 679 2935 ῥήτωρ
693 2882 904 2930 τελευτήσας
926 2881 1121 2932 ἀνετμήθη,

954 195 1197 235 HESYCHH
1225 196 1411 236 MlLESll

1203 282 1459 325 imaginationes,
1473 286 1633 318 solitarius
1648 287 1757 319 vivens
1771 288 1803 318 et
1818 287 1851 318 in
1871 287 2023 327 sepulcris
2042 287 2156 328 degens
2176 289 2240 329 (D.

1204 343 1262 381 lX,
1283 344 1359 382 38).
1381 343 1439 388 llic
1465 344 1497 376 in
1525 344 1682 377 cernendo
1705 345 1924 378 haereditatem
1950 355 2025 378 cum
2053 347 2151 379 fratre
2185 347 2243 379 mi·

1203 409 1314 433 norem
1331 403 1508 442 portionem
1533 403 1666 444 delegit;
1686 412 1750 444 qua
1766 404 1940 436 instructus
1965 404 2090 436 Indiam
2113 405 2192 438 adiit
2209 408 2243 438 et

1204 459 1399 500 AEtliiopiam
1411 484 1420 500 ‚
1435 462 1468 493 et
1481 462 1760 503 Gymnosophistis
1775 472 1808 495 se
1822 463 1988 504 conjunxit
2003 466 2016 502 (
2028 467 2069 496 D.
2085 466 2146 505 IX,
2164 469 2203 497 35
2213 464 2240 506 ).

1204 517 1280 549 lnde
1304 526 1466 558 regressus
1494 519 1679 559 parcissime
1703 520 1804 561 vixit,
1829 521 1948 562 quippe
1969 522 2025 563 qui
2047 531 2116 554 rem
2148 531 2243 554 suam

1201 584 1329 607 omnem
1343 578 1602 618 consumpserat,
1614 579 1646 610 et
1658 580 1828 619 egestatem
1842 579 1983 612 subsidio
1998 579 2125 613 Damasi
2136 581 2242 614 fratris

1202 634 1402 666 sustentavit.
1420 634 1481 666 Ubi
1502 643 1579 667 vero
1598 636 1707 668 futura
1719 637 1867 678 quaedam
1886 638 2078 678 praedixerat
2091 648 2242 680 sequens-

1201 701 1265 732 que
1285 701 1394 724 rerum
1414 695 1554 725 eventus
1576 694 1695 726 samam
1720 695 1750 727 ei
1773 695 2019 736 conciliaverat,
2045 697 2164 729 divinis
2173 699 2242 739 jam

1202 749 1377 783 honoribus
1391 751 1505 792 dignus
1522 761 1542 783 a
1554 752 1712 794 plerisque
1723 753 1887 794 judicatus
1899 755 2027 795 est(1X
2038 779 2047 795 ,
2063 755 2137 796 39).
2158 758 2242 789 Sunt

1201 810 1310 841 autem
1334 809 1404 849 ejus
1423 810 1539 851 placita
1555 810 1628 843 haec
1651 824 1658 844 :
1683 812 1843 854 Principia
1866 813 2011 845 omnium
2033 815 2242 847 oeseatomos

1201 869 1298 907 atque
1316 867 1430 909 inane,
1448 870 1554 902 cetera
1579 871 1694 903 cuncta
1710 870 1744 903 in
1759 871 1908 912 opinione
1924 873 1985 904 sita
2001 881 2080 905 esse.
2097 873 2243 906 infinitos

1199 934 1267 958 esse
1285 926 1439 968 mundos,
1453 928 1648 968 generationi
1666 930 1698 961 et
1714 930 1908 971 corruptioni
1922 931 2089 964 obnoxios.
2102 932 2187 965 Nihil
2201 941 2242 965 ex

1200 993 1239 1016 eo
1258 985 1346 1025 quod
1359 994 1425 1018 non
1441 986 1483 1018 sit
1504 986 1590 1028 fieri,
1609 996 1715 1029 neque
1732 988 1766 1020 in
1784 989 1816 1021 id
1831 989 1919 1030 quod
1933 990 2182 1032 haudquaquam
2200 992 2244 1024 sit

1201 1043 1373 1084 corrumpi.
1390 1045 1523 1076 Atomos
1535 1046 1690 1086 praeterea
1702 1047 1734 1078 et
1749 1047 1968 1088 magnitudine
1981 1049 2014 1081 et
2026 1057 2162 1082 numero
2173 1058 2243 1082 esse

1198 1101 1344 1134 infinitas
1361 1102 1500 1143 ferrique
1514 1103 1546 1135 in
1563 1105 1633 1136 toto
1649 1113 1688 1137 ac
1713 1106 1833 1145 rotari,
1852 1107 1950 1147 atque
1965 1107 2011 1140 ita
2025 1108 2244 1142 concretiones

1197 1165 1308 1188 omnes
1323 1156 1465 1197 gignere,
1478 1158 1603 1198 ignem,
1617 1167 1734 1200 aquam
1745 1184 1754 1199 ‚
1769 1168 1876 1192 aerem
1887 1185 1897 1201 ,
1914 1162 2036 1193 terram
2054 1174 2063 1194 ι
2078 1163 2196 1204 quippe
2211 1166 2244 1198 et

1198 1210 1268 1243 haec
1290 1220 1332 1243 ex
1354 1212 1471 1244 atomis
1493 1212 1690 1252 quibusdam
1714 1215 1882 1254 constare3
1900 1223 2032 1256 esseque
2054 1217 2190 1257 passioni
2211 1220 2244 1251 et

1197 1264 1414 1298 immutationi
1428 1266 1469 1298 ob
1485 1266 1672 1299 firmitatem
1685 1276 1724 1299 ac
1736 1268 1928 1301 soliditatem
1944 1270 2076 1302 minime
2091 1271 2242 1304 obnoxia.

1197 1321 1302 1353 Solem
1320 1321 1399 1353 item
1414 1322 1446 1353 et
1461 1321 1572 1353 lunam
1598 1331 1637 1355 ex
1664 1322 1848 1362 hujusmodi
1871 1323 2009 1357 laevibus
2037 1333 2076 1358 ac
2096 1326 2245 1360 rotundis

1196 1375 1309 1407 massis
1322 1384 1391 1407 esse
1406 1376 1636 1416 compositam,
1650 1377 1857 1419 animamque
1871 1378 2028 1420 similiter,
2041 1389 2141 1421 quam
2156 1381 2242 1415 idem

1196 1440 1264 1463 esse
1276 1431 1363 1471 quod
1377 1433 1517 1463 mentem
1531 1431 1619 1463 dicit.
1645 1434 1784 1465 Cernere
1797 1442 1856 1465 nos
1872 1433 2087 1468 incidentibus
2099 1435 2133 1468 in
2146 1437 2244 1469 obtu-

1195 1490 1248 1520 tus
1266 1489 1392 1521 nostros
1419 1497 1527 1520 rerum
1546 1489 1747 1530 imaginibus.
1769 1492 1962 1532 cunctaque
1980 1492 2159 1525 secundum
2185 1502 2243 1526 ne-

1195 1543 1374 1576 cessitatem
1402 1544 1470 1576 fieri
1482 1568 1491 1584 ,
1529 1553 1630 1585 quum
1665 1545 1706 1577 sit
1741 1547 1864 1586 vertigo
1899 1555 1996 1579 causa
2033 1549 2245 1588 generationis

1195 1598 1351 1637 omnium,
1365 1607 1463 1638 quam
1476 1598 1698 1631 necessitatem
1710 1598 1801 1631 dicit.
1816 1600 1928 1632 Finem
1946 1609 2023 1633 vero
2036 1610 2104 1634 esse
2117 1605 2243 1636 rectum

1196 1653 1405 1694 quietumque
1422 1654 1518 1686 animi
1534 1655 1672 1695 statum,
1687 1664 1786 1696 quam
1803 1656 1949 1698 εὐθυμίαν
1966 1659 2073 1699 vocat,
2090 1667 2164 1699 quae
2177 1669 2243 1692 non

1199 1710 1283 1742 idem
1296 1711 1338 1742 sit
1351 1710 1438 1751 quod
1451 1711 1600 1751 voluptas
1610 1735 1619 1750 ,
1635 1712 1673 1743 ut
1685 1711 1818 1752 quidam
1834 1713 1918 1744 male
1931 1713 2143 1754 intelligentes
2155 1724 2244 1749 acce-

1195 1766 1323 1805 perunt,
1334 1774 1447 1796 verum
1458 1765 1632 1796 secundum
1645 1774 1742 1806 quam
1753 1765 1877 1797 animus
1887 1775 2002 1807 magna
2014 1769 2244 1809 tranquillitate

1199 1820 1445 1860 constantiaque
1457 1819 1571 1852 beatus
1587 1821 1634 1852 est
1643 1843 1652 1859 ,
1665 1819 1744 1851 dum
1757 1820 1847 1852 nullo
1864 1821 1952 1852 metu
1964 1844 1973 1860 ,
1987 1821 2076 1853 nulla
2088 1825 2242 1863 supersti-

1195 1875 1283 1907 tione
1299 1876 1355 1907 aut
1371 1875 1432 1907 alia
1444 1875 1557 1915 quavis
1576 1875 1815 1915 perturbatione
1829 1875 1978 1916 agitatur.
2005 1876 2147 1909 Eandem
2165 1887 2242 1912 vero

1195 1932 1229 1964 et
1249 1932 1366 1963 εὐεστὼ
1382 1930 1522 1972 appellat
1534 1931 1815 1972 compluribusque
1832 1931 1902 1963 aliis
1917 1932 2111 1966 nominibus.
2132 1936 2152 1966 J
2156 1943 2192 1967 us
2210 1937 2243 1969 et

1193 1988 1239 2020 ias
1254 1987 1295 2019 ab
1319 1986 1502 2019 hominibus
1518 1986 1638 2019 sactum
1651 2011 1660 2027 ,
1682 1988 1797 2019 natura
1814 1995 1891 2019 vero
1909 1996 1978 2020 esse
1998 1990 2125 2022 atomos
2142 1991 2242 2032 atque

1193 2044 1288 2075 inane
1304 2043 1422 2084 (Dioq.
1443 2045 1505 2082 IX,
1520 2045 1573 2075 44.
1593 2045 1633 2075 45
1643 2043 1669 2082 ).

1234 2104 1284 2132 22.
1303 2101 1463 2140 Diogenes
1477 2099 1692 2140 Apolloniates
1712 2098 1794 2131 dixit
1805 2099 2002 2132 elementum
2016 2096 2094 2134 esse
2111 2109 2218 2135 aerem
2229 2127 2240 2144 ‚

1193 2149 1329 2181 mundos
1355 2149 1497 2181 infinitos
1518 2152 1551 2181 et
1568 2149 1662 2181 inane
1684 2149 1845 2181 infinitum
1862 2161 1870 2181 ι
1885 2149 2121 2192 densatumque
2133 2161 2240 2185 aerem

1192 2209 1231 2232 ac
1255 2202 1469 2232 rarescentem
1494 2199 1632 2231 mundos
1653 2199 1780 2240 gignere
1804 2211 1813 2231 ε
1838 2199 1917 2231 nibil
1940 2208 1982 2232 ex
2006 2209 2044 2233 eo
2065 2201 2155 2242 quod
2175 2211 2240 2236 non

1190 2249 1232 2282 sit
1257 2250 1326 2282 fieri
1347 2258 1452 2290 neque
1470 2249 1503 2281 in
1521 2249 1553 2281 id
1577 2249 1665 2290 quod
1683 2257 1747 2280 non
1768 2248 1809 2281 sit
1829 2249 1989 2289 corrumpi
2005 2259 2014 2280 ε
2029 2254 2148 2282 terram
2171 2260 2241 2284 esse

1192 2299 1363 2332 rotundam
1381 2302 1478 2341 atque
1506 2300 1539 2332 in
1565 2299 1670 2331 medio
1692 2299 1841 2338 infixam,
1857 2308 1994 2340 eamque
2015 2300 2133 2341 cepisse
2154 2310 2238 2334 com-

1193 2358 1305 2390 pagem
1326 2350 1503 2382 secundum
1525 2350 1613 2382 illam
1642 2358 1717 2390 quae
1743 2358 1784 2382 ex
1807 2349 1911 2381 calido
1938 2351 1987 2382 est
2010 2350 2238 2384 circumferen-

1191 2401 1288 2440 tiam,
1319 2409 1360 2433 ex
1387 2401 1501 2442 frigido
1528 2401 1763 2434 concretionem
1797 2409 1836 2432 ac
1859 2400 2053 2434 soliditatem
2079 2403 2238 2445 accepisse

1192 2451 1203 2491 (
1218 2454 1259 2484 D.
1278 2453 1340 2491 IX,
1354 2452 1427 2490 57).

1689 2557 1734 2595 E.

1235 2657 1284 2685 23.
1314 2653 1530 2693 Epimenidis
1559 2653 1719 2685 Cretensis
1743 2653 1849 2685 anima
1864 2654 2012 2686 narratur
2033 2662 2165 2696 corpore
2182 2663 2236 2688 ex-

1191 2712 1339 2752 cessisse,
1363 2711 1493 2752 quando
1513 2713 1545 2743 et
1568 2711 1722 2752 quamdin
1740 2711 1807 2752 ipse
1828 2713 1998 2752 voluisset,
2013 2714 2047 2745 et
2068 2713 2175 2745 denuo
2186 2723 2235 2747 re-

1191 2779 1282 2803 versa
1305 2779 1372 2803 esse
1395 2784 1403 2802 ι
1423 2770 1542 2802 mortui
1566 2770 1683 2810 pellem
1709 2770 1805 2802 literis
1821 2772 1964 2803 notatam
1987 2780 2055 2804 osse
2077 2775 2235 2813 reperiam

1191 2830 1274 2861 sama
1287 2830 1344 2860 est.

1231 2890 1284 2919 24.
1307 2889 1534 2927 Hermoqenes
1549 2886 1658 2918 rhetor
1671 2887 1744 2926 post
1766 2886 1888 2918 obitum
1902 2886 2056 2919 dissectus
2068 2888 2134 2928 est,
2148 2887 2233 2928 ejus-

128 2988 147 3028 §
165 2993 216 3021 23.
234 2990 346 3022 Suidas
358 3005 365 3023 ε
379 2992 387 3003 ’

393 2993 648 3033 Επιμενίόης,
662 2994 834 3032 Φαίστου-ἣ
849 2994 1003 3026 Δοσιάδου
1025 2994 1045 3032 ἢ
1069 2993 1274 3051 Ἀγιασάρχου
1293 2992 1504 3034 (Ἀγησάρχου
1527 3001 1589 3024 em.
1608 2992 1749 3031 Bernli.)
1774 2992 1857 3031 υἱὸς,
1877 2993 1930 3024 καὶ
1955 2993 2066 3034 μητρὸς
2089 2993 2231 3050 Βλάστας

86 3035 262 3075 (Βλαίστης
276 3037 395 3070 Eudoc.
405 3038 435 3078 )‚
456 3041 537 3082 Κρὴς
563 3040 626 3072 ἀπὸ
643 3043 816 3080 Κνωσσοῦ,
841 3040 984 3077 ἐποποιός
993 3050 1002 3058 ·
1024 3040 1060 3072 οὗ
1085 3040 1175 3081 ὶόγος
1189 3042 1230 3076 ὡς
1255 3040 1326 3075 ἐξίοι
1342 3042 1362 3078 ἡ
1378 3040 1490 3080 ψυχή’
1477 3038 1592 3070 οπόσον
1606 3040 1692 3077 ἤθελε
1706 3050 1823 3080 καιρον,
1838 3040 1890 3070 καὶ
1911 3039 2004 3071 πάλιν
2017 3039 2115 3080 εἰσῄει
2137 3040 2169 3071 ἐν
2182 3042 2230 3080 τῷ

85 3083 230 3122 σώματι·
246 3085 484 3123 τελευτήσαντος
498 3088 532 3118 δὲ
553 3088 668 3126 αὐτοῦ,
682 3088 786 3141 πόρρω
802 3088 921 3129 χρόνων
936 3088 989 3126 (π.
1002 3099 1055 3129 χρ.
1078 3096 1143 3119 om.
1160 3086 1232 3118 cod.
1247 3088 1288 3118 V.
1299 3086 1362 3124 )τὸ
1377 3086 1473 3126 δέρμα
1496 3086 1640 3126 εὑρῆσθαι
1663 3085 1822 3127 γράμμασι
1841 3085 2061 3117 κατάστικτον.
2076 3087 2231 3127 Γέγονεδὲ

86 3128 137 3159 ἐπι
153 3131 206 3166 τῆς
221 3129 247 3160 λ’
264 3129 487 3170 ’0)υμπιάδος,
502 3134 542 3167 ὡς
555 3143 744 3173 προτερευειν
757 3134 811 3164 καὶ
824 3138 885 3164 τῶν
899 3133 922 3169 ζ’
934 3134 1107 3170 κληθέντων
1121 3135 1237 3173 σοφῶν,
1251 3133 1271 3169 ἢ
1285 3133 1337 3163 καὶ
1356 3132 1404 3163 ἐπ’
1419 3132 1520 3163 αὐτῶν
1534 3132 1687 3171 γενέσθαι.
1706 3131 1855 3172 Ἐκάθηρε
1842 3134 1942 3171 εγοῦν
1960 3132 2015 3167 τὰς
2029 3132 2151 3170 Ἀθήνας
2172 3135 2229 3164 τοῦ

87 3174 263 3206 Κυλωνείου
291 3175 384 3215 ἄγους
401 3177 483 3208 κατὰ
507 3179 561 3215 τὴν
586 3179 636 3219 μδ’
654 3179 725 3219 (μᾷ
743 3180 832 3219 Diog
843 3179 854 3219 )
874 3179 1084 3220 Ὀλυμπιάδα,
1108 3179 1228 3220 γεραιὸς
1244 3179 1299 3210 ὤν.
1317 3178 1454 3219 Ἔγραψε
1476 3178 1507 3209 δὲ
1526 3178 1625 3209 πολλὰ
1643 3178 1755 3214 ἐπικῶς
1773 3179 1826 3209 καὶ
1841 3178 2054 3216 καταλογάδην
2077 3178 2229 3219 μυστήρια

84 3231 156 3251 τινα
171 3221 223 3252 καὶ
245 3222 420 3262 καθαρμοὺς
433 3224 486 3254 καὶ
501 3224 579 3255 ἄλλα
601 3226 823 3266 αἰνιγματώδη.
844 3226 922 3266 Πρὸς
944 3229 1053 3257 τοῦτον
1070 3225 1179 3267 γράφει
1195 3225 1325 3256 Σόλων’
1311 3236 1328 3256 o
1342 3225 1506 3265 νομοθέτης
1517 3248 1526 3263 ,
1540 3224 1731 3265 μεμφόμενος
1748 3228 1802 3262 τῆς
1815 3225 1932 3261 πόλεως
1947 3225 2109 3266 κάθαρσιν.
2128 3225 2228 3262 Οὗτος

87 3267 193 3304 ἔζησεν
210 3265 253 3307 ρν’
272 3266 336 3308 (ρμ’
351 3268 423 3300 cod.
442 3270 502 3309 V.)
526 3270 598 3310 ἔτη,
620 3271 659 3302 τὰ
677 3272 710 3303 δὲ
734 3271 754 3307 ξ’
775 3272 838 3312 (sic
859 3280 914 3303 vv.
936 3272 989 3303 dd.
1014 3281 1072 3312 pro
1089 3281 1140 3312 vg.
1165 3271 1213 3311 ἓξ)
1230 3272 1443 3309 ἐκαθεύδησεν.
1467 3272 1528 3303 Καὶ
1551 3271 1702 3312 παροιμία
1717 3271 1767 3303 Τὸ
1785 3271 2012 3311 Ἐπιμενίδε
2021 3282 2079 3304 ιον
2103 3272 2228 3314 δέρμα

86 3313 136 3345 ἐπὶ
153 3316 214 3344 τῶν
234 3313 402 3346 ἀποθέτων.

129 3359 148 3399 §
165 3360 449 3401 24.suidas:13p
460 3372 481 3401 μ
491 3363 579 3401 ογέν
590 3374 629 3401 ης
639 3386 647 3402 ,
663 3366 818 3404 Ταρσεὺς,
833 3366 850 3395 ὁ
863 3365 991 3402 ἐπίκλην
1005 3365 1130 3406 Ξυστὴρ
1142 3388 1151 3404 ,
1165 3365 1329 3405 σοφιστής·
1345 3364 1382 3395 οὗ
1395 3364 1512 3402 ἤκουσε
1527 3365 1581 3396 καὶ
1604 3365 1785 3401 Μουσώνιος
1803 3366 1820 3396 ὁ
1835 3364 1998 3405 φιλόσοφος
2015 3364 2085 3405 [καὶ
2102 3364 2226 3419 Μάρκος

86 3405 106 3435 ὁ
120 3405 263 3446 βασιλευς
272 3405 421 3446 ].1έγονε
437 3407 468 3439 δὲ
485 3408 534 3439 ἐπὶ
548 3409 677 3450 Μάρκου
690 3413 744 3442 τοῦ
761 3411 932 3451 βασιλέως,
948 3412 1168 3452 εὐφυέστατος,
1185 3412 1237 3444 καὶ
1253 3414 1306 3449 τῆς
1322 3411 1439 3449 ἡλικίας
1456 3412 1550 3444 αὐτου
1564 3411 1752 3452 ἐνδεεστέρας
1772 3412 1970 3453 ὑπαρχούσης
1957 3412 2100 3450 ςμᾶλ)ον
2117 3412 2136 3448 ἡ
2152 3410 2222 3452 φρό-

2308 3320 2326 3348 j]
2318 3299 2323 3310 -Α
2298 3251 2326 3291 *n
2312 3219 2326 3239 ’1.
2318 3208 2321 3212 -
2310 2875 2326 3202 LQfflA-m-uffl
2315 2848 2326 2862 :a
2316 2833 2326 2841 a
