2326 3724
71 256 143 288 166

68 351 130 382 την
147 334 222 373 ὁδὸν
231 327 317 372 εἶναι
332 331 439 370 ἐπὶτὸ
456 330 566 370 κάτω.
579 330 695 370 Πάλιν
710 345 747 368 τε
767 328 875 376 αὐτὴν
883 328 946 376 τὴν
960 331 1025 380 γῆν
1032 331 1107 381 χεῖ-

69 397 164 444 σθαι,
174 392 208 437 ἐξ
223 387 263 439 ἧς
278 391 316 429 τὸ
325 390 417 442 ὕδωρ
426 390 594 442 γίνεσθαι,
609 391 647 428 ἐκ
657 389 694 427 δὲ
709 388 831 427 τούτου
842 387 888 426 τὰ
899 387 1019 435 λοιπὰ,
1033 403 1110 440 σχε-

69 451 126 489 δὸν
154 450 268 489 πάντα
289 449 347 488 ἐπὶ
364 449 426 495 τὴν
456 447 685 499 ἀναθυμίασιν
712 446 848 499 ἀνάγων
868 445 931 493 τὴν
952 447 1023 484 ἀπὸ
1046 450 1108 493 τῆς

69 509 262 556 θαλάσσης.
277 507 374 555 Αὕτη
392 507 428 546 δέ
443 510 534 546 ἐστιν
548 510 569 553 ἡ
584 506 641 544 ἐπὶ
654 506 693 543 τὸ
706 505 778 543 ἄνω
795 505 882 548 ὁδός.
903 503 1112 544 Γίνεσθαιδὲ

70 568 317 618 ἀναθυμιάσεις
330 565 399 604 ἀπό
414 581 451 603 τε
465 568 527 615 γῆς
540 564 601 603 καὶ
617 564 809 612 θαλάσσης,
824 562 862 607 ἃς
872 562 934 613 μὲν
947 561 1114 613 λαμπρὰς

70 625 130 664 καὶ
138 624 305 677 καθαρὰς,
319 624 358 668 ἃς
366 623 401 661 δὲ
411 623 602 666 σκοτεινάς
614 622 788 666 Αὔξεσθαι
797 621 832 659 δὲ
843 620 953 670 τὸμὲν
965 624 1033 673 πῦρ
1046 619 1114 657 ἀπὸ

70 686 140 722 τῶν
154 685 341 736 λαμπρῶν,
352 682 390 721 τὸ
403 681 461 720 δὲ
449 681 550 734 υγρὸν
573 681 642 719 ἀπὸ
653 683 721 718 τῶν
736 679 874 732 ἑτέρων.
889 678 941 718 Τὸ
957 678 992 717 δὲ
1003 677 1113 731 περιέ·

71 758 134 795 χον
146 742 290 781 ὃποῖόν’
276 757 392 792 εστιν,
408 741 446 779 οὐ
465 741 573 787 δηλοῖ·
586 735 674 777 εἶναι
686 737 804 788 μέντοι
822 740 856 776 ἐν
869 738 963 789 αὐτῶ
981 736 1115 788 σκάφας

72 799 364 874 ἐπεστραμμένας
381 798 474 838 κατὰ
494 800 608 838 κοῖλον
629 813 714 850 προς
734 798 886 846 ἠμᾶς,’
871 812 905 834 εν
924 800 977 840 αἷς
995 797 1115 847 ἀθροι-

71 859 216 910 ζομένας
235 859 298 903 τὰς
309 857 475 911 λαμπρὰς
492 856 738 907 ἀναθυμιάσεις
758 855 939 893 ἀποτελεῖν
961 854 1089 907 φλόγας
1104 883 1114 903 ,

73 917 113 961 ἃς
127 921 213 955 εἶναι
227 915 308 955 τὰ”
286 931 411 968 αστρα.
427 914 693 966 Λαμπροτάτην
709 911 745 952 δὲ
759 907 848 951 εἶναι
863 911 926 959 τὴν
939 927 999 949 του
1016 911 1115 957 ἡλίου

72 975 185 1029 φλόγα
201 991 261 1014 και
277 973 509 1028 θερμοτάτην.
529 973 586 1012 Τὰ
610 989 672 1023 μεν
688 971 755 1025 γὰρ
770 970 902 1009 ἀλλα”
879 985 994 1023 αστρα
1008 968 1114 1007 πλέον

73 1035 216 1087 ἀπέχειν
235 1032 304 1072 ἀπὸ
321 1036 381 1080 τῆς
402 1048 464 1084 γης
483 1031 543 1070 καὶ
564 1031 620 1069 διὰ
643 1046 745 1069 τουτο
762 1025 865 1077 ἧττον
881 1029 1036 1079 λάμπειν
1058 1026 1117 1065 καὶ

73 1093 230 1133 θάλπειν.
257 1091 333 1138 Τὴν
354 1090 390 1129 δὲ
407 1089 554 1137 σελήνην
575 1086 842 1141 προσγειοτέραν
865 1090 971 1125 οὖσαν
992 1085 1040 1136 μὴ
1063 1083 1119 1123 διὰ

75 1155 135 1190 τοῦ
156 1153 309 1203 καθαροῦ
327 1149 490 1202 φέρεσθαι
506 1147 626 1187 τόπου,
642 1146 712 1186 Τὸν
728 1145 844 1197 μέντοι
857 1145 988 1192 ἥλιον’
973 1160 1007 1182 εν
1029 1145 1119 1182 διαυ-

73 1216 125 1260 γεῖ
142 1209 201 1248 καὶ
217 1210 335 1259 ἀμιγεῖ
348 1210 490 1248 ,κεῖσθαι
505 1237 516 1256 ,
533 1206 594 1244 καὶ
615 1204 813 1259 σύμμετρον
833 1204 890 1258 ἀφ’
906 1206 1007 1255 ἡμῶν
1028 1203 1119 1254 ἔχειν

73 1268 262 1318 διάστημα·
276 1265 450 1318 τοιγάρτοι
462 1266 594 1314 μᾶλλον
613 1263 808 1316 θερμαίνειν
820 1279 858 1301 τε
872 1262 932 1301 καὶ
947 1262 1118 1316 φωτίζειν.

73 1326 270 1366 Ἐκλείπειν
290 1340 327 1363 τε
342 1324 401 1363 καὶ
421 1323 519 1371 ἥλιον
536 1323 596 1362 καὶ
613 1323 763 1370 σελήνην
783 1322 855 1361 ἅνω
878 1320 1120 1374 στρεφομένων

72 1389 140 1424 τῶν
155 1387 311 1438 σκαφῶν.
328 1386 361 1423 Τ
363 1384 419 1427 ούς
439 1399 477 1422 τε
494 1381 583 1421 κατὰ
599 1385 691 1433 μῆνα
707 1384 766 1429 τ’ἥς
783 1380 929 1429 σελήνης
949 1396 1121 1433 σχηματι·

74 1444 341 1495 σμοὺςγίνεσθαι
354 1441 586 1495 στρεφομένης
595 1444 628 1480 ἐν
639 1443 725 1493 αὐτῇ
740 1439 832 1479 κατὰ
843 1439 963 1493 μικρὸν
975 1439 1124 1486 τῆςσκά-

76 1519 156 1556 φης.
172 1502 334 1555 “Ημέραν
350 1517 387 1539 τε
398 1501 458 1539 καὶ
472 1499 578 1538 νύκτα
591 1500 746 1551 γίνεσθαι
760 1498 819 1537 καὶ
835 1502 946 1549 μῆνας
959 1499 1018 1536 καὶ
1031 1497 1122 1550 ὥρας

75 1562 200 1605 ἐτείους
211 1560 270 1600 καὶ
280 1561 454 1603 ἐνιαυτοὺς
464 1558 581 1602 ὑετούς
594 1574 632 1596 τε
645 1558 704 1596 καὶ
718 1557 902 1607 πνεύματα
921 1557 983 1595 καὶ
997 1557 1041 1594 τὰ
1049 1556 1123 1594 τού-

74 1635 144 1663 τοις
160 1619 263 1670 ὅμοια
272 1617 429 1662 κατὰτὰς
438 1616 620 1670 διαφόρους
631 1615 970 1667 ἀναθυμιάσεις.Τὴν
983 1614 1045 1665 μὲν
1055 1614 1122 1667 γὰρ

74 1677 241 1731 λαμπρὰν
267 1676 495 1727 ἀναθυμίασιν
524 1678 760 1729 φλογωθεῖσαν
789 1676 823 1712 ἐν
847 1676 897 1727 τῷ
922 1673 1038 1726 κύκλῳ
1064 1677 1122 1712 τοῦ

74 1737 191 1786 ἡλίου,
212 1735 367 1788 ἡμέραν,
382 1733 444 1781 τὴν
461 1734 498 1772 δὲ
513 1734 669 1773 ἐναντίαν
687 1733 970 1786 ἐπικρατήσασαν
984 1763 995 1782 ,
1016 1732 1124 1770 νύκτα

77 1796 274 1835 ἀποτελεῖν.
289 1793 362 1833 Καὶ
374 1795 412 1832 ἐκ
425 1795 486 1844 μὲν
500 1796 559 1831 τοῦ
573 1794 738 1844 λαμπροῦ
751 1791 790 1829 τὸ
803 1790 927 1843 θερμὸν
940 1789 1124 1839 αὐξανόμε-

76 1869 146 1900 νον,
159 1853 253 1906 θέρος
263 1858 383 1899 ποιεῖν,
401 1853 440 1890 ἐκ
457 1851 492 1889 δὲ
503 1867 561 1889 του
575 1865 748 1888 σκοτεινου
761 1848 801 1887 τὸ
815 1848 915 1899 υγρὸν
928 1847 1123 1886 πλεονάσαν

76 1915 235 1965 χειμῶνα
245 1910 512 1964 ἀπεργάζεσθαι.
526 1909 643 1962 Περι
625 1909 662 1947 οὲ
677 1912 738 1955 τ’ῆς
748 1911 810 1959 γ’ἥς
823 1906 953 1946 οὐδὲν
935 1906 1124 1957 αποφαίνε-

76 1986 134 2008 ται
146 1969 276 2008 ὁποία’
261 1969 345 2008 εστί.
360 1970 536 2021 Φέρονται
548 1969 624 2006 δὲ’
595 1984 641 2012 εις
651 1967 752 2006 αὐτὸν
765 1966 1018 2019 ἐπιγράμματα
1029 1964 1122 2003 τάδε·

165 2086 361 2127 Ἡράκλειτος
371 2086 446 2126 ἐγώ·
458 2085 486 2117 τί
502 2085 534 2126 μ’
557 2084 622 2116 ἄνω
638 2083 725 2115 κάτω
738 2083 835 2114 ἕλκετ’
847 2082 999 2123 ἀμουσοι;

201 2133 342 2174 οὐῇμῖν
355 2133 483 2164 ἐπόνουν
494 2156 503 2171 ,
516 2134 579 2167 τοῖς
592 2131 618 2162 δ’
632 2129 680 2171 ἔμ’
696 2129 923 2169 ἐπισταμένοις.

162 2181 216 2216 Εἷς
230 2181 296 2220 ἐμοὶ
310 2179 469 2217 ἄνθρωπος
479 2178 644 2219 τριςμύριοι
654 2201 662 2216 ,
674 2178 703 2208 οἱ
717 2177 742 2207 δ’
758 2175 919 2216 ἀνάριθμοι

202 2226 311 2262 οὐδείς.
326 2225 423 2258 Ταῦτ’
436 2225 520 2257 αὐδῶ
531 2225 583 2256 καὶ
594 2224 678 2264 παρὰ
691 2223 885 2264 Φερσεφόνῃ.

79 2309 118 2348 Ἀ
123 2311 196 2348 λλο·

163 2395 216 2432 Μὴ
228 2393 324 2434 ταχὺς
333 2392 533 2433 Ἡρακλείτου
544 2391 591 2423 ἐπ’
604 2391 740 2431 ὀμφαλὸν
751 2390 829 2421 εἴλεε
843 2390 949 2430 βίὸλον

203 2439 382 2481 τούφεσίου·
398 2439 483 2479 μάλα
498 2449 546 2470 τοι
557 2438 702 2474 ὃύςὸατος
719 2437 884 2478 ἀτραπιτός
897 2445 904 2452 ·

163 2488 256 2529 ὄρφνη
269 2487 323 2519 καὶ
336 2485 446 2522 σκότος
461 2486 543 2517 ἐστὶν
558 2484 747 2525 ἀλάμπετον·
767 2484 804 2521 ἢν
815 2484 847 2515 δέ
857 2494 893 2514 σε
907 2483 1023 2524 μύστης

204 2533 357 2575 εἰσαγάγῃ
370 2556 380 2573 ,
401 2534 532 2573 φανεροῦ
550 2530 736 2572 λαμπρότερ’
748 2530 861 2568 ἠελίου.

81 2616 252 2669 Λαμπρὸς
273 2614 309 2654 δὲ
330 2613 502 2667 [ἐνιότε]’
489 2629 523 2651 εν
544 2615 613 2656 τοῖς
642 2610 896 2663 συγγράμμασι
915 2609 975 2647 καὶ
999 2608 1127 2662 σαφὴς,

81 2675 172 2714 ὥστε
189 2674 250 2713 καὶ
269 2674 326 2713 τὸν
355 2671 570 2712 νωθέστατον
598 2669 722 2724 ῥαδίως
739 2671 886 2721 γνῶναι,
915 2664 975 2706 κάι
995 2664 1126 2720 δίαρμα

82 2737 196 2787 ψυχῆς
211 2732 352 2772 λαὸειν·
368 2731 392 2779 ἥ
410 2746 448 2770 τε
467 2730 648 2783 βραχύτης
668 2727 728 2767 καὶ
744 2727 783 2766 τὸ
811 2726 914 2780 βάρος
941 2729 1002 2773 τ’ῆς
1017 2728 1127 2779 ἑρμη-

83 2792 175 2837 νείας
191 2791 406 2844 ἀσύγκριτον.

578 2870 628 2909 Θ.

140 2986 188 3012 33.
219 2970 450 3023 Θεόδωρος
469 2973 487 3009 ὁ
502 2969 638 3018 κληθεις
659 2969 775 3018 ἄθεος,
794 2971 869 3006 εἶτα
886 2966 977 3015 θεὸς,
995 2964 1130 3006 παντά-

87 3047 193 3070 πασιν
206 3029 325 3082 ἀνῄρει
338 3028 399 3072 τὰς
414 3029 493 3081 περὶ
507 3031 592 3067 θεων
606 3027 718 3073 δόξας.
734 3026 844 3070 Τέλος
856 3025 892 3064 δὲ
905 3023 1130 3075 ὑπελάμὸανε

87 3088 202 3142 χαρὰν
228 3088 288 3125 καὶ
314 3086 440 3134 λύπην,
467 3085 528 3133 τὴν
560 3086 621 3136 μὲν
650 3085 709 3124 ἐπὶ
729 3084 909 3137 φρονήσει,
929 3082 992 3130 τὴν
1018 3083 1053 3121 δὲ
1074 3081 1131 3120 ἐπὶ

89 3146 284 3200 ἀφροσύνῃ·
299 3145 412 3196 ἀγαθὰ
426 3145 461 3183 δε
477 3145 639 3197 φρόνησιν
656 3159 715 3182 και
733 3143 967 3190 δικαιοσύνην,
982 3141 1075 3180 κακὰ
1095 3139 1132 3179 δὲ

89 3205 150 3249 τὰς
166 3203 322 3247 ἐναντίας
340 3203 439 3248 ἕξεις·
461 3203 551 3253 μέσα
573 3202 608 3240 δὲ
628 3201 753 3248 ἡδονὴν
770 3217 830 3239 και
855 3199 973 3239 πόνον.
996 3199 1131 3252 Ανῄρει

90 3263 126 3301 δὲ
155 3262 215 3301 καὶ
233 3261 363 3314 φιλίαν,
389 3260 446 3299 δια
474 3261 513 3299 τὸ
543 3259 633 3311 μήτε
662 3261 696 3298 ἐν
725 3259 867 3313 ἄφροσιν
894 3258 1001 3306 αὗτὴν
1022 3263 1129 3305 εἰναι,

91 3320 180 3370 μήτε
197 3321 231 3358 ἐν
249 3319 377 3372 σοφοῖς.
401 3321 484 3362 Τοῖς
504 3334 566 3369 μεν
573 3317 652 3380 „fflp
671 3334 733 3365 της
755 3316 876 3370 χρείας
897 3315 1132 3370 ἀναιρεθείσης

92 3378 150 3417 καὶ
170 3377 232 3425 τὴν
249 3377 366 3431 φιλίαν
387 3376 542 3415 ἐκποδὼν
561 3371 665 3414 εἶναι·
689 3375 764 3419 τους
787 3374 822 3413 δὲ
849 3374 972 3427 σοφους
1002 3373 1131 3424 αὐτάρ-

92 3452 160 3481 κεις
177 3435 396 3489 ὑπάρχοντας
414 3435 462 3486 μὴ
488 3435 617 3474 δεῖσθαι
641 3434 762 3487 φίλων.
781 3432 910 3485 Ἔλεγε
928 3432 962 3472 δὲ
986 3431 1046 3471 καὶ
1075 3431 1131 3470 εὔ-

913 240 1155 281 HESYCHII
1185 240 1381 280 MILESII

1171 335 1254 367 hanc
1263 343 1331 367 esse
1346 333 1495 366 deorsum
1510 332 1691 365 ducentem.
1708 334 1852 365 Humum
1866 331 1965 372 ipsam
1979 330 2085 363 denuo
2109 330 2213 373 lique-

1171 411 1259 435 scere
1275 403 1371 442 atque
1383 411 1425 434 ex
1437 410 1474 433 ea
1486 400 1554 432 fieri
1566 409 1695 441 aquam,
1711 409 1751 432 ex
1768 400 1828 432 hac
1840 400 1948 432 autem
1959 399 2083 439 reliqua
2097 411 2105 430 ι
2117 398 2218 431 senne

1172 466 1279 498 omnia
1292 466 1377 498 enim
1390 465 1431 497 ad
1446 466 1704 506 evaporationem
1717 473 1789 497 eam
1809 465 1905 496 refert
1919 473 1992 505 quae
2009 472 2051 495 ex
2064 463 2145 495 mari
2166 463 2214 496 fit.

1174 533 1251 564 Haec
1263 533 1372 564 autem
1387 541 1515 564 sursum
1532 531 1652 564 ducens
1665 532 1720 564 via
1733 532 1793 563 est.
1810 533 1909 563 Porro
1922 529 2164 571 evaporationes
2177 537 2218 562 ex

1173 596 1260 628 terra
1275 595 1343 628 fieri
1361 595 1394 627 et
1412 595 1514 635 mari,
1539 595 1617 627 alias
1637 594 1767 636 quidem
1783 594 1906 626 lucidas
1924 594 1957 626 et
1975 593 2124 634 liquidas,
2140 593 2220 626 alias

1174 674 1252 697 vero
1262 664 1416 696 occultas.
1435 667 1461 696 A
1475 663 1588 695 lucidis
1603 663 1725 704 ignem,
1741 671 1762 695 a
1779 663 1911 704 reliquis
1932 663 2100 696 humorem
2114 663 2220 696 incre·

1176 733 1283 764 menta
1292 740 1414 773 capere.
1429 734 1542 764 Aerem
1553 739 1629 763 vero
1641 730 1823 771 cujusmodi
1837 730 1955 763 sitnon
1967 730 2142 771 significat:
2154 738 2223 763 esse

1175 798 1286 829 tamen
1298 797 1431 838 scaphas
1443 805 1500 838 per
1523 805 1701 829 concavum
1717 796 1756 829 ad
1774 805 1833 829 nos
1848 805 2036 835 conversas,
2052 795 2086 828 in
2105 796 2224 837 quibus

1176 864 1402 896 convenientes
1419 863 1659 904 evaporationes
1683 863 1805 895 lucidas
1829 863 1956 895 efficere
1973 862 2130 903 flammas,
2147 871 2223 904 quae

1177 929 1241 961 sint
1277 928 1392 962 sidera.
1422 931 1499 961 Esse
1532 929 1642 961 autem
1669 928 1899 960 lucidissimam
1933 927 2225 969 calidissimamque

1177 992 1252 1024 solis
1267 992 1431 1024 flammam
1449 1001 1613 1033 :namque
1623 995 1707 1024 astra
1722 993 1828 1024 cetera
1841 999 1860 1023 a
1871 992 1958 1023 terra
1971 991 2143 1024 remotiora
2158 1000 2226 1024 esse

1178 1058 1274 1098 atque
1287 1057 1357 1089 ideo
1374 1057 1480 1089 minus
1491 1057 1599 1089 lucere
1614 1056 1784 1097 minusque
1796 1056 1990 1096 calefacere;
2006 1055 2116 1088 lunam
2126 1079 2136 1095 ‚
2151 1063 2225 1097 quae

1179 1124 1273 1154 terrac
1285 1122 1421 1154 vicinior
1444 1121 1498 1161 sit,
1511 1130 1578 1153 non
1601 1120 1829 1162 perliquidum
1843 1120 1951 1152 locum
1975 1120 2103 1152 deferri.
2119 1120 2226 1153 Solem

1180 1188 1213 1219 in
1226 1196 1284 1220 suo
1302 1187 1469 1228 splendore
1482 1187 1561 1220 nulli
1574 1186 1763 1219 admixtioni
1775 1185 1951 1218 obnoxium
1967 1185 2102 1226 durare,
2115 1186 2148 1218 et
2161 1194 2228 1218 mo·

1181 1251 1254 1283 dico
1265 1260 1284 1283 a
1298 1251 1390 1283 nobis
1400 1250 1568 1283 intervallo
1575 1250 1694 1282 distare
1705 1259 1714 1282 ε
1729 1259 1771 1283 ex
1782 1259 1821 1282 eo
1835 1250 1931 1291 igitur
1944 1250 2045 1291 magis
2056 1251 2230 1283 calefacere

1181 1316 1456 1358 atqueillustrare.
1470 1316 1614 1348 Deficere
1626 1316 1703 1348 item
1711 1315 1812 1348 solem
1821 1323 1860 1347 ac
1871 1315 1983 1347 lunam
1993 1324 2095 1356 quum
2102 1316 2231 1358 scaphoe

1181 1382 1223 1415 ad
1239 1382 1403 1423 superiora
1428 1382 1594 1414 vertantur
1615 1393 1624 1414 ε
1642 1382 1888 1422 menstruasque
1904 1380 2024 1421 figuras
2040 1381 2127 1414 lunae
2143 1381 2229 1422 tieri,

1182 1447 1260 1479 dum
1274 1447 1344 1488 ejus
1358 1447 1475 1479 sensim
1488 1446 1625 1479 vertitur
1637 1446 1767 1487 scapha.
1793 1446 1886 1478 Diem
1907 1445 1985 1478 item
2007 1454 2045 1478 ac
2057 1446 2186 1478 noctem
2199 1447 2231 1478 et

1184 1523 1307 1546 menses
1319 1514 1351 1546 et
1364 1513 1569 1554 tempestates
1581 1513 1613 1544 et
1631 1520 1731 1544 annos
1741 1536 1750 1552 ‚
1772 1512 1896 1552 pluvias
1908 1512 1940 1543 et
1953 1512 2067 1544 ventos
2080 1513 2112 1543 et
2125 1511 2174 1543 his
2186 1511 2231 1543 si-

1183 1578 1272 1610 milia
1295 1576 1472 1610 secundum
1495 1576 1738 1617 evaporationes
1766 1575 1872 1607 varias
1896 1574 1977 1607 fieri.
1992 1577 2072 1607 Nam
2090 1575 2227 1607 lucidam

1183 1642 1442 1684 evaporationem
1464 1641 1498 1673 in
1514 1641 1589 1674 solis
1604 1640 1725 1673 circulo
1748 1640 1979 1672 inflammatam
2005 1639 2089 1672 diem
2109 1640 2231 1679 facere;

1184 1707 1376 1741 contrariam
1392 1716 1487 1746 vero,
1501 1707 1558 1738 ubi
1570 1706 1762 1746 obtinuerit,
1777 1706 1904 1738 efficere
1925 1706 2053 1738 noctem
2071 1718 2079 1737 :
2097 1706 2174 1737 item
2190 1714 2232 1737 ex

1184 1773 1305 1805 lumine
1315 1773 1454 1804 calorem
1461 1772 1594 1804 auctum
1607 1772 1751 1803 aestatem
1765 1770 1910 1810 efficere3
1925 1779 1962 1802 ex
1973 1770 2111 1802 tenebris
2121 1770 2233 1802 humo·

1185 1846 1252 1870 rem
1268 1837 1485 1869 abundantem
1500 1835 1638 1868 hiemem
1652 1835 1789 1876 operari.
1812 1837 1858 1866 De
1884 1835 1970 1866 terra
1994 1833 2174 1874 cujusmodi
2191 1834 2232 1866 sit

1184 1902 1263 1934 nihil
1282 1902 1427 1935 enuntiat
1444 1901 1557 1942 (Dioq.
1573 1902 1629 1942 IX,
1645 1904 1721 1934 8-11
1735 1899 1759 1940 ).
1777 1900 1914 1933 Exstant
1931 1899 1966 1932 in
1982 1908 2058 1932 eum
2075 1899 2145 1932 haec
2166 1899 2232 1940 epi-

1185 1968 1361 2009 grammata
1377 1967 1452 2008 (lX,
1469 1969 1505 2000 16
1518 1966 1550 2007 ):

1257 2077 1424 2108 Heraclitus
1436 2084 1491 2114 ego
1506 2088 1514 2104 ι
1523 2076 1595 2114 quid
1607 2082 1656 2105 me
1668 2075 1781 2104 vexatis
1793 2075 1907 2112 inepti?

1293 2126 1360 2153 Non
1373 2132 1443 2159 vos,
1459 2123 1510 2153 sed
1524 2123 1630 2152 doctos
1641 2126 1700 2151 tam
1714 2129 1804 2158 grave
1819 2121 1926 2158 quaerit
1938 2127 2024 2157 opus.

1258 2177 1340 2203 Unus
1352 2173 1443 2201 homo
1452 2175 1495 2200 est
1505 2171 1591 2199 nobis
1602 2172 1648 2199 ter
1659 2170 1747 2204 mille,
1761 2169 1814 2198 sed
1826 2168 2008 2198 innumerati

1294 2227 1395 2249 nemo.
1408 2218 1463 2248 Vel
1471 2218 1503 2247 in
1513 2217 1625 2254 stygiis
1634 2216 1699 2245 haec
1708 2223 1764 2252 ego
1773 2215 1842 2245 dico
1857 2215 1940 2244 locis.

1188 2301 1280 2335 Aliud
1291 2301 1390 2333 hocce
1400 2314 1407 2332 ι

1260 2383 1326 2412 Noli
1338 2382 1523 2411 Heraclitum
1536 2379 1640 2416 rapido
1651 2385 1829 2416 percurrere
1841 2385 1931 2407 cursu
1941 2386 1950 2404 ε

1293 2430 1338 2457 est
1347 2428 1393 2456 via
1403 2427 1545 2461 difficilis,
1560 2426 1627 2454 luce
1639 2431 1772 2462 papyrus
1785 2425 1861 2460 eget.

1260 2477 1299 2504 At
1309 2474 1330 2503 si
1346 2473 1455 2502 doctus
1468 2472 1500 2501 in
1512 2472 1576 2501 haec
1587 2473 1616 2500 te
1628 2469 1748 2499 duxerit
1761 2470 1837 2498 atria
1859 2470 1950 2502 vates,

1293 2522 1403 2549 cuncta
1412 2519 1595 2548 videbuntur
1605 2516 1754 2546 lucidiora
1767 2516 1826 2545 die.

1189 2613 1282 2645 Clare
1307 2610 1467 2643 interdum
1494 2610 1527 2642 et
1550 2609 1659 2650 aperte
1683 2609 1716 2640 in
1741 2617 1799 2639 suo
1822 2614 1919 2648 opere
1946 2607 2102 2647 loquitur,
2124 2607 2162 2638 ut
2184 2607 2235 2638 vel

1187 2669 1367 2703 tardissimo
1376 2670 1491 2709 cuique
1505 2668 1605 2700 facilis
1617 2667 1658 2699 sit
1668 2667 1708 2698 ad
1721 2665 1963 2706 intelligendum
1977 2666 2126 2706 idemque
2137 2665 2234 2697 animi

1188 2728 1350 2770 quandam
1379 2727 1549 2759 elationem
1568 2726 1685 2758 sentiat
1712 2738 1720 2757 ε
1744 2725 1944 2756 concinnitas
1970 2732 2102 2765 quoque
2116 2723 2179 2756 stili
2203 2724 2237 2756 et

1189 2787 1329 2827 gravitas
1342 2784 1599 2825 incomparabilis
1618 2785 1666 2816 est
1681 2783 1759 2824 (lx,
1774 2783 1819 2823 7).

1669 2871 1748 2907 TH.

1233 2973 1283 3000 33.
1310 2965 1500 2999 Theodorus
1510 2962 1721 3005 cognomento
1733 2961 1839 2993 dictus
1849 2961 1937 2996 ἄθεος
1951 2959 2133 3000 (impius),
2149 2961 2235 3000 post-

1191 3044 1227 3068 ea
1240 3035 1325 3074 θεὸς,
1340 3032 1505 3074 opiniones
1517 3030 1557 3063 de
1577 3030 1636 3062 diis
1650 3029 1778 3070 penitus
1790 3028 1932 3060 sustulit.
1947 3027 2060 3059 Finem
2076 3026 2234 3058 bonorum

1191 3104 1223 3136 et
1244 3102 1403 3134 malorum
1417 3098 1551 3140 putabat
1569 3105 1637 3129 esse
1658 3094 1808 3137 gaudium
1831 3094 1863 3125 et
1883 3101 2056 3125 moerorem
2071 3104 2080 3123 z
2096 3092 2234 3124 alterum

1192 3171 1336 3204 constare
1350 3166 1517 3209 prudentia
1526 3189 1535 3206 ,
1549 3165 1686 3196 alterum
1696 3161 1844 3195 stultitia.
1855 3162 1942 3193 Bona
1953 3168 2019 3191 esse
2032 3158 2235 3200 prudentiam

1191 3239 1290 3279 atque
1310 3234 1486 3277 justitiam
1504 3232 1589 3264 mala
1613 3238 1690 3262 vero
1706 3227 1882 3260 contrarios
1894 3226 2044 3265 habitus3
2059 3223 2163 3257 media
2174 3233 2233 3256 vo-

1192 3305 1346 3347 luptatem
1362 3303 1394 3336 et
1411 3302 1564 3334 dolorem.
1582 3297 1716 3332 Sustulit
1729 3298 1761 3329 et
1773 3295 1946 3329 amicitiam
1956 3317 1965 3334 ,
1981 3292 2066 3335 quod
2080 3301 2118 3325 ea
2131 3299 2234 3332 neque

1193 3370 1412 3412 insipientibus
1422 3368 1504 3401 adsit
1515 3375 1619 3407 neque
1634 3362 1839 3406 sapientibus.
1861 3363 1898 3394 In
1914 3359 1975 3392 illis
1998 3358 2084 3391 enim
2105 3357 2233 3390 sublato

1192 3445 1250 3468 usu
1274 3433 1446 3467 amicitiam
1468 3440 1596 3474 quoquc
1609 3435 1822 3462 evanescere:
1844 3425 2000 3466 sapientes
2027 3430 2103 3454 vero
2129 3428 2231 3462 quum
