2372 3704
907 179 961 218 IN
992 179 1261 218 VOLUMINE
1291 180 1342 219 li.

2116 189 2189 223 657

47 272 96 316 Il.
112 285 153 319 u,
173 275 263 315 404.
281 270 328 306 V.
346 268 599 316 Clitophontis
615 267 661 303 fr.
681 266 701 303 5
715 295 725 312 ‚
745 274 837 305 tom.
857 267 928 312 lv,
948 280 986 316 p.
1007 267 1094 304 368.
1155 267 1203 303 ab
1222 269 1369 304 Junone
1386 269 1534 304 missam
1553 269 1670 306 aiunt.
1693 271 1737 304 V.
1759 283 1839 317 quae
1859 271 1906 307 (le
1934 272 1990 307 his
2010 274 2197 322 congessit

101 329 194 379 Pag.
209 328 282 374 337
299 355 310 374 ‚
325 327 375 363 ad
386 327 433 365 fr.
452 339 514 363 11.
532 325 793 362 -r-Maeandrii
806 327 943 362 Milesii
955 339 1096 362 nomen
1159 326 1299 373 Unger.
1338 326 1364 362 l.
1399 327 1423 363 l.
1446 339 1486 375 p.
1521 326 1595 362 385
1628 340 1685 374 sq.
1716 329 1772 363 De
1798 329 1950 365 nomine
1975 328 2045 372 ψίξ
2080 332 2090 378 <
2108 332 2192 366 aeol.

47 387 325 426 pestituendum
338 393 433 434 puto
447 386 488 422 in
497 385 617 421 schol.
634 385 763 433 Apoll.
780 384 910 422 Rhod.
926 385 959 430 1,
981 398 995 420 1
1009 386 1095 431 126,
1155 395 1227 431 pro
1257 381 1388 434 Σφίγξ)
1423 391 1460 420 et
1478 384 1526 420 de
1550 385 1681 421 Phicio
1704 393 1831 422 monte
1853 401 1890 422 v.
1920 389 2066 426 Miiller.
2096 391 2192 428 Min.

48 448 113 484 ubi
142 446 189 483 de
215 446 450 482 Milesiorum
475 444 647 480 instituto
673 442 853 479 laudatur
881 439 1092 493 Μένανδρος.

46 507 194 543 ‘Locum
229 503 410 552 exscripsi
429 504 468 538 in
496 502 695 539 Menandri
725 501 861 550 fragm.
894 508 988 539 tom.
1023 502 1072 537 IV
1084 529 1094 546 ‚

46 578 89 614 p.
119 563 209 608 443.
238 562 294 600 Cf.
323 562 437 598 etiam
466 562 624 598 Domitii
649 561 847 597 Callistrati
872 559 917 596 fr.
947 573 967 595 2
998 567 1096 606 not.‚

49 631 143 659 tom.
155 624 219 667 IV,
233 634 274 670 p.
293 619 382 663 354.
398 642 448 648 ——
459 622 559 657 Num
574 618 649 655 huc
663 620 853 668 pertineat
863 616 1095 655 etiamAeoiv-

49 681 130 733 δρου
146 677 381 731 ἥἈρκτιάδης
393 678 497 728 apud
511 679 630 716 schol.
646 678 781 726 odyss,
799 693 834 727 γ,
852 676 941 722 344,
954 678 1095 714 nescio.

49 740 145 778 Vide
164 747 246 776 not.
269 739 319 775 ad
339 738 511 775 Aretadae
531 738 579 773 fr.
605 737 625 773 3
641 764 652 782 ,
678 744 771 774 tom.
795 738 869 781 IV,
889 750 931 785 p.
957 736 1045 774 316.

102 797 197 848 Pag.
217 797 307 841 342,
320 797 371 833 ad
386 797 432 835 fr.
449 797 486 833 3.
503 818 556 824 —
570 797 627 834 Cf.
644 809 757 846 supra
770 809 806 845 p.
823 795 898 832 623
915 795 1100 831 Addenda

50 857 99 894 ad
114 859 247 894 Hecat.
271 857 354 893 init.

103 913 195 965 Pag.
218 914 293 958 345
318 913 350 960 b,
373 915 441 952 lin.
463 927 526 952 21.
547 936 599 942 —
619 915 872 950 Menecratem
900 913 1100 962 Ephesium

53 975 167 1011 Arati
179 982 465 1023 praeceptorem.
486 972 500 1023 ]
519 974 630 1009 Hunc
651 985 728 1009 esse
743 980 837 1022 puta
850 974 1102 1009 Menecratem

53 1045 165 1080 quem
192 1032 294 1068 dere
309 1032 537 1080 astrologica
562 1031 692 1067 laudat
718 1032 837 1068 schol.
861 1033 1030 1069 Vatican.
1053 1030 1103 1066 ad

54 1093 186 1140 Eurip.
208 1092 323 1129 Rhes.
348 1089 444 1135 524,
467 1103 503 1138 p.
522 1103 598 1138 299
619 1090 679 1126 ed.
703 1091 835 1128 Cobet.

105 1149 200 1199 Pag.
223 1149 321 1197 354,
341 1157 430 1199 post
457 1149 590 1197 fragm.
621 1148 658 1184 5.
686 1170 735 1176 —
753 1149 989 1198 Fragmentis
1007 1149 1101 1184 Dio-

55 1208 144 1246 dori
161 1210 364 1258 Periegetae
383 1208 578 1245 addendus
591 1209 742 1244 videtur
760 1209 866 1244 locus
881 1208 1037 1256 Ulpiani
1054 1207 1103 1243 ad

52 1266 246 1305 Demosth.
276 1269 342 1304 Or.
365 1267 411 1303 de
432 1280 565 1305 coron.
587 1280 627 1316 p.
656 1267 727 1313 73,
750 1267 778 1306 C
799 1267 860 1305 ed.
889 1267 1015 1311 Wolf,
1037 1267 1104 1302 ubi

52 1327 247 1365 Diodorus
266 1339 313 1363 ex
332 1326 530 1362 Hellanico
563 1325 625 1374 (v.
646 1326 747 1362 Hell.
778 1325 826 1362 fr.
852 1338 895 1371 71
912 1353 923 1372 ,
947 1332 1040 1362 tom.
1060 1327 1077 1360 I
1092 1353 1102 1370 ‚

53 1398 95 1435 p.
120 1383 193 1433 54)
214 1384 331 1420 refert
354 1383 629 1420 Orchomenios
658 1395 680 1418 a
693 1383 903 1419 Thracibus
920 1384 1048 1431 pulsos
1065 1384 1106 1419 in

55 1445 216 1481 Atticam
235 1443 376 1478 venisse
391 1442 460 1478 sub
475 1442 669 1489 Munycho
689 1454 777 1490 rege
789 1470 799 1490 3
829 1443 1034 1489 locumque
1062 1443 1106 1478 iis

53 1500 541 1550 assignatumlMunychiam
566 1507 744 1535 vocatum
764 1512 853 1537 esse.
879 1501 1002 1548 Vulgo
1028 1501 1107 1536 haec

54 1562 233 1610 leguntur
247 1560 287 1595 in
297 1560 447 1607 Fragm.
465 1558 630 1594 Diodori
641 1559 755 1594 Siculi
770 1557 781 1606 (
797 1566 888 1597 tom.
902 1560 953 1603 Il,
972 1571 1011 1607 p.
1031 1558 1104 1595 583

56 1621 118 1658 ed.
152 1618 285 1656 Didot.
304 1615 328 1668 ).
369 1618 430 1654 Ad
455 1619 687 1666 periegetam
721 1618 938 1654 Diodorum
979 1618 1110 1653 retulit

55 1679 243 1716 Prellerus
264 1677 339 1725 (De
353 1676 548 1712 Hellanico
567 1688 608 1724 p.
636 1675 724 1725 25),
749 1684 852 1712 recte
867 1683 978 1724 put0.

51 1726 54 1731 Ι
111 1736 205 1787 Pag.
238 1735 328 1782 356,
353 1734 403 1771 ad
423 1735 471 1771 fr.
498 1733 559 1773 15.
579 1755 628 1762 -
655 1735 765 1771 Adde
789 1748 796 1770 :
817 1735 946 1784 Steph.
979 1736 1067 1783 Byz.
1096 1747 1105 1772 :

57 1794 235 1845 'Ajtrssvm
269 1794 377 1843 δῆμος
397 1795 457 1839 τῆς
488 1791 697 1850 Ἀντιοχίδος
728 1793 850 1844 φυλῆς.
876 1791 1053 1844 Φρύνιχος
1073 1790 1108 1830 δὲ

58 1856 120 1900 τῆς
140 1850 337 1895 Ἀτταλίδος
354 1850 475 1904 φησίν.
499 1849 542 1889 Ὁ
559 1850 713 1900 δημότης
733 1850 906 1898 Ἀτηνεύς.
927 1869 942 1884 «
964 1853 1108 1903 Πατρο-

58 1914 144 1958 κλῆς
159 1909 318 1958 Ἀτηνεὺς
334 1909 518 1962 ἐχορήγει,
534 1914 547 1956 [
563 1908 729 1960 Ἀντιοχὶς
743 1913 756 1956 ]
773 1908 881 1957 ἐνίκα,
900 1911 1110 1956 Παντακλῆς

57 1970 261 2023 [ἐδίδασκεν
275 1966 306 2021 ”).
330 1986 345 2003 υ
378 1968 552 2010 Διονύσιος
579 1966 611 2004 Ἀ
626 1966 780 2013 τηνίαν
807 1966 864 2005 τὸν
887 1969 995 2017 δῆμον
1027 1970 1105 2018 (sc,

59 2029 160 2068 καλεῖ
177 2027 205 2080 ).
221 2026 313 2066 Ἀλλ’
332 2027 394 2064 οὐκ
411 2028 450 2079 ἐᾷ
471 2025 509 2063 τὸ
530 2025 563 2064 Ἀ
578 2041 630 2071 τη
643 2024 749 2069 νεύς·
769 2028 903 2079 ὀφεῖλον
921 2026 1107 2073 Ἀτηνιεύς,

114 2087 209 2136 Pag.
246 2087 321 2132 370
355 2094 436 2123 not.
475 2099 496 2122 2
522 2093 617 2124 extr.
638 2106 691 2112 —
709 2086 802 2122 Dele
820 2086 963 2123 verba:
994 2087 1112 2133 Lycus

62 2149 96 2185 Π
110 2147 173 2198 ερὶ
192 2147 257 2191 Θη
270 2144 369 2192 δῶν,
391 2153 465 2182 etc.
485 2146 633 2181 Etenim
652 2145 792 2180 librum
809 2147 866 2180 De
887 2145 1020 2180 Thebis
1034 2158 1112 2180 non

64 2219 140 2243 esse
157 2206 384 2254 Lysimacho
405 2204 691 2248 vindicandum,
708 2203 774 2239 sed
792 2216 921 2240 revera
935 2206 1114 2251 esseLyci

65 2265 224 2314 Rlzegini
241 2271 355 2313 patet.
365 2276 409 2299 ex
438 2264 526 2298 loco
558 2263 722 2298 auctoris
748 2264 919 2311 Recogn.
943 2275 1006 2311 ap.
1027 2263 1112 2299 Cle-

65 2330 182 2359 ment.
204 2344 258 2350 -—
274 2323 399 2370 Quare
418 2321 517 2357 adde
546 2334 585 2370 p.
611 2320 685 2367 374
712 2334 794 2369 quae
816 2322 890 2357 huc
921 2322 1114 2369 pertinent

65 2382 191 2417 haecce
208 2394 216 2416 z

121 2440 244 2478 ΠΕΡΙ
264 2439 451 2478 ΘΗΒΩΝ.
474 2440 537 2476 Fr.
557 2443 601 2482 14
617 2465 627 2483 ,
655 2451 693 2474 a.
710 2460 762 2466 —
782 2440 929 2474 Tzetzes
948 2438 997 2474 ad
1016 2440 1112 2486 Lyc.

73 2499 170 2535 1206
191 2511 200 2534 ε
231 2496 344 2540 Λύκος
370 2498 404 2534 ἐν
419 2499 468 2548 τῷ
487 2494 577 2547 Περὶ
597 2494 730 2542 Θηὸῶν
750 2497 894 2547 ἱστορεῖ·
919 2514 934 2528 «
952 2494 1053 2534 Μετὰ
1072 2494 1116 2534 τὰ

69 2555 162 2594 κατὰ
183 2554 408 2594 Δευκαλίωνα
430 2553 517 2596 Ζεὺς
535 2553 644 2604 μιγεὶς
665 2553 814 2605 Ἰοδάμᾳ
833 2557 876 2606 τῇ
898 2553 1037 2593 Ἰτώνου
1056 2559 1116 2594 τοῦ

69 2613 329 2666 Ἀμφικτύονος,
345 2618 449 2664 γεννᾷ
462 2610 605 2662 Θήὸην’,
622 2611 664 2658 ἣν
680 2612 817 2650 δίδωσιν
835 2611 988 2664 Ὠγύγῳ,
1007 2613 1064 2667 ἀφ’
1080 2608 1117 2652 οἷ

70 2670 222 2722 Ὠγυγίη
242 2674 264 2718 ἦ
281 2670 401 2718 Θήὸη.

124 2733 185 2769 Fr.
206 2736 250 2775 14
266 2733 300 2770 b.
325 2754 372 2759 —
397 2734 543 2768 Auctor
568 2732 740 2780 Recogn'.
771 2744 835 2780 ap.
866 2732 905 2769 S.
931 2732 1114 2772 Clement.

72 2792 122 2837 X,
139 2803 160 2827 2
169 2804 200 2836 1,
209 2803 250 2840 p.
269 2790 289 2826 3
298 2790 343 2826 18
354 2793 387 2827 A
401 2802 411 2828 ε
423 2792 543 2838 Lycus
555 2790 747 2838 Rheginus
758 2804 808 2826 ex
820 2793 997 2836 Iodama,
1010 2800 1119 2840 nepte

73 2850 362 2899 AmphIctyoniS,
384 2853 449 2898 qui
462 2863 568 2885 avum
578 2849 713 2885 habuit
727 2850 998 2896 Prometheum,
1013 2853 1118 2886 illam

74 2908 275 2957 (Theben)
296 2911 464 2955 genitam
490 2909 626 2946 scribit.
657 2910 712 2944 De
734 2908 879 2944 Thebes
903 2910 1120 2956 parentibus

72 2967 194 3003 varias
220 2974 314 3005 vett.
340 2967 542 3003 sententias
575 2967 692 3002 fusius
721 2969 878 3015 exponit
907 2968 1048 3016 Unger.
1081 2969 1119 3003 in

74 3026 243 3062 Theban.
276 3026 460 3062 Paradox.
490 3039 531 3075 p.
556 3026 604 3062 63
633 3039 689 3073 sq.
713 3028 770 3062 De
789 3027 940 3075 Ogygiae
968 3028 1120 3062 nomine

75 3084 125 3121 cf.
145 3084 404 3120 Aristodemus
431 3096 494 3132 ap.
524 3085 640 3120 schol.
666 3086 758 3122 Eur.
788 3085 919 3122 Phoen.
953 3085 1038 3122 113.
1066 3085 1118 3121 Cf.

75 3143 187 3178 etiam
202 3144 350 3181 Miiller.
371 3144 465 3179 Min.
484 3155 524 3190 p.
544 3143 635 3191 392.

127 3203 192 3239 Fr.
216 3206 260 3246 14
276 3228 287 3246 ,
305 3215 338 3237 c.
358 3222 407 3228 —
432 3202 558 3239 Schol.
581 3202 629 3237 ad
654 3202 806 3237 Hesiod.
829 3202 971 3250 Theog.
1005 3202 1079 3237 326
1109 3216 1117 3238 z

76 3257 190 3302 Λύκος
205 3259 239 3296 ἐν
253 3261 303 3310 τῷ
321 3258 411 3310 Περὶ
430 3258 562 3305 Θηὸῶν
579 3259 590 3308 (
606 3257 777 3304 Θηὸαίων
793 3260 880 3294 libri
895 3260 904 3308 )
921 3256 1026 3304 αὐτὴν
1046 3260 1118 3308 (sc,

77 3316 140 3363 τὴν
158 3315 297 3369 Σφίγγα
315 3317 325 3367 )
343 3315 412 3353 ὑπὸ
432 3314 597 3354 Διονύσου
618 3315 819 3368 πεμφθῆναί
839 3331 936 3368 φησι.
958 3317 1055 3354 (Dinon
1084 3315 1118 3354 δὲ

79 3374 186 3422 αὐτὴν
203 3377 235 3413 οἱ
256 3374 401 3414 Βοιωτοὶ
419 3373 549 3424 ἔλεγον.
568 3377 643 3412 Alii
660 3377 863 3424 Sphingem
880 3388 901 3412 a
919 3378 1039 3412 Marte
1059 3378 1118 3413 vel

221 3450 416 3474 Palicanum
435 3450 558 3473 ιιιετοιι.
579 3450 632 3473 cn.
654 3459 685 3464 —
708 3450 779 3474 vot..
798 3450 840 3473 1v.

1156 454 1195 489 p.
1218 441 1280 484 33,

1210 501 1272 535 Fr.
1298 504 1341 542 14
1357 528 1366 545 ,
1381 501 1419 537 d.
1440 522 1491 527 —
1510 501 1643 537 Suidas
1664 514 1672 537 τ
1695 501 1723 537 Κ
1738 500 1905 548 αδμεία
1928 501 2041 548 νίκη,
2061 502 2198 554 λέγεται

1158 555 1214 594 ἐπὶ
1230 558 1296 594 τῶν
1315 557 1371 595 ἐπὶ
1393 560 1491 609 κακῷ
1512 557 1700 595 νικώντων.
1722 559 1767 595 Οἱ
1787 557 1848 607 μὲν
1870 558 2026 609 λέγουσιν
2044 559 2097 599 ὅτι
2120 564 2198 608 Θη-

1159 615 1251 653 &sitm
1277 615 1482 662 νικήσαντες
1502 615 1644 667 ὕστερον
1665 615 1730 653 ὑπὸ
1746 618 1812 653 τῶν
1835 616 2028 667 Ἐπιγόνων
2050 620 2200 667 ἡττήθη-

1159 689 1235 712 σαν·
1252 675 1282 712 oi
1303 674 1337 713 δὲ
1363 673 1415 712 ὅτι
1433 674 1601 719 Οἰδίπους
1616 674 1656 713 τὸ
1677 674 1821 725 αἴνιγμα
1842 674 1949 719 λύσας
1969 676 2116 716 ἔπαθλον
2137 679 2199 726 τὴν

1161 732 1296 785 μητέρα
1318 734 1442 785 ἔγημε.
1466 732 1613 773 Τίθεται
1633 734 1694 772 καὶ
1714 734 1770 772 ἐπὶ
1795 736 1862 771 τῶν
1891 736 2115 776 ἀλυσιτελῶν.
2139 737 2202 781 Ὡς

1161 792 1196 829 δὲ
1214 791 1316 830 αὐτὸν
1347 794 1400 842 (l.
1420 792 1557 839 Λύκος)
1588 795 1606 831 ὃ
1624 792 1668 831 τὰ
1685 792 1765 845 περὶ
1785 792 1919 839 Θηὸῶν
1946 794 2131 842 συντάξας,
2151 794 2203 833 ὅτι

1163 850 1305 901 Κάδμος
1323 851 1453 890 ἀνελὼν
1471 852 1529 890 τὸν
1549 851 1612 899 τὴν
1627 851 1760 904 Ἀρείαν
1778 850 1907 903 κρήνην
1928 857 2102 904 τηροῦντα
2122 854 2201 906 δρά·

1160 929 1266 952 κοντα
1297 915 1478 962 ἐθήτευσεν
1509 914 1603 969 Ἄρει
1639 916 1732 954 ὀκτὼ
1772 915 1847 962 ἔτη.
1882 919 1939 954 De
1976 931 2017 954 re
2047 932 2084 961 V.
2121 921 2200 956 Un-

1161 987 1240 1024 ger.
1267 976 1291 1011 l.
1313 976 1338 1013 l.
1364 989 1434 1022 107
1456 988 1541 1024 sqq.
1570 976 1642 1012 I’ro
1664 974 1799 1020 Λύκος,
1817 976 1921 1023 quod
1940 978 2105 1022 restitui,
2127 979 2205 1013 Κῦ-

1162 1042 1283 1070 sterus
1306 1035 1441 1082 reponi
1461 1035 1584 1070 voluit
1609 1033 1834 1084 Λυσίμαχος,
1855 1035 2117 1083 Bernhardyus
2138 1039 2206 1072 Ar·

1163 1094 1323 1128 menida’
1340 1094 1572 1128 mentionem
1592 1093 1703 1129 latere
1718 1094 1878 1141 putavit.

1214 1150 1259 1187 P.
1284 1151 1358 1187 382
1372 1179 1382 1199 ,
1403 1152 1451 1187 ad
1473 1152 1597 1188 Calliae
1626 1151 1673 1190 fr.
1706 1165 1738 1189 1.
1757 1179 1807 1185 --
1827 1152 1940 1201 Apud
1969 1153 2207 1190 Macrobium

1163 1209 1251 1245 cod.
1272 1211 1386 1247 Paris.
1400 1210 1498 1255 6371
1518 1223 1590 1259 pro
1610 1209 1644 1246 δὲ
1662 1208 1784 1260 χερρός
1805 1210 1896 1247 ἐστιν
1913 1208 1952 1247 τό
1968 1209 1998 1247 τ’
2018 1209 2096 1262 ὅρος
2116 1220 2207 1261 etc.,

1162 1268 1304 1316 praebet
1315 1267 1690 1306 AEEXYTOCECTl
1698 1268 1942 1315 NOTOPOC,
1950 1269 2055 1317 quod
2063 1270 2208 1307 Schnei-

1165 1326 1336 1362 dewinus
1364 1328 1404 1362 in
1422 1326 1496 1362 Rh.
1519 1328 1620 1362 Mus.
1656 1326 1770 1374 1843,
1801 1340 1838 1375 p.
1861 1326 1908 1362 83
1940 1329 2096 1376 corrigit
2115 1329 2154 1364 in
2174 1326 2206 1364 δὲ

1165 1382 1286 1435 ἐχυρός
1303 1384 1393 1421 ἐστιν
1411 1386 1429 1421 ὁ
1448 1383 1564 1426 τόπος.
1584 1384 1622 1403 **
1637 1382 1709 1421 Καὶ
1730 1384 1744 1434 [
1758 1387 1779 1430 ἠ
1798 1383 1937 1431 Παλικὴ
1952 1385 1967 1436 ]
1981 1414 1990 1432 ,
2007 1384 2046 1423 τὸ
2060 1385 2210 1423 παλαιὸν

1165 1443 1242 1480 κτλ.
1281 1444 1370 1479 Post
1397 1441 1500 1485 τόπος
1524 1444 1635 1492 plura
1677 1444 1799 1479 Calliae
1825 1445 1939 1480 verba
1964 1457 1986 1481 a
2013 1446 2210 1481 Macrobio

1169 1503 1325 1547 omissa,
1348 1502 1487 1537 deinde
1516 1503 1537 1546 ἢ
1561 1502 1593 1538 Π
1607 1500 1738 1546 αλικῦΙ
1757 1503 2010 1550 supplendum
2030 1516 2104 1540 esse
2125 1516 2210 1540 cen-

1166 1567 1234 1597 set.
1268 1561 1474 1597 Assentior.
1505 1581 1556 1586 —
1582 1562 1655 1596 Pro
1684 1559 1846 1602 Δείλλους
1869 1561 1963 1597 ibid.
1991 1562 2058 1599 lin.
2091 1561 2130 1606 3,
2166 1574 2211 1597 ex

1168 1619 1248 1654 aliis
1267 1619 1516 1668 scriptoribus
1530 1619 1730 1667 legendum
1743 1620 1895 1655 videtur
1906 1618 2074 1670 Δέλλους;
2091 1620 2212 1656 codex

1167 1678 1284 1714 Paris.
1303 1678 1419 1714 habet
1437 1678 1477 1716 h.
1501 1678 1527 1715 l.
1551 1677 1837 1716 ΔΕΑΛΛΟΥΣ.

1221 1735 1314 1785 Pag.
1334 1736 1407 1772 385
1420 1750 1460 1782 a,
1473 1738 1536 1772 lin.
1553 1735 1613 1772 25.
1625 1738 1784 1786 —Lege
1801 1748 1808 1773 :
1826 1739 2081 1774 nondiversum
2091 1736 2215 1784 fuisse

1167 1796 1315 1831 videtur
1329 1794 1375 1832 τὸ
1397 1797 1436 1845 βι
1449 1793 1566 1832 ὅλίον
1587 1803 1655 1831 etc.

1221 1853 1311 1903 Pag.
1328 1854 1417 1900 385,
1429 1861 1509 1892 not.
1533 1867 1547 1889 1
1559 1883 1569 1902 ,
1585 1855 1650 1891 lin.
1668 1867 1702 1890 2.
1720 1875 1770 1880 -—
1788 1856 1886 1902 Lege
1906 1867 1914 1889 :
1932 1855 2058 1902 Deque
2075 1859 2118 1890 iis
2130 1869 2216 1903 quoe

1168 1914 1371 1949 Herodotus
1387 1917 1424 1948 in
1443 1914 1856 1960 AEgyptizclescriptione
1875 1925 1925 1948 ex
1944 1915 2122 1949 Hecatoeo
2139 1915 2214 1950 Mi-

1171 1974 1259 2008 lesio
1277 1976 1314 2007 in
1334 1985 1425 2020 opus
1439 1984 1541 2006 suum
1560 1979 1633 2008 etc.

1222 2029 1268 2069 P.
1289 2031 1374 2075 386,
1388 2031 1433 2068 fr.
1448 2044 1485 2068 2.
1505 2031 1734 2066 —Priorem
1745 2029 1856 2075 hujus
1865 2030 2216 2077 locipartemlatine

1170 2091 1283 2125 vertit
1299 2090 1440 2125 Natalis
1461 2090 1593 2125 Comes
1615 2089 1737 2136 Myth.
1770 2089 1849 2136 IX,
1874 2087 1909 2125 6.
1929 2088 2034 2125 Idem
2055 2091 2133 2133 IX,
2166 2088 2212 2124 15

1169 2149 1247 2184 haec
1272 2149 1381 2184 affert
1416 2161 1424 2183 :
1455 2149 1534 2183 Alii
1562 2148 1706 2190 dicunt,
1742 2151 1837 2182 inter
1869 2159 1958 2194 quos
1974 2145 2056 2192 fuit
2089 2149 2214 2185 Calli-

1170 2207 1317 2242 sthenes
1342 2210 1380 2242 in
1407 2208 1652 2253 Navigatione
1674 2205 1729 2254 (ἐν
1748 2203 1916 2257 Περίπλῳ
1937 2207 2014 2255 sc.)
2038 2216 2076 2242 et
2094 2210 2216 2244 Heca-

1172 2273 1266 2301 toeus
1286 2266 1332 2300 de
1359 2265 1620 2313 Hyperboreis,
1659 2266 1750 2301 duos
1774 2266 1885 2300 colles
1890 2262 2015 2310 fuisse
2038 2269 2074 2300 in
2094 2267 2216 2314 Phry.

1170 2328 1238 2372 gia
1247 2351 1259 2367 ,
1277 2327 1342 2372 qui
1355 2326 1472 2359 Aures
1488 2327 1587 2359 asini
1605 2332 1833 2366 vocarentur,
1859 2336 1968 2371 super
1985 2325 2072 2371 quib
2079 2337 2121 2359 us
2138 2338 2213 2360 mua

1173 2386 1355 2418 mitissima
1381 2383 1521 2431 oppicla
1546 2383 1695 2417 conditu
1708 2381 1875 2428 suerint,
1899 2395 1919 2417 e
1944 2383 2077 2430 quibus
2101 2385 2218 2420 latro-

1173 2454 1238 2477 nes
1256 2443 1461 2489 complures
1479 2444 1644 2477 viatores
1656 2449 1694 2476 et
1707 2443 1922 2490 peregrinos
1941 2442 2215 2480 adoriebantur.

1174 2502 1240 2536 His
1260 2502 1349 2536 locis
1363 2513 1472 2548 quum
1493 2513 1601 2535 arma
1626 2501 1754 2536 Midae
1775 2502 1974 2544 intulisset,
2007 2513 2053 2535 ac
2070 2503 2218 2549 oppidis

1173 2573 1245 2608 per
1259 2563 1338 2595 vim
1346 2563 1490 2608 potitus
1505 2557 1654 2601 fuisset,
1675 2560 1901 2595 obtruncatis
1919 2571 2042 2594 eorum
2059 2561 2218 2596 loc-orum

1178 2619 1396 2661 latronibus,
1421 2619 1541 2652 dictus
1564 2626 1618 2653 est
1624 2616 1806 2664 fabulose
1819 2630 1928 2653 aures
1944 2621 2041 2652 asini
2063 2618 2215 2655 habere.

1177 2678 1305 2714 Graece
1325 2678 1401 2712 haec
1421 2677 1598 2725 leguntur
1618 2688 1680 2724 ap.
1704 2678 1870 2712 Tzetzem
1890 2677 1930 2711 in
1954 2678 2046 2723 Lye.
2083 2681 2177 2719 1401
2205 2692 2211 2712 ;

1178 2734 1347 2784 Λέγουσιν
1361 2735 1396 2771 ἐν
1418 2733 1560 2785 Φρυγίᾳ
1578 2733 1637 2771 δύο
1652 2727 1738 2770 εἶναι
1754 2733 1878 2785 λόφους
1894 2733 2126 2783 καλουμένους
2144 2728 2218 2773 ὦτα

1177 2791 1254 2830 ὄνου
1269 2822 1279 2842 ,
1299 2787 1415 2842 ὧνπερ
1445 2794 1462 2829 ὁ
1498 2792 1612 2834 Μίδας
1642 2791 1819 2843 κρατήσας
1851 2791 1910 2829 καὶ
1933 2791 2011 2835 τοὺς
2042 2794 2076 2830 ἐν
2100 2795 2217 2837 αὐτοῖς

1178 2850 1307 2902 λῃστὰς
1341 2850 1488 2895 ἀνελὼν,
1513 2850 1681 2898 ἐμυθεύθη
1710 2849 1801 2902 ἔχειν
1826 2849 1903 2888 ὄνου
1931 2843 2018 2890 ὦτα.
2041 2853 2097 2889 Cf.
2127 2855 2217 2890 Dio-

1178 2911 1326 2958 genian.
1349 2911 1424 2955 Vl,
1461 2909 1529 2955 73,
1555 2910 1674 2945 schol.
1695 2911 1888 2958 Aristoph.
1920 2909 2019 2946 Plut.
2054 2911 2142 2958 287.
2164 2914 2221 2948 De

1179 2969 1282 3004 Mida
1299 2968 1470 3015 quaedam
1491 2968 1700 3003 afferuntur
1716 2981 1781 3017 ap.
1803 2969 1910 3004 Stob.
1932 2971 2035 3006 Flor.
2056 2972 2144 3014 VII,
2169 2970 2219 3019 69

1179 3040 1224 3063 ex
1244 3028 1476 3063 Callisthenis
1506 3027 1576 3074 (fr.
1611 3026 1684 3076 45)
1712 3028 2092 3077 Metamorphosibus.
2123 3030 2220 3064 Hinc

1180 3086 1332 3121 fortasse
1369 3098 1476 3120 suum
1502 3086 1765 3122 Callisthenem
1793 3085 1901 3123 finxit
1929 3087 2082 3123 Natalis.
2111 3087 2221 3123 Unde

1180 3157 1269 3181 vero
1288 3145 1503 3179 Hecataeum
1522 3145 1741 3192 arripuerit,
1760 3145 1901 3181 nescio.

1231 3201 1322 3250 Pag.
1342 3201 1429 3249 389,
1443 3201 1489 3240 fr.
1515 3215 1577 3247 12,
1593 3204 1657 3240 lin.
1677 3216 1710 3248 7,
1727 3204 1766 3238 in
1787 3204 1928 3249 latinis,
1948 3211 2055 3252 post:
2072 3205 2217 3250 Οζγιηρ.

1178 3264 1416 3295 centesimam
1432 3260 1528 3296 adde
1541 3265 1812 3308 octogesimam.

1231 3318 1324 3367 Pag.
1344 3318 1434 3363 453,
1456 3319 1501 3356 fr.
1522 3319 1542 3355 3
1559 3332 1596 3357 a.
1618 3341 1669 3346 —
1683 3321 1829 3357 Sotion.
1848 3322 1904 3356 De
1919 3318 2034 3355 fluvv.
2057 3326 2093 3354 et
2107 3318 2214 3353 fontt.

1179 3378 1224 3415 fr.
1242 3379 1435 3423 XXXIII,
1454 3390 1480 3426 p
1512 3377 1582 3414 188
1600 3379 1638 3413 in
1652 3377 1837 3416 paradox.
1855 3379 2053 3414 Westerm.
2075 3390 2082 3411 ε
2101 3374 2217 3426 Ἱερώ-

2032 3448 2066 3472 42
