2372 3704
885 241 1140 280 TIMAGETI
1171 243 1505 283 FRAGMENTA.

110 331 218 368 titulo
228 327 416 375 inscriptis
437 327 603 376 colligas,
624 328 758 363 Nescio
777 339 826 364 an
843 336 947 364 recte
971 329 1152 376 conjece—
1191 334 1196 367 l

115 388 187 422 rim
203 386 356 423 eosdem
371 385 488 422 libros
502 383 651 423 Κύκλων
664 387 818 422 nomine
834 399 854 423 a
868 387 983 423 Suida
1002 387 1048 436 (v.
1062 388 1162 424 Μου-

116 444 232 493 σαῖος)
263 445 467 493 designari,
500 445 554 480 ita
586 445 746 490 scilicet,
775 452 818 480 ut
847 446 1008 481 Theseus
1036 443 1162 482 κύκλον

114 504 285 539 virorum
310 503 434 549 bello,
466 503 657 548 doctrina,
691 504 836 539 artibus
864 510 934 541 etc.
972 505 1161 539 clarorum

117 561 327 598 distinxerit
348 561 422 611 (cf.
460 558 584 598 κύκλον
620 562 792 612 σοφιστῶν
827 576 861 601 κ.
895 562 1068 599 ἐποποιῶν
1100 574 1159 611 ap.

115 619 292 658 Welckd.
307 621 332 658 l.
346 633 386 669 p.
409 618 487 669 51).
508 620 565 656 Ne
585 618 836 657 confidentius
854 621 1069 668 loquamur,
1088 622 1162 656 ob-

115 684 188 715 stat
207 679 376 716 Suidiani
401 680 478 714 loci
490 680 588 714 ratio
604 680 749 717 critica.
771 701 823 707 —
844 680 1061 727 Sequuntur
1090 680 1161 715 fra-

115 744 267 785 gmenta
284 737 376 782 duo,
393 749 475 785 quae
491 749 536 773 ex
550 737 655 773 libris
678 736 767 787 Περὶ
787 735 928 780 ἐνδόξων
943 738 1063 785 petita
1084 750 1161 774 esse

115 795 306 832 videntur.

622 871 660 894 2.

169 935 309 972 Stohaei
321 934 456 973 Floril.
475 934 562 982 VII,
579 946 626 979 70
651 946 661 970 ε
681 931 749 971 Ἐκ
768 934 835 971 τῶν
853 932 1013 979 Θησέως.
1029 935 1162 983 Λοιμοῧ

116 990 354 1043 κατασχόντος
377 990 440 1037 τὴν
459 990 709 1041 Λακεδαίμονα
735 989 792 1029 διὰ
809 989 873 1037 τὴν
893 990 1067 1044 ἀναίρεσιν
1094 993 1161 1029 τῶν

117 1049 278 1102 κηρύκων
306 1051 374 1088 τῶν
405 1049 680 1098 ἀπεσταλμένων
703 1048 799 1100 παρὰ
827 1048 958 1101 Ξέρξου
989 1050 1163 1093 αἰτοῦντος

116 1110 181 1160 γ’ῆν
195 1106 255 1145 καὶ
268 1106 374 1159 ὕδωρ,
389 1107 507 1158 ὥσπερ
524 1106 687 1159 ἀπαρχὰς
703 1107 875 1154 δουλείας,
889 1107 1049 1160 χρησμὸς
1062 1107 1161 1154 ἐδόθη

117 1165 453 1218 ἀπαλλαχθήσεσθαι
469 1164 614 1215 αὐτοὺς,
632 1164 663 1203 εἴ
675 1164 715 1217 γε’
730 1181 817 1209 τινες
837 1164 966 1204 ἕλοιντο
985 1166 1161 1204 Λακεδαι-

117 1223 245 1273 μονίων
271 1221 368 1275 παρὰ
384 1226 443 1261 τοῦ
465 1221 636 1275 βασιλέως
659 1225 895 1275 ἀναιρεθῆναι.
918 1223 1008 1262 Τότε
1027 1223 1162 1270 Βούλης

117 1280 177 1319 καὶ
205 1279 372 1333 Σπέρχης
401 1281 602 1333 ἀφικόμενοι
630 1283 675 1325 εἷς
708 1281 853 1334 βασιλέα
885 1281 999 1328 ἠξίουν
1019 1283 1162 1333 ἀναιρε-

117 1341 235 1386 θῆναι·
264 1341 282 1378 ὁ
308 1338 345 1377 δὲ
372 1339 555 1390 θαυμάσας
582 1340 695 1378 αὐτῶν
724 1339 786 1386 τὴν
817 1339 954 1393 ἀρετὴν,
987 1339 1162 1378 ἐπανιέναι

116 1395 341 1448 προσέταξεν.
370 1400 416 1437 V.
447 1400 668 1448 Wesseling.
695 1407 732 1435 et
761 1400 940 1436 Valcken.
967 1400 1016 1436 ad
1036 1401 1162 1436 Hero-

117 1456 198 1493 dot.
214 1457 302 1502 VII,
327 1456 413 1499 134.

621 1520 658 1557 3.

169 1595 340 1633 Stobaeus
366 1596 497 1632 Floril.
520 1596 713 1645 V11,67:
733 1593 800 1633 Ἐκ
819 1595 887 1632 τῶν
904 1594 1065 1642 Θησέως.
1083 1598 1161 1635 Λα.

117 1651 331 1703 κεδαιμόνιοι
348 1653 408 1690 καὶ
423 1652 568 1706 Ἀργεῖοι
581 1652 661 1703 περὶ
674 1652 806 1705 χωρίου
821 1653 981 1706 Θυραίας
999 1653 1162 1715 (Θυρεά-

116 1711 273 1754 τιδοςῐῐι.
285 1711 297 1758 )
331 1711 366 1748 ἐν
384 1709 532 1763 μεθορίῳ
548 1709 729 1761 κειμένης,
748 1709 853 1763 μέχρι
874 1710 935 1762 μέν
964 1726 1056 1756 τινος
1072 1700 1163 1756 ὅλοις

117 1773 188 1812 τοῖς
203 1783 442 1821 στρατευμασι
458 1768 718 1821 παρετάσσοντο
737 1768 823 1822 πρὸς
848 1769 1033 1817 ἀλλήλους,
1059 1769 1156 1814 τέλος

118 1826 229 1872 ἔδοξεν
249 1827 363 1870 αὐτοῖς
385 1826 538 1872 επιλεῗ-ἀι
551 1830 636 1879 παρ
651 1827 824 1880 ἑκατέρων
851 1829 1080 1880 τριακοσίους,
1098 1831 1162 1867 κά-

118 1882 240 1924 κείνων
257 1885 515 1945 μαχεσαμένων
531 1888 600 1928 τοῖς
615 1901 832 1938 κρατησασιν
847 1885 1019 1939 διαφέρειν
1033 1886 1072 1925 τὸ
1085 1903 1162 1939 χω·-

119 1943 205 1996 ρίον.
224 1946 344 1995 Οὗπερ
357 1944 555 1995 γενομένου,
572 1944 764 1995 Ὀθρυάδης
775 1945 1048 1995 Λακεδαιμόνιος
1062 1960 1164 1998 στρα·

118 2001 244 2050 τιώτης
271 2002 421 2045 πολλους
449 2002 655 2045 ἀποκτείνας
690 2002 750 2040 καὶ
789 2002 903 2040 πολλὰ
945 2004 1158 2054 τετρωμένος

119 2059 232 2098 ἔκειτο
252 2059 381 2109 μεταξὺ
401 2062 467 2097 τῶν
478 2058 717 2111 ἀνῃρημένων
739 2060 1025 2110 Λακεδαιμονίων
1062 2060 1164 2110 μόνος

119 2117 365 2177 περιλειφθεις,
384 2116 544 2169 Ἀργείων
565 2117 601 2154 δὲ
623 2116 682 2154 δύο
700 2117 877 2169 Ἀλκήνωρ
906 2119 966 2156 καὶ
987 2119 1160 2170 Χρόμιος·

118 2178 166 2213 ὢν
204 2175 422 2214 ἀπελθόντων
456 2177 502 2219 εἰς
539 2174 661 2227 Αργος
699 2176 911 2226 ἀπαγγεῖλαι
948 2177 1011 2223 τὴν
1050 2177 1159 2225 νίκην,

118 2234 314 2286 Ὀθρυάδης
330 2233 476 2278 πολλους
502 2233 693 2278 σκυλεύσας
706 2237 774 2272 τῶν
794 2235 972 2285 πολεμίων
993 2233 1159 2286 τρόπαιον

118 2291 263 2340 ἔστησε,
297 2292 357 2330 καὶ
387 2292 609 2345 χρησάμενος
637 2296 686 2345 τῷ
706 2295 773 2331 τῶν
794 2293 1004 2345 τραυμάτων
1022 2293 1160 2344 αἵματι,

118 2350 328 2404 ἐπέγραψεν·
360 2351 718 2402 Λακεδαιμονίων
742 2351 832 2390 κατ’
858 2351 1056 2404 Ἀργείων
1070 2368 1079 2377 ·
1098 2353 1158 2390 καὶ

118 2413 220 2447 τοῦτο
238 2409 372 2461 πράξας
393 2409 576 2448 ἀπέθανεν.

623 2546 658 2578 2.

161 2612 186 2642 E
201 2610 290 2642 libris
302 2609 426 2642 Thesei.
439 2611 530 2642 Peste
544 2610 806 2643 Lacedaemonem
817 2612 946 2643 tenente
956 2612 1086 2652 propter
1099 2620 1163 2644 cae-

118 2661 192 2694 dem
206 2669 391 2702 praeconum
402 2684 411 2701 ,
426 2670 508 2702 quos
519 2663 642 2703 Xerxes
657 2662 798 2702 miserat,
812 2664 850 2695 ut
859 2663 980 2695 terram
993 2665 1025 2695 et
1034 2672 1164 2704 aquam,

118 2714 231 2754 utpote
245 2711 409 2744 servitutis
432 2712 600 2753 primitias,
615 2714 830 2754 postularent,
851 2715 1018 2746 oraculum
1042 2714 1164 2747 editum

118 2766 178 2806 oet,
197 2765 263 2797 fore
287 2764 505 2797 liberationem
514 2789 524 2805 ,
549 2765 576 2797 si
590 2766 647 2806 qui
674 2775 714 2798 ex
730 2766 980 2799 Lacedaemoniis
1003 2775 1023 2799 a
1037 2776 1110 2807 rege
1133 2776 1167 2800 se

119 2818 313 2850 occidendos
329 2818 454 2850 darent.
477 2821 559 2851 Tum
575 2819 670 2851 Bules
685 2822 717 2851 et
730 2820 885 2860 Sperches
897 2820 937 2852 ad
957 2829 1062 2861 regem
1077 2829 1167 2853 acce-

119 2870 231 2902 dentes
246 2869 349 2902 occidi
368 2870 454 2910 ipsos
475 2869 648 2910 jusserunt.
675 2871 734 2904 Ille
759 2880 837 2904 vero
852 2871 1006 2904 virtutem
1023 2872 1165 2904 virorum

119 2922 295 2955 admiratus
308 2922 412 2955 redire
424 2931 478 2955 eos
488 2922 593 2963 jussit.

625 2996 660 3028 3.

160 3067 187 3097 Ε
202 3065 291 3098 libris
306 3066 431 3099 Thesei.
451 3067 687 3100 Lacedaemonii
702 3069 734 3100 et
745 3069 851 3110 Argivi
864 3069 904 3101 de
917 3069 1108 3110 Thyreatide
1122 3078 1167 3102 re-

120 3117 212 3158 gione
235 3118 268 3150 in
283 3119 428 3152 confiniis
452 3121 513 3152 sita
538 3121 766 3154 contendentes
792 3122 989 3163 aliquamdiu
1014 3123 1168 3155 universis

121 3177 196 3201 cum
212 3170 406 3203 exercitibus
421 3171 532 3212 proelia
546 3172 629 3205 inter
643 3182 677 3205 se
690 3174 932 3214 commiserunt,
948 3174 1077 3206 tandem
1091 3183 1167 3206 vero

120 3221 241 3261 placuit
255 3224 415 3255 trecentos
426 3225 512 3256 viros
524 3225 675 3266 utrinque
687 3227 835 3268 seligere,
849 3230 946 3267 atque
961 3227 1014 3267 iis,
1028 3236 1165 3267 quorum

121 3280 237 3305 manus
245 3274 357 3313 proelio
369 3275 511 3315 superior
525 3277 633 3308 sutura
646 3278 744 3317 esset,
757 3279 883 3318 regione
896 3279 948 3310 illa
959 3278 1082 3310 cedere.
1096 3281 1166 3316 Quo

122 3323 224 3363 sacto,
243 3325 422 3365 Othryades
437 3327 698 3361 Lacedaemonius
713 3329 803 3361 miles
819 3331 890 3368 post
907 3330 1084 3361 multorum
1101 3338 1164 3361 σεε-

121 3373 194 3406 dem
208 3375 318 3407 multis
329 3377 492 3410 confectus
507 3379 709 3419 vulneribus,
727 3380 852 3420 ⁸iacebat
866 3381 947 3412 inter
968 3381 1087 3412 occisos
1106 3383 1165 3412 La-

122 3425 333 3459 cedaemonios
348 3424 432 3461 solu's
445 3433 619 3471 superstes;
634 3440 674 3463 ex
690 3432 811 3472 Argivis
824 3442 900 3465 vero
910 3433 973 3465 duo
984 3433 1167 3473 superstites

2182 256 2260 291 519

1493 380 1993 441 TIMAGETUS.

1554 526 1673 564 ΠΕΡΙ
1703 527 1791 565 ΛΙΜ
1800 527 1946 566 ΕΝΩΝ.

1731 655 1762 680 1.

1277 731 1402 767 Schol.
1425 733 1551 780 Apoll.
1574 732 1702 768 Rhod.
1730 734 1795 780 lv,
1823 732 1931 782 259:
1951 732 2164 807 Τιμάγητος
2177 734 2248 773 δὲ’
2233 752 2266 774 εν
2283 756 2298 771 0

1225 788 1257 825 α’
1276 788 1364 840 Περι
1380 787 1530 838 λιμένων
1546 788 1603 826 τὸν
1618 788 1756 841 Ἴστρον
1771 805 1856 842 φησι
1875 805 2009 843 καταφε
1995 790 2164 844 ”ρεσθαι
2149 809 2188 831 εκ
2201 797 2268 832 τῶν

1225 848 1404 885 Κελτικῶν
1430 849 1530 899 ὀρῶν,
1557 851 1631 885 εἶτα
1662 848 1833 887 ἐκδιδόναι
1857 850 1903 892 εἷς
1925 849 2097 896 Κελτικὴν
2122 851 2268 901 λίμνην·

1224 904 1312 955 μετὰ
1333 904 1368 942 δὲ
1388 908 1497 942 ταῦτα
1521 906 1568 949 εἷς
1585 904 1644 943 δύο
1673 905 1852 957 σχίζεσθαι
1871 906 1910 944 τὸ
1929 906 2019 959 υδωρ
2033 937 2043 957 ,
2065 923 2124 946 και
2148 909 2186 947 τὸ
2206 910 2268 959 μὲν

1224 964 1270 1006 εἷς
1288 961 1345 1000 τὸν
1363 961 1521 1007 Εὔξεινον
1537 962 1661 1001 πόντον
1681 963 1893 1015 εἷσὸάλλειν,
1910 965 1948 1002 τὸ
1969 963 2004 1017 δὲ
2024 967 2070 1009 εἷς
2096 966 2158 1013 τὴν
2179 970 2269 1009 Κελ-

1223 1020 1322 1067 τικὴν
1343 1020 1523 1060 θάλασσαν
1539 1037 1547 1045 ·
1569 1020 1626 1059 διὰ
1646 1021 1681 1059 δὲ
1702 1021 1824 1060 τούτου
1845 1026 1903 1061 τοῦ
1925 1022 2096 1073 στόματος
2121 1026 2270 1067 πλεῦσαι

1224 1077 1301 1122 τοὺς
1320 1078 1569 1131 Ἀργοναύτας,
1585 1079 1646 1117 καὶ
1663 1081 1770 1118 ἐλθεῖν
1799 1082 1846 1125 εἷς
1865 1082 2077 1133 Τυρρηνίαν.
2100 1086 2269 1122 Κατακο-

1226 1137 1341 1175 λουθεῒ
1370 1137 1406 1176 δὲ
1427 1138 1522 1189 αὐτῷ
1550 1136 1611 1175 καὶ
1627 1137 1870 1182 Ἀπολλώνιος.
1892 1141 1945 1178 Cf.
1964 1141 2099 1181 Ukert.
2121 1143 2262 1192 Geogr.

1225 1198 1277 1242 ΙΙ,
1301 1210 1340 1246 2,
1359 1209 1399 1245 p.
1418 1196 1479 1234 25.
1499 1196 1563 1240 45.

1277 1256 1335 1293 Cf.
1355 1256 1457 1292 idem
1480 1257 1543 1301 IV,
1568 1255 1642 1299 284
1671 1270 1679 1292 ι
1710 1253 1873 1308 Ἴστρον
1903 1272 1972 1306 μιν
2002 1256 2231 1302 καλέοντες
2259 1271 2268 1298 :

1227 1312 1296 1352 Τὸν
1317 1311 1456 1364 Ἴστρον
1477 1313 1581 1365 φησὶν
1610 1316 1648 1352 ἐκ
1664 1317 1731 1352 τῶν
1749 1314 1992 1366 εΥπερὸορέων
2013 1315 2270 1368 καταφέρεσθαι

1224 1372 1368 1410 καὶτῶν
1383 1371 1555 1411 Ῥιπαίων
1578 1374 1684 1425 ὀρῶν·
1702 1372 1791 1411 οὕτω
1814 1373 1849 1412 δὲ
1869 1368 1962 1412 εἶπεν
1987 1375 2182 1413 ἀκολουθῶν
2202 1378 2269 1416 Αἰ·

1224 1429 1343 1481 σχύλῳ
1361 1431 1394 1467 ἐν
1415 1430 1583 1482 Λυομένῳ
1620 1433 1803 1482 Προμηθεῖ
1819 1431 1951 1483 λέγοντι
1979 1436 2099 1471 τοῦτο·
2127 1434 2271 1485 γενόμε-

1224 1503 1280 1526 νον
1301 1487 1338 1525 δὲ
1359 1487 1487 1537 μεταξὺ
1513 1490 1656 1527 Σκυθῶν
1686 1489 1745 1526 καὶ
1762 1490 1915 1541 Θρᾳκῶν
1932 1490 2129 1542 σχίζεσθαι·
2149 1492 2208 1530 καὶ
2232 1493 2272 1530 τὸ

1226 1545 1288 1596 μὲν
1307 1547 1316 1596 (
1330 1547 1376 1590 εἷς
1391 1545 1455 1592 τὴν
1470 1548 1550 1584 καθ’
1567 1550 1660 1596 ἡμᾶς
1674 1547 1853 1585 θάλασσαν
1871 1548 2052 1586 ἐκὸάλλειν
2070 1550 2212 1602 ῥεῖθρον·
2229 1552 2270 1590 τὸ

1226 1605 1286 1655 δὲ)
1307 1606 1354 1648 εἷς
1372 1604 1435 1651 τὴν
1456 1604 1631 1651 Ποντικὴν
1657 1606 1836 1644 θάλασσαν
1865 1606 2042 1644 ἐκπίπτειν
2056 1622 2064 1630 ·
2091 1608 2130 1646 τὸ
2150 1608 2206 1679 δὲ,
2225 1611 2271 1652 εἷς

1224 1663 1282 1702 τὸν
1299 1663 1512 1715 Ἀδριατικὸν
1526 1664 1685 1703 κόλπον..
1712 1663 1862 1707 .Οὖδεὶς
1878 1663 1937 1701 δὲτ
1929 1667 2067 1717 ιστορεῒ,
2080 1665 2135 1703 ’διὰ
2149 1665 2271 1705 τούτου

1224 1721 1302 1765 τους
1322 1721 1549 1773 Ἀργοναύτας
1564 1694 1848 1760 εἷσπεπλευκέναι
1865 1724 1911 1766 εἷς
1935 1722 1997 1769 τὴν
2017 1724 2190 1777 ἡμετέραν
2208 1724 2272 1762 θά-

1224 1779 1413 1826 λασσαν,”
1395 1779 1460 1823 εξω
1478 1779 1705 1830 Τιμαγήτου,
1724 1783 1753 1817 ὡ
1769 1779 2002 1827 ἠκολούθησεν
2029 1781 2266 1826 Ἀπολλώνιος.

1225 1841 1346 1889 Igitur
1361 1841 1574 1888 Timagetus
1591 1841 1797 1889 Apollonio
1817 1842 2024 1889 antiquior.

1711 1938 1747 1962 2.

1279 2006 1385 2042 Idem
1405 2007 1478 2050 IV,
1509 2005 1625 2043 306:
1648 2005 1795 2043 Καλὸν
1821 2004 1863 2042 δὲ
1886 2005 1953 2042 διὰ
1981 2006 2156 2055 στόμα·
2148 2037 2155 2044 .
2179 2007 2270 2059 Ἱρία

1225 2063 1383 2113 στόματα
1402 2062 1502 2114 ἔχειὸ
1512 2060 1663 2112 Ἴσ·τρος
1682 2066 1728 2100 ὧν
1745 2062 1780 2100 ἓν
1797 2063 1934 2114 λέγεται
1956 2063 2097 2102 Καλὸν
2119 2064 2269 2114 στόμα,

1224 2137 1270 2164 ως
1295 2136 1379 2173 φησι
1402 2120 1606 2172 Ιιμάγητος
1643 2121 1677 2157 ἐν
1697 2123 1746 2172 τῷ
1769 2121 1856 2172 Περὶ
1884 2120 2054 2170 λιμένων·
2086 2123 2133 2164 εἷς
2153 2138 2170 2160 ο
2187 2137 2270 2175 φησι

1224 2180 1373 2216 πλεῦσαι
1395 2178 1452 2216 τὸν
1470 2176 1652 2230 Ἄψυρτον,
1673 2178 1736 2228 [τὸ
1762 2178 1796 2216 δὲ
1821 2177 1983 2230 Ἄρηος
1965 2196 1986 2223 η
2014 2177 2160 2231 Ἄρηκος
2179 2182 2267 2221 cod.

1224 2239 1366 2283 Paris.;
1396 2236 1434 2274 τὸ
1463 2237 1629 2287 Νάρακον
1651 2236 1765 2286 στόμα
1785 2251 1847 2287 ap.
1879 2241 1965 2274 Arr.
1995 2239 2106 2274 Ponti
2126 2240 2268 2288 Peripl.

1223 2309 1261 2345 p.
1288 2296 1356 2342 23;
1377 2295 1416 2332 τὸ
1451 2295 1627 2347 Ναράκιον
1659 2298 1785 2333 Anon.
1814 2298 1897 2335 Per.
1920 2310 1959 2345 p.
1996 2309 2062 2345 ιι,
2094 2299 2271 2334 Nat-acu·-

1223 2363 1341 2390 stoma
1352 2355 1448 2390 Plin.
1462 2356 1525 2400 lv,
1544 2359 1605 2403 14,
1623 2358 1687 2404 243
1701 2352 1906 2404 Ἰναριάκιον
1921 2367 2020 2392 corr.
2033 2356 2186 2391 Plolem.
2202 2356 2271 2401 111,

1229 2425 1292 2457 10,
1315 2411 1374 2462 5].

1224 2521 1315 2552 erant
1334 2521 1468 2552 Alcenor
1484 2521 1517 2552 et
1539 2520 1720 2552 Chromius.
1740 2520 1865 2558 Quibus
1880 2523 1979 2560 Argos
1991 2521 2157 2561 profectis,
2170 2524 2206 2552 ut
2228 2522 2271 2552 vi-

1225 2572 1357 2604 ctoriam
1370 2572 1576 2610 nuntiarent,
1593 2571 1789 2612 Othryades,
1815 2572 1923 2612 spoliis
1942 2573 2117 2604 multorum
2132 2572 2270 2604 hostium

1224 2624 1374 2656 detractis
1384 2647 1393 2663 ‚
1413 2625 1571 2664 tropaeum
1583 2623 1697 2663 erexit,
1714 2624 1746 2655 et
1761 2624 1915 2664 sanguine
1930 2624 2101 2656 vulnerum
2118 2626 2210 2656 utens
2225 2624 2272 2655 in-

1224 2675 1348 2716 scripsit
1373 2675 1403 2707 ei
1426 2688 1434 2707 2
1453 2674 1700 2707 Lacedaemonii
1728 2677 1852 2707 contra
1875 2677 2039 2716 Aryivos;
2061 2684 2163 2717 eoque
2190 2676 2273 2708 racto

1225 2728 1407 2769 exspiravit.

1558 2786 1624 2824 DE
1650 2786 1938 2825 PORTUBUS.

1734 2875 1766 2907 1.

1268 2937 1454 2978 Timagetus
1482 2936 1565 2968 libro
1586 2938 1632 2968 De
1653 2936 1811 2977 portubus
1837 2938 1955 2968 Istrum
1980 2936 2059 2968 dicit
2089 2936 2203 2968 deferri
2232 2945 2271 2968 ex

1227 2988 1356 3021 Celticis
1368 2988 1548 3028 montibus,
1563 2987 1678 3020 deinde
1691 2988 1725 3019 in
1741 2988 1847 3020 lacum
1859 2989 2017 3020 Celticum
2033 2988 2182 3028 influere3
2198 2990 2270 3029 post

1226 3040 1295 3072 hacc
1311 3040 1344 3072 in
1359 3040 1440 3072 duos
1457 3040 1558 3072 scindi
1571 3040 1697 3080 alveos,
1714 3049 1852 3081 quorum
1866 3040 1946 3072 alter
1970 3041 2003 3072 in
2020 3043 2157 3073 Pontum
2171 3042 2269 3072 Euxi-

1226 3100 1323 3130 num,
1336 3091 1416 3123 alter
1429 3091 1462 3122 in
1484 3091 1642 3123 Celticum
1664 3099 1752 3123 mare
1776 3100 1809 3124 se
1822 3093 1984 3124 exoneret.
2001 3094 2061 3124 Per
2076 3092 2136 3123 hoc
2153 3091 2268 3123 ostium

1225 3143 1408 3184 navigantes
1421 3145 1621 3184 Argonautas
1634 3144 1666 3176 in
1679 3144 1887 3185 Tyrrheniam
1901 3144 2034 3176 venisse.

1725 3217 1758 3248 2.

1267 3280 1345 3311 ister
1369 3280 1430 3311 tria
1446 3280 1542 3312 habet
1559 3281 1639 3312 ostia
1652 3304 1661 3319 ,
1687 3288 1824 3320 quorum
1847 3288 1949 3311 unum
1966 3279 2082 3310 dicitur
2100 3276 2267 3308 Pulcrum

1225 3332 1350 3362 ostium
1371 3331 1424 3370 (ut
1441 3331 1485 3362 ait
1499 3331 1681 3371 Timagetus
1702 3332 1734 3362 in
1750 3339 1845 3371 opere
1861 3333 1906 3362 De
1923 3330 2117 3371 portubus),
2135 3327 2166 3357 in
2181 3326 2266 3366 qnod

1226 3384 1398 3423 Apsyrtum
1414 3380 1610 3424 innavigasse
1627 3385 1717 3424 poeta
1734 3383 1829 3422 dicit,
1856 3383 1992 3415 alterum
2015 3390 2089 3412 vero
2110 3379 2196 3411 Areis
2215 3378 2264 3409 vel

1227 3434 1343 3466 Arecis.
