<?xml version="1.0" encoding="UTF-8"?>
<!DOCTYPE html PUBLIC "-//W3C//DTD XHTML 1.0 Transitional//EN"
    "http://www.w3.org/TR/xhtml1/DTD/xhtml1-transitional.dtd">
<html xmlns="http://www.w3.org/1999/xhtml" xml:lang="en" lang="en">
 <head>
  <title>
</title>
<meta http-equiv="Content-Type" content="text/html;charset=utf-8" />
  <meta name='ocr-system' content='tesseract 3.04.00' />
  <meta name='ocr-capabilities' content='ocr_page ocr_carea ocr_par ocr_line ocrx_word'/>
</head>
<body>
  <div class='ocr_page' id='page_1' title='image "./fragmentahistori04mueluoft_0307.png"; bbox 0 0 2326 3724; ppageno 0'>
   <div class='ocr_carea' id='block_1_1' title="bbox 819 231 1496 275">
    <p class='ocr_par' dir='ltr' id='par_1_1' title="bbox 819 231 1496 275">
     <span class='ocr_line' id='line_1_1' title="bbox 819 231 1496 275; baseline 0.009 -6"><span class='ocrx_word' id='word_1_1' title='bbox 819 231 882 270; x_wconf 88' lang='lat' dir='ltr'><strong>ET</strong></span> <span class='ocrx_word' id='word_1_2' title='bbox 910 231 1126 270; x_wconf 84' lang='lat' dir='ltr'><strong>ALCETAE</strong></span> <span class='ocrx_word' id='word_1_3' title='bbox 1164 233 1496 275; x_wconf 85' lang='lat' dir='ltr'><strong>FRAGMENTA.</strong></span> 
     </span>
    </p>
   </div>
   <div class='ocr_carea' id='block_1_2' title="bbox 391 339 822 455">
    <p class='ocr_par' dir='ltr' id='par_1_2' title="bbox 391 339 822 455">
     <span class='ocr_line' id='line_1_2' title="bbox 591 339 629 377; baseline 0.053 -2"><span class='ocrx_word' id='word_1_4' title='bbox 591 339 612 375; x_wconf 84' lang='lat'>3</span> <span class='ocrx_word' id='word_1_5' title='bbox 621 369 629 377; x_wconf 95' lang='lat'><strong>.</strong></span> 
     </span>
     <span class='ocr_line' id='line_1_3' title="bbox 391 417 822 455; baseline 0.002 -2"><span class='ocrx_word' id='word_1_6' title='bbox 391 418 422 453; x_wconf 89' lang='lat' dir='ltr'><strong>E</strong></span> <span class='ocrx_word' id='word_1_7' title='bbox 449 417 600 454; x_wconf 89' lang='lat' dir='ltr'>LIBRO</span> <span class='ocrx_word' id='word_1_8' title='bbox 629 417 822 455; x_wconf 88' lang='lat' dir='ltr'><strong>TERTIO.</strong></span> 
     </span>
    </p>
   </div>
   <div class='ocr_carea' id='block_1_3' title="bbox 83 496 1138 900">
    <p class='ocr_par' dir='ltr' id='par_1_3' title="bbox 83 496 1138 900">
     <span class='ocr_line' id='line_1_4' title="bbox 136 496 1134 550; baseline 0.001 -13"><span class='ocrx_word' id='word_1_9' title='bbox 136 500 245 538; x_wconf 87' lang='lat' dir='ltr'><strong>Idem</strong></span> <span class='ocrx_word' id='word_1_10' title='bbox 261 500 325 546; x_wconf 85' lang='lat' dir='ltr'><strong>IV,</strong></span> <span class='ocrx_word' id='word_1_11' title='bbox 353 498 452 548; x_wconf 84' lang='lat'>1396</span> <span class='ocrx_word' id='word_1_12' title='bbox 474 511 482 535; x_wconf 89' lang='lat'>:</span> <span class='ocrx_word' id='word_1_13' title='bbox 502 496 574 537; x_wconf 86' lang='grc' dir='ltr'><strong>Τὸν</strong></span> <span class='ocrx_word' id='word_1_14' title='bbox 595 496 766 550; x_wconf 85' lang='grc' dir='ltr'>δράκοντα</span> <span class='ocrx_word' id='word_1_15' title='bbox 790 498 942 537; x_wconf 86' lang='grc' dir='ltr'>Λάδωνα</span> <span class='ocrx_word' id='word_1_16' title='bbox 970 498 1134 539; x_wconf 83' lang='grc' dir='ltr'>ἐκάλουν.</span> 
     </span>
     <span class='ocr_line' id='line_1_5' title="bbox 87 555 1136 609; baseline -0.002 -12"><span class='ocrx_word' id='word_1_17' title='bbox 87 560 212 598; x_wconf 58' lang='lat' dir='ltr'><strong>[ovem</strong></span> <span class='ocrx_word' id='word_1_18' title='bbox 235 556 271 595; x_wconf 81' lang='grc' dir='ltr'><strong>δὲ</strong></span> <span class='ocrx_word' id='word_1_19' title='bbox 290 556 502 609; x_wconf 88' lang='grc' dir='ltr'>Πείσανδρος</span> <span class='ocrx_word' id='word_1_20' title='bbox 522 555 710 609; x_wconf 81' lang='grc' dir='ltr'>ὑπείληφεν</span> <span class='ocrx_word' id='word_1_21' title='bbox 730 556 800 594; x_wconf 87' lang='grc' dir='ltr'><strong>ἀπὸ</strong></span> <span class='ocrx_word' id='word_1_22' title='bbox 826 559 889 603; x_wconf 72' lang='grc' dir='ltr'><strong>τῆς</strong></span> <span class='ocrx_word' id='word_1_23' title='bbox 911 559 974 609; x_wconf 76' lang='grc' dir='ltr'>γῆς</span> <span class='ocrx_word' id='word_1_24' title='bbox 994 560 1136 609; x_wconf 82' lang='grc' dir='ltr'>γεγενῆ-</span> 
     </span>
     <span class='ocr_line' id='line_1_6' title="bbox 83 614 1136 668; baseline 0 -13"><span class='ocrx_word' id='word_1_25' title='bbox 83 620 177 655; x_wconf 89' lang='grc' dir='ltr'>σθαι.</span> <span class='ocrx_word' id='word_1_26' title='bbox 194 615 358 659; x_wconf 85' lang='grc' dir='ltr'>Ἡσίοδος</span> <span class='ocrx_word' id='word_1_27' title='bbox 385 614 422 653; x_wconf 84' lang='grc' dir='ltr'><strong>δὲ</strong></span> <span class='ocrx_word' id='word_1_28' title='bbox 448 616 488 653; x_wconf 82' lang='grc' dir='ltr'>ἐκ</span> <span class='ocrx_word' id='word_1_29' title='bbox 515 614 684 668; x_wconf 82' lang='grc' dir='ltr'>Τυφῶνός</span> <span class='ocrx_word' id='word_1_30' title='bbox 703 630 823 668; x_wconf 89' lang='grc' dir='ltr'>φησιν.</span> <span class='ocrx_word' id='word_1_31' title='bbox 847 614 1026 668; x_wconf 87' lang='grc' dir='ltr'>Ἀγροίτας</span> <span class='ocrx_word' id='word_1_32' title='bbox 1042 615 1079 654; x_wconf 74' lang='grc' dir='ltr'><strong>δὲ</strong></span> <span class='ocrx_word' id='word_1_33' title='bbox 1100 617 1136 655; x_wconf 84' lang='grc' dir='ltr'><strong>ἐν</strong></span> 
     </span>
     <span class='ocr_line' id='line_1_7' title="bbox 85 667 1138 728; baseline 0 -15"><span class='ocrx_word' id='word_1_34' title='bbox 85 674 117 726; x_wconf 82' lang='grc' dir='ltr'><strong>γ’</strong></span> <span class='ocrx_word' id='word_1_35' title='bbox 135 672 301 714; x_wconf 71' lang='grc' dir='ltr'>Λιὸυκῶν</span> <span class='ocrx_word' id='word_1_36' title='bbox 319 673 425 728; x_wconf 81' lang='grc' dir='ltr'>φησὶ,</span> <span class='ocrx_word' id='word_1_37' title='bbox 448 672 498 724; x_wconf 85' lang='grc' dir='ltr'><strong>μὴ</strong></span> <span class='ocrx_word' id='word_1_38' title='bbox 517 673 615 723; x_wconf 79' lang='grc' dir='ltr'>μῆλα</span> <span class='ocrx_word' id='word_1_39' title='bbox 634 667 721 712; x_wconf 69' lang='grc' dir='ltr'>εἶναι</span> <span class='ocrx_word' id='word_1_40' title='bbox 733 703 745 724; x_wconf 88' lang='grc'><strong>,</strong></span> <span class='ocrx_word' id='word_1_41' title='bbox 761 673 852 712; x_wconf 81' lang='grc' dir='ltr'>ἀλλὰ</span> <span class='ocrx_word' id='word_1_42' title='bbox 867 673 1029 726; x_wconf 75' lang='grc' dir='ltr'>πρόὸατα</span> <span class='ocrx_word' id='word_1_43' title='bbox 1049 674 1138 713; x_wconf 88' lang='grc' dir='ltr'>κάλ-</span> 
     </span>
     <span class='ocr_line' id='line_1_8' title="bbox 83 730 1136 786; baseline 0.001 -15"><span class='ocrx_word' id='word_1_44' title='bbox 83 734 211 784; x_wconf 88' lang='grc' dir='ltr'>λιστα,</span> <span class='ocrx_word' id='word_1_45' title='bbox 232 732 255 771; x_wconf 80' lang='grc' dir='ltr'>ἃ</span> <span class='ocrx_word' id='word_1_46' title='bbox 274 738 392 786; x_wconf 79' lang='grc' dir='ltr'>χρυσᾶ</span> <span class='ocrx_word' id='word_1_47' title='bbox 422 731 631 781; x_wconf 81' lang='grc' dir='ltr'>ὠνομάσθη·</span> <span class='ocrx_word' id='word_1_48' title='bbox 663 732 756 784; x_wconf 84' lang='grc' dir='ltr'>ἔχειν</span> <span class='ocrx_word' id='word_1_49' title='bbox 783 730 819 771; x_wconf 84' lang='grc' dir='ltr'><strong>δὲ</strong></span> <span class='ocrx_word' id='word_1_50' title='bbox 843 736 955 772; x_wconf 84' lang='grc' dir='ltr'>ταῦτα</span> <span class='ocrx_word' id='word_1_51' title='bbox 984 733 1136 785; x_wconf 85' lang='grc' dir='ltr'>ποιμένα</span> 
     </span>
     <span class='ocr_line' id='line_1_9' title="bbox 84 789 1136 844; baseline 0.001 -15"><span class='ocrx_word' id='word_1_52' title='bbox 84 790 267 844; x_wconf 51' lang='grc' dir='ltr'>ἄγριον,ιὸν</span> <span class='ocrx_word' id='word_1_53' title='bbox 287 790 343 830; x_wconf 84' lang='grc' dir='ltr'><strong>διὰ</strong></span> <span class='ocrx_word' id='word_1_54' title='bbox 361 790 402 829; x_wconf 85' lang='grc' dir='ltr'><strong>τὸ</strong></span> <span class='ocrx_word' id='word_1_55' title='bbox 423 791 597 842; x_wconf 86' lang='grc' dir='ltr'>ἀνήμερον</span> <span class='ocrx_word' id='word_1_56' title='bbox 617 789 787 843; x_wconf 87' lang='grc' dir='ltr'>δράκοντα</span> <span class='ocrx_word' id='word_1_57' title='bbox 807 791 1025 842; x_wconf 83' lang='grc' dir='ltr'>ὠνομάσθαι.</span> <span class='ocrx_word' id='word_1_58' title='bbox 1053 795 1136 830; x_wconf 89' lang='lat' dir='ltr'><strong>Ea-</strong></span> 
     </span>
     <span class='ocr_line' id='line_1_10' title="bbox 83 850 673 900; baseline 0.002 -13"><span class='ocrx_word' id='word_1_59' title='bbox 83 850 170 887; x_wconf 89' lang='lat' dir='ltr'><strong>dem</strong></span> <span class='ocrx_word' id='word_1_60' title='bbox 185 850 357 887; x_wconf 86' lang='lat' dir='ltr'><strong>Eudocia</strong></span> <span class='ocrx_word' id='word_1_61' title='bbox 370 863 410 900; x_wconf 91' lang='lat' dir='ltr'><strong>p.</strong></span> <span class='ocrx_word' id='word_1_62' title='bbox 430 850 505 887; x_wconf 87' lang='lat'><strong>216</strong></span> <span class='ocrx_word' id='word_1_63' title='bbox 524 857 561 887; x_wconf 89' lang='lat' dir='ltr'><strong>et</strong></span> <span class='ocrx_word' id='word_1_64' title='bbox 581 851 673 894; x_wconf 78' lang='lat'><strong>435.</strong></span> 
     </span>
    </p>
   </div>
   <div class='ocr_carea' id='block_1_4' title="bbox 79 989 1140 1573">
    <p class='ocr_par' dir='ltr' id='par_1_4' title="bbox 79 989 1140 1573">
     <span class='ocr_line' id='line_1_11' title="bbox 141 989 1134 1041; baseline 0.001 -14"><span class='ocrx_word' id='word_1_65' title='bbox 141 989 246 1028; x_wconf 87' lang='lat' dir='ltr'><strong>ldem</strong></span> <span class='ocrx_word' id='word_1_66' title='bbox 261 992 324 1037; x_wconf 93' lang='lat' dir='ltr'><strong>IV,</strong></span> <span class='ocrx_word' id='word_1_67' title='bbox 347 995 446 1040; x_wconf 77' lang='lat'><strong>1492</strong></span> <span class='ocrx_word' id='word_1_68' title='bbox 470 990 579 1041; x_wconf 89' lang='lat' dir='ltr'><strong>(cod.</strong></span> <span class='ocrx_word' id='word_1_69' title='bbox 601 991 738 1041; x_wconf 88' lang='lat' dir='ltr'><strong>Paris.)</strong></span> <span class='ocrx_word' id='word_1_70' title='bbox 762 1005 770 1028; x_wconf 79' lang='lat' dir='ltr'><strong><em>z</em></strong></span> <span class='ocrx_word' id='word_1_71' title='bbox 790 989 864 1030; x_wconf 86' lang='grc' dir='ltr'><strong>Τὸν</strong></span> <span class='ocrx_word' id='word_1_72' title='bbox 880 990 915 1028; x_wconf 86' lang='grc' dir='ltr'><strong>δὲ</strong></span> <span class='ocrx_word' id='word_1_73' title='bbox 928 990 1134 1030; x_wconf 88' lang='grc' dir='ltr'>Ἀκακαλλί-</span> 
     </span>
     <span class='ocr_line' id='line_1_12' title="bbox 83 1048 1138 1102; baseline 0.001 -16"><span class='ocrx_word' id='word_1_74' title='bbox 83 1049 138 1092; x_wconf 84' lang='grc' dir='ltr'><strong>δος</strong></span> <span class='ocrx_word' id='word_1_75' title='bbox 166 1048 238 1086; x_wconf 79' lang='grc' dir='ltr'>υἱὸν</span> <span class='ocrx_word' id='word_1_76' title='bbox 269 1048 474 1102; x_wconf 81' lang='grc' dir='ltr'>Ἀμφίθεμιν</span> <span class='ocrx_word' id='word_1_77' title='bbox 509 1048 569 1087; x_wconf 78' lang='grc' dir='ltr'><strong>καὶ</strong></span> <span class='ocrx_word' id='word_1_78' title='bbox 603 1049 823 1101; x_wconf 78' lang='grc' dir='ltr'>Γαράμαντά</span> <span class='ocrx_word' id='word_1_79' title='bbox 852 1064 938 1102; x_wconf 87' lang='grc' dir='ltr'>φησι</span> <span class='ocrx_word' id='word_1_80' title='bbox 967 1051 1138 1097; x_wconf 78' lang='grc' dir='ltr'>κληθῆναι</span> 
     </span>
     <span class='ocr_line' id='line_1_13' title="bbox 83 1101 1135 1159; baseline 0.001 -14"><span class='ocrx_word' id='word_1_81' title='bbox 83 1109 152 1158; x_wconf 91' lang='lat' dir='ltr'><strong>(sc.</strong></span> <span class='ocrx_word' id='word_1_82' title='bbox 163 1109 378 1146; x_wconf 85' lang='lat' dir='ltr'><strong>Alexander</strong></span> <span class='ocrx_word' id='word_1_83' title='bbox 390 1106 558 1159; x_wconf 83' lang='lat' dir='ltr'><strong>Polyh.).</strong></span> <span class='ocrx_word' id='word_1_84' title='bbox 577 1109 624 1147; x_wconf 82' lang='grc' dir='ltr'><strong>Οἱ</strong></span> <span class='ocrx_word' id='word_1_85' title='bbox 641 1107 703 1158; x_wconf 81' lang='grc' dir='ltr'><strong>μὲν</strong></span> <span class='ocrx_word' id='word_1_86' title='bbox 712 1101 770 1146; x_wconf 72' lang='grc' dir='ltr'><strong>οῧν</strong></span> <span class='ocrx_word' id='word_1_87' title='bbox 789 1109 851 1145; x_wconf 86' lang='grc' dir='ltr'><strong>ἀπ’</strong></span> <span class='ocrx_word' id='word_1_88' title='bbox 869 1109 974 1146; x_wconf 82' lang='grc' dir='ltr'>αὐτοῦ</span> <span class='ocrx_word' id='word_1_89' title='bbox 988 1107 1027 1145; x_wconf 85' lang='grc' dir='ltr'><strong>τὸ</strong></span> <span class='ocrx_word' id='word_1_90' title='bbox 1043 1108 1135 1152; x_wconf 85' lang='grc' dir='ltr'>ἔθνος</span> 
     </span>
     <span class='ocr_line' id='line_1_14' title="bbox 83 1165 1138 1223; baseline 0.001 -16"><span class='ocrx_word' id='word_1_91' title='bbox 83 1172 161 1213; x_wconf 83' lang='grc' dir='ltr'>τοὺς</span> <span class='ocrx_word' id='word_1_92' title='bbox 189 1169 427 1222; x_wconf 83' lang='grc' dir='ltr'>Γαράμαντας</span> <span class='ocrx_word' id='word_1_93' title='bbox 454 1170 642 1208; x_wconf 80' lang='grc' dir='ltr'>καλεῖσθαί</span> <span class='ocrx_word' id='word_1_94' title='bbox 672 1185 798 1223; x_wconf 85' lang='grc' dir='ltr'>φασιν·</span> <span class='ocrx_word' id='word_1_95' title='bbox 830 1170 964 1208; x_wconf 77' lang='grc' dir='ltr'>οἰκοῦσι</span> <span class='ocrx_word' id='word_1_96' title='bbox 984 1169 1020 1208; x_wconf 83' lang='grc' dir='ltr'><strong>δὲ</strong></span> <span class='ocrx_word' id='word_1_97' title='bbox 1045 1165 1138 1209; x_wconf 60' lang='grc' dir='ltr'>οὗτοι</span> 
     </span>
     <span class='ocr_line' id='line_1_15' title="bbox 82 1225 1139 1276; baseline 0 -9"><span class='ocrx_word' id='word_1_98' title='bbox 82 1228 144 1274; x_wconf 82' lang='grc' dir='ltr'><strong>τὴν</strong></span> <span class='ocrx_word' id='word_1_99' title='bbox 163 1225 320 1276; x_wconf 79' lang='grc' dir='ltr'>Λιὸύην·</span> <span class='ocrx_word' id='word_1_100' title='bbox 346 1230 378 1267; x_wconf 81' lang='grc' dir='ltr'>οἱ</span> <span class='ocrx_word' id='word_1_101' title='bbox 399 1228 435 1267; x_wconf 86' lang='grc' dir='ltr'><strong>δὲ</strong></span> <span class='ocrx_word' id='word_1_102' title='bbox 456 1228 528 1267; x_wconf 85' lang='grc' dir='ltr'><strong>ἀπὸ</strong></span> <span class='ocrx_word' id='word_1_103' title='bbox 542 1232 604 1267; x_wconf 81' lang='grc' dir='ltr'><strong>τοῦ</strong></span> <span class='ocrx_word' id='word_1_104' title='bbox 623 1228 740 1272; x_wconf 88' lang='grc' dir='ltr'>ἔθνους</span> <span class='ocrx_word' id='word_1_105' title='bbox 769 1228 887 1269; x_wconf 83' lang='grc' dir='ltr'>αὐτόν.</span> <span class='ocrx_word' id='word_1_106' title='bbox 914 1229 1083 1273; x_wconf 54' lang='lat' dir='ltr'><strong>Ebosea&lt;</strong></span> <span class='ocrx_word' id='word_1_107' title='bbox 1102 1228 1139 1267; x_wconf 83' lang='grc' dir='ltr'><strong>δὲ</strong></span> 
     </span>
     <span class='ocr_line' id='line_1_16' title="bbox 82 1286 1139 1340; baseline 0 -14"><span class='ocrx_word' id='word_1_108' title='bbox 82 1289 114 1326; x_wconf 75' lang='grc' dir='ltr'>οἱ</span> <span class='ocrx_word' id='word_1_109' title='bbox 130 1286 379 1339; x_wconf 85' lang='grc' dir='ltr'>Γαράμαντες,</span> <span class='ocrx_word' id='word_1_110' title='bbox 403 1287 464 1326; x_wconf 86' lang='grc' dir='ltr'><strong>καὶ</strong></span> <span class='ocrx_word' id='word_1_111' title='bbox 483 1287 559 1326; x_wconf 81' lang='grc' dir='ltr'>ναοὶ</span> <span class='ocrx_word' id='word_1_112' title='bbox 583 1290 619 1326; x_wconf 82' lang='grc' dir='ltr'><strong>ἐν</strong></span> <span class='ocrx_word' id='word_1_113' title='bbox 649 1289 764 1331; x_wconf 81' lang='grc' dir='ltr'>αὐτοῖς</span> <span class='ocrx_word' id='word_1_114' title='bbox 781 1287 956 1340; x_wconf 80' lang='grc' dir='ltr'>ἵδρυνται,</span> <span class='ocrx_word' id='word_1_115' title='bbox 976 1290 1022 1332; x_wconf 85' lang='grc' dir='ltr'>ὡς</span> <span class='ocrx_word' id='word_1_116' title='bbox 1039 1287 1139 1326; x_wconf 86' lang='grc' dir='ltr'>ἄλλοι</span> 
     </span>
     <span class='ocr_line' id='line_1_17' title="bbox 83 1345 1140 1399; baseline 0 -15"><span class='ocrx_word' id='word_1_117' title='bbox 83 1361 121 1384; x_wconf 89' lang='grc' dir='ltr'><strong>τε</strong></span> <span class='ocrx_word' id='word_1_118' title='bbox 140 1346 201 1384; x_wconf 72' lang='grc' dir='ltr'><strong>καὶ</strong></span> <span class='ocrx_word' id='word_1_119' title='bbox 218 1345 395 1398; x_wconf 80' lang='grc' dir='ltr'>Ἀγροίτας</span> <span class='ocrx_word' id='word_1_120' title='bbox 411 1346 554 1399; x_wconf 77' lang='grc' dir='ltr'>ἱστορεῖ.</span> <span class='ocrx_word' id='word_1_121' title='bbox 575 1349 698 1397; x_wconf 87' lang='lat' dir='ltr'>Vulgo</span> <span class='ocrx_word' id='word_1_122' title='bbox 728 1348 757 1385; x_wconf 90' lang='grc' dir='ltr'>Γ</span> <span class='ocrx_word' id='word_1_123' title='bbox 759 1346 899 1399; x_wconf 87' lang='grc' dir='ltr'>αράμας</span> <span class='ocrx_word' id='word_1_124' title='bbox 928 1348 1013 1395; x_wconf 86' lang='grc' dir='ltr'>ἱστ.,</span> <span class='ocrx_word' id='word_1_125' title='bbox 1034 1349 1140 1396; x_wconf 90' lang='lat' dir='ltr'><strong>quod</strong></span> 
     </span>
     <span class='ocr_line' id='line_1_18' title="bbox 82 1405 1140 1455; baseline 0 -13"><span class='ocrx_word' id='word_1_126' title='bbox 82 1418 157 1445; x_wconf 89' lang='lat' dir='ltr'><strong>em.</strong></span> <span class='ocrx_word' id='word_1_127' title='bbox 176 1406 415 1454; x_wconf 75' lang='lat' dir='ltr'><strong>Bernhardy.</strong></span> <span class='ocrx_word' id='word_1_128' title='bbox 437 1406 488 1442; x_wconf 86' lang='lat' dir='ltr'><strong>ad</strong></span> <span class='ocrx_word' id='word_1_129' title='bbox 504 1407 619 1444; x_wconf 91' lang='lat' dir='ltr'><strong>Dion.</strong></span> <span class='ocrx_word' id='word_1_130' title='bbox 635 1419 675 1455; x_wconf 86' lang='lat' dir='ltr'><strong>p.</strong></span> <span class='ocrx_word' id='word_1_131' title='bbox 707 1405 797 1453; x_wconf 89' lang='lat'><strong>876.</strong></span> <span class='ocrx_word' id='word_1_132' title='bbox 817 1407 970 1443; x_wconf 85' lang='lat' dir='ltr'>Scholia</span> <span class='ocrx_word' id='word_1_133' title='bbox 985 1407 1140 1455; x_wconf 83' lang='lat' dir='ltr'><strong>vulgata</strong></span> 
     </span>
     <span class='ocr_line' id='line_1_19' title="bbox 79 1459 1140 1514; baseline 0.001 -15"><span class='ocrx_word' id='word_1_134' title='bbox 79 1477 152 1514; x_wconf 83' lang='lat' dir='ltr'><strong>pro</strong></span> <span class='ocrx_word' id='word_1_135' title='bbox 174 1459 343 1507; x_wconf 75' lang='grc' dir='ltr'>Εὗσεὸεῒς</span> <span class='ocrx_word' id='word_1_136' title='bbox 359 1459 395 1501; x_wconf 83' lang='grc' dir='ltr'><strong>δὲ</strong></span> <span class='ocrx_word' id='word_1_137' title='bbox 413 1464 509 1513; x_wconf 87' lang='grc' dir='ltr'>κτλ.,</span> <span class='ocrx_word' id='word_1_138' title='bbox 530 1465 585 1501; x_wconf 85' lang='lat' dir='ltr'><strong>ita</strong></span> <span class='ocrx_word' id='word_1_139' title='bbox 602 1465 746 1500; x_wconf 86' lang='lat' dir='ltr'><strong>habent</strong></span> <span class='ocrx_word' id='word_1_140' title='bbox 765 1476 775 1503; x_wconf 78' lang='lat' dir='ltr'><strong><em>z</em></strong></span> <span class='ocrx_word' id='word_1_141' title='bbox 792 1462 899 1502; x_wconf 86' lang='grc' dir='ltr'>Ἔστι</span> <span class='ocrx_word' id='word_1_142' title='bbox 922 1462 958 1500; x_wconf 84' lang='grc' dir='ltr'><strong>δὲ</strong></span> <span class='ocrx_word' id='word_1_143' title='bbox 983 1462 1043 1500; x_wconf 79' lang='grc' dir='ltr'><strong>καὶ</strong></span> <span class='ocrx_word' id='word_1_144' title='bbox 1059 1462 1140 1507; x_wconf 86' lang='grc' dir='ltr'>ναὸς</span> 
     </span>
     <span class='ocr_line' id='line_1_20' title="bbox 81 1520 1043 1573; baseline 0.003 -15"><span class='ocrx_word' id='word_1_145' title='bbox 81 1522 165 1573; x_wconf 85' lang='grc' dir='ltr'>παρ’</span> <span class='ocrx_word' id='word_1_146' title='bbox 187 1521 319 1564; x_wconf 77' lang='grc' dir='ltr'>αὐτοῖς·</span> <span class='ocrx_word' id='word_1_147' title='bbox 340 1520 400 1558; x_wconf 72' lang='grc' dir='ltr'><strong>καὶ</strong></span> <span class='ocrx_word' id='word_1_148' title='bbox 417 1521 590 1573; x_wconf 86' lang='grc' dir='ltr'>Γαράμας</span> <span class='ocrx_word' id='word_1_149' title='bbox 606 1522 816 1573; x_wconf 81' lang='grc' dir='ltr'>μνημονεύει</span> <span class='ocrx_word' id='word_1_150' title='bbox 831 1525 891 1560; x_wconf 77' lang='grc' dir='ltr'><strong>τοῦ</strong></span> <span class='ocrx_word' id='word_1_151' title='bbox 915 1521 1043 1566; x_wconf 85' lang='grc' dir='ltr'>ἔθνους.</span> 
     </span>
    </p>
   </div>
   <div class='ocr_carea' id='block_1_5' title="bbox 591 1603 628 1641">
    <p class='ocr_par' dir='ltr' id='par_1_5' title="bbox 591 1603 628 1641">
     <span class='ocr_line' id='line_1_21' title="bbox 591 1603 628 1641; baseline 0 0"><span class='ocrx_word' id='word_1_152' title='bbox 591 1603 628 1641; x_wconf 88' lang='lat'><strong>5.</strong></span> 
     </span>
    </p>
   </div>
   <div class='ocr_carea' id='block_1_6' title="bbox 82 1677 1139 1953">
    <p class='ocr_par' dir='ltr' id='par_1_6' title="bbox 82 1677 1139 1953">
     <span class='ocr_line' id='line_1_22' title="bbox 136 1677 1135 1731; baseline 0.003 -15"><span class='ocrx_word' id='word_1_153' title='bbox 136 1679 267 1729; x_wconf 86' lang='lat' dir='ltr'><strong>steph.</strong></span> <span class='ocrx_word' id='word_1_154' title='bbox 298 1680 387 1728; x_wconf 78' lang='lat' dir='ltr'><strong>Byz.</strong></span> <span class='ocrx_word' id='word_1_155' title='bbox 419 1693 427 1715; x_wconf 86' lang='lat'>:</span> <span class='ocrx_word' id='word_1_156' title='bbox 453 1677 631 1729; x_wconf 86' lang='grc' dir='ltr'>Ἄμπελος</span> <span class='ocrx_word' id='word_1_157' title='bbox 658 1679 757 1723; x_wconf 83' lang='grc' dir='ltr'>πόλις</span> <span class='ocrx_word' id='word_1_158' title='bbox 784 1681 845 1726; x_wconf 73' lang='grc' dir='ltr'><strong>τῆς</strong></span> <span class='ocrx_word' id='word_1_159' title='bbox 874 1681 1135 1731; x_wconf 73' lang='grc' dir='ltr'>Λιγυστικῆς...</span> 
     </span>
     <span class='ocr_line' id='line_1_23' title="bbox 82 1736 1139 1790; baseline -0.002 -12"><span class='ocrx_word' id='word_1_160' title='bbox 82 1737 190 1778; x_wconf 84' lang='grc' dir='ltr'>Ἔστι</span> <span class='ocrx_word' id='word_1_161' title='bbox 210 1736 271 1776; x_wconf 86' lang='grc' dir='ltr'><strong>καὶ</strong></span> <span class='ocrx_word' id='word_1_162' title='bbox 291 1736 383 1790; x_wconf 83' lang='grc' dir='ltr'>ἄκρα</span> <span class='ocrx_word' id='word_1_163' title='bbox 401 1737 615 1790; x_wconf 85' lang='grc' dir='ltr'>Τορωναίων</span> <span class='ocrx_word' id='word_1_164' title='bbox 632 1736 807 1789; x_wconf 84' lang='grc' dir='ltr'>Ἄμπελος</span> <span class='ocrx_word' id='word_1_165' title='bbox 827 1737 1014 1788; x_wconf 85' lang='grc' dir='ltr'>λεγομένη.</span> <span class='ocrx_word' id='word_1_166' title='bbox 1033 1736 1139 1777; x_wconf 87' lang='grc' dir='ltr'>Ἔστι</span> 
     </span>
     <span class='ocr_line' id='line_1_24' title="bbox 83 1795 1137 1851; baseline -0.001 -16"><span class='ocrx_word' id='word_1_167' title='bbox 83 1795 144 1835; x_wconf 75' lang='grc' dir='ltr'>καὶ</span> <span class='ocrx_word' id='word_1_168' title='bbox 174 1795 276 1849; x_wconf 88' lang='grc' dir='ltr'>ἑτέρα</span> <span class='ocrx_word' id='word_1_169' title='bbox 306 1795 398 1848; x_wconf 85' lang='grc' dir='ltr'>ἄκρα</span> <span class='ocrx_word' id='word_1_170' title='bbox 429 1800 492 1843; x_wconf 71' lang='lat' dir='ltr'><strong>effi&lt;</strong></span> <span class='ocrx_word' id='word_1_171' title='bbox 522 1796 667 1846; x_wconf 87' lang='grc' dir='ltr'>Σάμου,</span> <span class='ocrx_word' id='word_1_172' title='bbox 694 1796 755 1835; x_wconf 80' lang='grc' dir='ltr'><strong>καὶ</strong></span> <span class='ocrx_word' id='word_1_173' title='bbox 784 1796 875 1844; x_wconf 86' lang='grc' dir='ltr'>ἄλλη</span> <span class='ocrx_word' id='word_1_174' title='bbox 905 1798 939 1835; x_wconf 82' lang='grc' dir='ltr'><strong>ἐν</strong></span> <span class='ocrx_word' id='word_1_175' title='bbox 972 1796 1137 1851; x_wconf 77' lang='grc' dir='ltr'>Κυρήνῃ·</span> 
     </span>
     <span class='ocr_line' id='line_1_25' title="bbox 83 1849 1137 1910; baseline 0.001 -17"><span class='ocrx_word' id='word_1_176' title='bbox 83 1853 262 1908; x_wconf 82' lang='grc' dir='ltr'>Ἀγροίτας</span> <span class='ocrx_word' id='word_1_177' title='bbox 278 1854 314 1893; x_wconf 81' lang='grc' dir='ltr'><strong>δὲ</strong></span> <span class='ocrx_word' id='word_1_178' title='bbox 339 1854 400 1894; x_wconf 88' lang='grc' dir='ltr'>δύο</span> <span class='ocrx_word' id='word_1_179' title='bbox 417 1855 534 1901; x_wconf 85' lang='grc' dir='ltr'>πόλεις</span> <span class='ocrx_word' id='word_1_180' title='bbox 551 1849 640 1895; x_wconf 71' lang='grc' dir='ltr'>εἶναί</span> <span class='ocrx_word' id='word_1_181' title='bbox 665 1871 774 1910; x_wconf 90' lang='grc' dir='ltr'>φησι,</span> <span class='ocrx_word' id='word_1_182' title='bbox 794 1855 858 1904; x_wconf 81' lang='grc' dir='ltr'><strong>τὴν</strong></span> <span class='ocrx_word' id='word_1_183' title='bbox 880 1856 942 1907; x_wconf 81' lang='grc' dir='ltr'><strong>μὲν</strong></span> <span class='ocrx_word' id='word_1_184' title='bbox 961 1855 1051 1904; x_wconf 83' lang='grc' dir='ltr'>ἄνω,</span> <span class='ocrx_word' id='word_1_185' title='bbox 1074 1855 1137 1903; x_wconf 77' lang='grc' dir='ltr'><strong>τὴν</strong></span> 
     </span>
     <span class='ocr_line' id='line_1_26' title="bbox 84 1911 244 1953; baseline 0.013 -2"><span class='ocrx_word' id='word_1_186' title='bbox 84 1911 120 1951; x_wconf 86' lang='grc' dir='ltr'><strong>δὲ</strong></span> <span class='ocrx_word' id='word_1_187' title='bbox 136 1913 244 1953; x_wconf 86' lang='grc' dir='ltr'>κάτω.</span> 
     </span>
    </p>
   </div>
   <div class='ocr_carea' id='block_1_7' title="bbox 139 1997 1138 2311">
    <p class='ocr_par' dir='ltr' id='par_1_7' title="bbox 139 1997 1138 2311">
     <span class='ocr_line' id='line_1_27' title="bbox 488 1997 730 2036; baseline 0 0"><span class='ocrx_word' id='word_1_188' title='bbox 488 1997 730 2036; x_wconf 86' lang='grc' dir='ltr'>ΣΚΥΘΙΚΑ.</span> 
     </span>
     <span class='ocr_line' id='line_1_28' title="bbox 594 2086 630 2123; baseline 0.028 -1"><span class='ocrx_word' id='word_1_189' title='bbox 594 2086 630 2123; x_wconf 90' lang='grc'><strong>6.</strong></span> 
     </span>
     <span class='ocr_line' id='line_1_29' title="bbox 438 2174 785 2211; baseline 0 -2"><span class='ocrx_word' id='word_1_190' title='bbox 438 2175 468 2209; x_wconf 89' lang='grc' dir='ltr'><strong>Ε</strong></span> <span class='ocrx_word' id='word_1_191' title='bbox 497 2174 646 2211; x_wconf 86' lang='lat' dir='ltr'>LIBRO</span> <span class='ocrx_word' id='word_1_192' title='bbox 673 2175 785 2211; x_wconf 88' lang='lat' dir='ltr'><strong>XIII.</strong></span> 
     </span>
     <span class='ocr_line' id='line_1_30' title="bbox 139 2258 1138 2311; baseline -0.001 -14"><span class='ocrx_word' id='word_1_193' title='bbox 139 2260 267 2297; x_wconf 88' lang='lat' dir='ltr'><strong>Schol.</strong></span> <span class='ocrx_word' id='word_1_194' title='bbox 298 2261 425 2309; x_wconf 86' lang='lat' dir='ltr'><strong>Apoll.</strong></span> <span class='ocrx_word' id='word_1_195' title='bbox 457 2261 530 2297; x_wconf 87' lang='lat' dir='ltr'><strong>Rh.</strong></span> <span class='ocrx_word' id='word_1_196' title='bbox 562 2262 616 2306; x_wconf 91' lang='grc' dir='ltr'><strong>ΙΙ,</strong></span> <span class='ocrx_word' id='word_1_197' title='bbox 652 2260 752 2304; x_wconf 75' lang='lat'><strong>1248</strong></span> <span class='ocrx_word' id='word_1_198' title='bbox 780 2272 790 2298; x_wconf 88' lang='lat'>:</span> <span class='ocrx_word' id='word_1_199' title='bbox 821 2258 998 2311; x_wconf 85' lang='grc' dir='ltr'>Ἀγροίτας</span> <span class='ocrx_word' id='word_1_200' title='bbox 1034 2258 1070 2296; x_wconf 82' lang='grc' dir='ltr'><strong>δὲ</strong></span> <span class='ocrx_word' id='word_1_201' title='bbox 1103 2261 1138 2296; x_wconf 84' lang='grc' dir='ltr'><strong>ἐν</strong></span> 
     </span>
    </p>
   </div>
   <div class='ocr_carea' id='block_1_8' title="bbox 86 2315 1138 2429">
    <p class='ocr_par' dir='ltr' id='par_1_8' title="bbox 86 2315 1138 2429">
     <span class='ocr_line' id='line_1_31' title="bbox 86 2315 1138 2370; baseline -0.002 -15"><span class='ocrx_word' id='word_1_202' title='bbox 86 2316 358 2370; x_wconf 83' lang='grc' dir='ltr'>τρισκαιδεκάτῃ</span> <span class='ocrx_word' id='word_1_203' title='bbox 383 2318 441 2367; x_wconf 82' lang='grc' dir='ltr'><strong>(ἐν</strong></span> <span class='ocrx_word' id='word_1_204' title='bbox 455 2320 498 2369; x_wconf 84' lang='grc' dir='ltr'><strong>τῇ</strong></span> <span class='ocrx_word' id='word_1_205' title='bbox 515 2315 547 2368; x_wconf 84' lang='grc' dir='ltr'><strong>γ’</strong></span> <span class='ocrx_word' id='word_1_206' title='bbox 560 2319 600 2369; x_wconf 84' lang='lat'><strong>?)</strong></span> <span class='ocrx_word' id='word_1_207' title='bbox 617 2320 686 2355; x_wconf 81' lang='grc' dir='ltr'><strong>τῶν</strong></span> <span class='ocrx_word' id='word_1_208' title='bbox 708 2319 892 2357; x_wconf 85' lang='grc' dir='ltr'>Σκυθικῶν</span> <span class='ocrx_word' id='word_1_209' title='bbox 914 2315 1138 2354; x_wconf 83' lang='grc' dir='ltr'>δαπανᾶσθαί</span> 
     </span>
     <span class='ocr_line' id='line_1_32' title="bbox 86 2371 1136 2429; baseline -0.003 -14"><span class='ocrx_word' id='word_1_210' title='bbox 86 2391 172 2429; x_wconf 90' lang='grc' dir='ltr'>φησι</span> <span class='ocrx_word' id='word_1_211' title='bbox 199 2375 239 2415; x_wconf 84' lang='grc' dir='ltr'><strong>τὸ</strong></span> <span class='ocrx_word' id='word_1_212' title='bbox 262 2371 359 2429; x_wconf 73' lang='grc' dir='ltr'>ἧπαρ</span> <span class='ocrx_word' id='word_1_213' title='bbox 388 2376 604 2429; x_wconf 86' lang='grc' dir='ltr'>Προμηθέως</span> <span class='ocrx_word' id='word_1_214' title='bbox 631 2375 728 2421; x_wconf 83' lang='grc' dir='ltr'>δόξαι</span> <span class='ocrx_word' id='word_1_215' title='bbox 758 2375 826 2414; x_wconf 82' lang='grc' dir='ltr'><strong>ὑπὸ</strong></span> <span class='ocrx_word' id='word_1_216' title='bbox 845 2379 905 2414; x_wconf 74' lang='grc' dir='ltr'><strong>τοῦ</strong></span> <span class='ocrx_word' id='word_1_217' title='bbox 935 2377 1055 2422; x_wconf 78' lang='grc' dir='ltr'>ἀετοῦ,</span> <span class='ocrx_word' id='word_1_218' title='bbox 1076 2373 1136 2413; x_wconf 88' lang='grc' dir='ltr'><strong>διὰ</strong></span> 
     </span>
    </p>
   </div>
   <div class='ocr_carea' id='block_1_9' title="bbox 595 2515 632 2547">
    <p class='ocr_par' dir='ltr' id='par_1_9' title="bbox 595 2515 632 2547">
     <span class='ocr_line' id='line_1_33' title="bbox 595 2515 632 2547; baseline 0 0"><span class='ocrx_word' id='word_1_219' title='bbox 595 2515 632 2547; x_wconf 85' lang='grc'>3.</span> 
     </span>
    </p>
   </div>
   <div class='ocr_carea' id='block_1_10' title="bbox 86 2577 1142 2872">
    <p class='ocr_par' dir='ltr' id='par_1_10' title="bbox 86 2577 1142 2872">
     <span class='ocr_line' id='line_1_34' title="bbox 126 2577 1140 2620; baseline 0.003 -13"><span class='ocrx_word' id='word_1_220' title='bbox 126 2578 306 2609; x_wconf 85' lang='lat' dir='ltr'><strong>Draconem</strong></span> <span class='ocrx_word' id='word_1_221' title='bbox 318 2577 501 2618; x_wconf 87' lang='lat' dir='ltr'><strong>(malorum</strong></span> <span class='ocrx_word' id='word_1_222' title='bbox 517 2578 604 2620; x_wconf 86' lang='lat' dir='ltr'><strong>apud</strong></span> <span class='ocrx_word' id='word_1_223' title='bbox 620 2577 813 2619; x_wconf 81' lang='lat' dir='ltr'><strong>Hesperidas</strong></span> <span class='ocrx_word' id='word_1_224' title='bbox 825 2578 993 2611; x_wconf 86' lang='lat' dir='ltr'><strong>custodem</strong></span> <span class='ocrx_word' id='word_1_225' title='bbox 1010 2578 1021 2619; x_wconf 89' lang='lat'>)</span> <span class='ocrx_word' id='word_1_226' title='bbox 1037 2578 1140 2610; x_wconf 85' lang='lat' dir='ltr'><strong>Lado-</strong></span> 
     </span>
     <span class='ocr_line' id='line_1_35' title="bbox 86 2628 1141 2671; baseline 0.003 -12"><span class='ocrx_word' id='word_1_227' title='bbox 86 2636 160 2660; x_wconf 86' lang='lat' dir='ltr'><strong>nem</strong></span> <span class='ocrx_word' id='word_1_228' title='bbox 168 2628 337 2661; x_wconf 81' lang='lat' dir='ltr'><strong>vocabant.</strong></span> <span class='ocrx_word' id='word_1_229' title='bbox 352 2631 435 2661; x_wconf 86' lang='lat' dir='ltr'><strong>Eum</strong></span> <span class='ocrx_word' id='word_1_230' title='bbox 448 2629 602 2662; x_wconf 88' lang='lat' dir='ltr'><strong>Pisander</strong></span> <span class='ocrx_word' id='word_1_231' title='bbox 608 2639 650 2663; x_wconf 87' lang='lat' dir='ltr'><strong>ex</strong></span> <span class='ocrx_word' id='word_1_232' title='bbox 662 2632 748 2662; x_wconf 86' lang='lat' dir='ltr'><strong>terra</strong></span> <span class='ocrx_word' id='word_1_233' title='bbox 763 2631 907 2671; x_wconf 86' lang='lat' dir='ltr'><strong>genitum</strong></span> <span class='ocrx_word' id='word_1_234' title='bbox 917 2630 1064 2662; x_wconf 87' lang='lat' dir='ltr'><strong>credidit.</strong></span> <span class='ocrx_word' id='word_1_235' title='bbox 1076 2632 1141 2662; x_wconf 88' lang='lat' dir='ltr'><strong>He-</strong></span> 
     </span>
     <span class='ocr_line' id='line_1_36' title="bbox 86 2680 1142 2723; baseline 0.003 -10"><span class='ocrx_word' id='word_1_236' title='bbox 86 2680 196 2713; x_wconf 85' lang='lat' dir='ltr'><strong>siodus</strong></span> <span class='ocrx_word' id='word_1_237' title='bbox 210 2681 367 2722; x_wconf 83' lang='lat' dir='ltr'><strong>Typhone</strong></span> <span class='ocrx_word' id='word_1_238' title='bbox 378 2683 491 2715; x_wconf 84' lang='lat' dir='ltr'><strong>natum</strong></span> <span class='ocrx_word' id='word_1_239' title='bbox 509 2683 597 2715; x_wconf 87' lang='lat' dir='ltr'><strong>dicit.</strong></span> <span class='ocrx_word' id='word_1_240' title='bbox 622 2685 770 2723; x_wconf 84' lang='lat' dir='ltr'><strong>Agroetas</strong></span> <span class='ocrx_word' id='word_1_241' title='bbox 781 2692 862 2716; x_wconf 83' lang='lat' dir='ltr'><strong>vero</strong></span> <span class='ocrx_word' id='word_1_242' title='bbox 878 2683 960 2715; x_wconf 89' lang='lat' dir='ltr'><strong>libro</strong></span> <span class='ocrx_word' id='word_1_243' title='bbox 983 2684 1080 2715; x_wconf 85' lang='lat' dir='ltr'><strong>tertio</strong></span> <span class='ocrx_word' id='word_1_244' title='bbox 1095 2686 1142 2716; x_wconf 90' lang='lat' dir='ltr'><strong>De</strong></span> 
     </span>
     <span class='ocr_line' id='line_1_37' title="bbox 87 2733 1141 2776; baseline 0.003 -12"><span class='ocrx_word' id='word_1_245' title='bbox 87 2734 183 2765; x_wconf 84' lang='lat' dir='ltr'><strong>rebus</strong></span> <span class='ocrx_word' id='word_1_246' title='bbox 199 2733 324 2774; x_wconf 83' lang='lat' dir='ltr'><strong>Libycis</strong></span> <span class='ocrx_word' id='word_1_247' title='bbox 341 2734 422 2767; x_wconf 88' lang='lat' dir='ltr'><strong>dicit</strong></span> <span class='ocrx_word' id='word_1_248' title='bbox 439 2736 523 2776; x_wconf 85' lang='grc' dir='ltr'>μῆλα</span> <span class='ocrx_word' id='word_1_249' title='bbox 535 2736 590 2768; x_wconf 89' lang='lat' dir='ltr'><strong>illa</strong></span> <span class='ocrx_word' id='word_1_250' title='bbox 606 2745 671 2767; x_wconf 89' lang='lat' dir='ltr'><strong>non</strong></span> <span class='ocrx_word' id='word_1_251' title='bbox 687 2745 756 2768; x_wconf 56' lang='lat' dir='ltr'><strong>esse</strong></span> <span class='ocrx_word' id='word_1_252' title='bbox 773 2736 871 2775; x_wconf 87' lang='lat' dir='ltr'><strong>mala,</strong></span> <span class='ocrx_word' id='word_1_253' title='bbox 885 2736 939 2768; x_wconf 89' lang='lat' dir='ltr'><strong>sed</strong></span> <span class='ocrx_word' id='word_1_254' title='bbox 956 2745 1033 2768; x_wconf 68' lang='lat' dir='ltr'><strong>ovoe</strong></span> <span class='ocrx_word' id='word_1_255' title='bbox 1053 2744 1141 2776; x_wconf 82' lang='lat' dir='ltr'><strong>egre-</strong></span> 
     </span>
     <span class='ocr_line' id='line_1_38' title="bbox 86 2785 1140 2828; baseline 0.004 -12"><span class='ocrx_word' id='word_1_256' title='bbox 86 2785 171 2825; x_wconf 85' lang='lat' dir='ltr'><strong>gias;</strong></span> <span class='ocrx_word' id='word_1_257' title='bbox 195 2785 245 2817; x_wconf 88' lang='lat' dir='ltr'><strong>his</strong></span> <span class='ocrx_word' id='word_1_258' title='bbox 259 2786 421 2826; x_wconf 82' lang='lat' dir='ltr'><strong>pastorem</strong></span> <span class='ocrx_word' id='word_1_259' title='bbox 444 2786 542 2820; x_wconf 81' lang='lat' dir='ltr'><strong>fuisse</strong></span> <span class='ocrx_word' id='word_1_260' title='bbox 561 2788 719 2828; x_wconf 81' lang='lat' dir='ltr'><strong>ferocem,</strong></span> <span class='ocrx_word' id='word_1_261' title='bbox 748 2788 801 2820; x_wconf 88' lang='lat' dir='ltr'><strong>cui</strong></span> <span class='ocrx_word' id='word_1_262' title='bbox 817 2788 859 2820; x_wconf 92' lang='lat' dir='ltr'><strong>ob</strong></span> <span class='ocrx_word' id='word_1_263' title='bbox 876 2797 1004 2820; x_wconf 89' lang='lat' dir='ltr'><strong>morum</strong></span> <span class='ocrx_word' id='word_1_264' title='bbox 1020 2788 1140 2828; x_wconf 87' lang='lat' dir='ltr'><strong>asperi-</strong></span> 
     </span>
     <span class='ocr_line' id='line_1_39' title="bbox 86 2837 723 2872; baseline 0.005 -4"><span class='ocrx_word' id='word_1_265' title='bbox 86 2837 187 2868; x_wconf 83' lang='lat' dir='ltr'><strong>tatem</strong></span> <span class='ocrx_word' id='word_1_266' title='bbox 204 2837 372 2870; x_wconf 85' lang='lat' dir='ltr'><strong>Dracontis</strong></span> <span class='ocrx_word' id='word_1_267' title='bbox 381 2846 499 2871; x_wconf 89' lang='lat' dir='ltr'><strong>nomen</strong></span> <span class='ocrx_word' id='word_1_268' title='bbox 512 2839 554 2872; x_wconf 87' lang='lat' dir='ltr'><strong>sit</strong></span> <span class='ocrx_word' id='word_1_269' title='bbox 571 2839 723 2872; x_wconf 88' lang='lat' dir='ltr'><strong>inditum.</strong></span> 
     </span>
    </p>
   </div>
   <div class='ocr_carea' id='block_1_11' title="bbox 597 2917 633 2949">
    <p class='ocr_par' dir='ltr' id='par_1_11' title="bbox 597 2917 633 2949">
     <span class='ocr_line' id='line_1_40' title="bbox 597 2917 633 2949; baseline -0.028 0"><span class='ocrx_word' id='word_1_270' title='bbox 597 2917 633 2949; x_wconf 83' lang='grc'>4.</span> 
     </span>
    </p>
   </div>
   <div class='ocr_carea' id='block_1_12' title="bbox 45 2977 1141 3231">
    <p class='ocr_par' dir='ltr' id='par_1_12' title="bbox 45 2977 1141 3231">
     <span class='ocr_line' id='line_1_41' title="bbox 130 2977 1141 3023; baseline 0.003 -12"><span class='ocrx_word' id='word_1_271' title='bbox 130 2979 318 3012; x_wconf 85' lang='lat' dir='ltr'><strong>Acacallidis</strong></span> <span class='ocrx_word' id='word_1_272' title='bbox 334 2979 436 3012; x_wconf 78' lang='lat' dir='ltr'><strong>tilium</strong></span> <span class='ocrx_word' id='word_1_273' title='bbox 455 2977 698 3023; x_wconf 76' lang='lat' dir='ltr'><strong>Amphitliemin</strong></span> <span class='ocrx_word' id='word_1_274' title='bbox 717 2983 814 3015; x_wconf 88' lang='lat' dir='ltr'><strong>etiam</strong></span> <span class='ocrx_word' id='word_1_275' title='bbox 838 2983 1067 3015; x_wconf 88' lang='lat' dir='ltr'><strong>Garamantem</strong></span> <span class='ocrx_word' id='word_1_276' title='bbox 1086 2990 1141 3023; x_wconf 84' lang='lat' dir='ltr'><strong>ap-</strong></span> 
     </span>
     <span class='ocr_line' id='line_1_42' title="bbox 89 3030 1141 3075; baseline 0.003 -13"><span class='ocrx_word' id='word_1_277' title='bbox 89 3030 240 3072; x_wconf 82' lang='lat' dir='ltr'><strong>pellatum</strong></span> <span class='ocrx_word' id='word_1_278' title='bbox 250 3040 320 3064; x_wconf 87' lang='lat' dir='ltr'><strong>esse</strong></span> <span class='ocrx_word' id='word_1_279' title='bbox 329 3032 418 3066; x_wconf 87' lang='lat' dir='ltr'><strong>dicit.</strong></span> <span class='ocrx_word' id='word_1_280' title='bbox 434 3036 506 3066; x_wconf 90' lang='lat' dir='ltr'><strong>Jam</strong></span> <span class='ocrx_word' id='word_1_281' title='bbox 518 3043 595 3067; x_wconf 86' lang='lat' dir='ltr'><strong>vero</strong></span> <span class='ocrx_word' id='word_1_282' title='bbox 612 3035 666 3067; x_wconf 93' lang='lat' dir='ltr'><strong>alii</strong></span> <span class='ocrx_word' id='word_1_283' title='bbox 683 3037 918 3068; x_wconf 81' lang='lat' dir='ltr'><strong>Garamantum</strong></span> <span class='ocrx_word' id='word_1_284' title='bbox 932 3035 1087 3075; x_wconf 88' lang='lat' dir='ltr'><strong>populum</strong></span> <span class='ocrx_word' id='word_1_285' title='bbox 1100 3034 1141 3066; x_wconf 91' lang='lat' dir='ltr'><strong>ab</strong></span> 
     </span>
     <span class='ocr_line' id='line_1_43' title="bbox 89 3083 1141 3129; baseline 0.004 -15"><span class='ocrx_word' id='word_1_286' title='bbox 89 3083 169 3124; x_wconf 87' lang='lat' dir='ltr'><strong>ipso,</strong></span> <span class='ocrx_word' id='word_1_287' title='bbox 183 3085 237 3116; x_wconf 87' lang='lat' dir='ltr'><strong>alii</strong></span> <span class='ocrx_word' id='word_1_288' title='bbox 247 3085 356 3117; x_wconf 90' lang='lat' dir='ltr'><strong>autem</strong></span> <span class='ocrx_word' id='word_1_289' title='bbox 370 3086 476 3127; x_wconf 88' lang='lat' dir='ltr'><strong>ipsum</strong></span> <span class='ocrx_word' id='word_1_290' title='bbox 490 3089 749 3120; x_wconf 87' lang='lat' dir='ltr'><strong>aGaramantum</strong></span> <span class='ocrx_word' id='word_1_291' title='bbox 764 3088 882 3129; x_wconf 87' lang='lat' dir='ltr'><strong>populo</strong></span> <span class='ocrx_word' id='word_1_292' title='bbox 895 3096 1012 3119; x_wconf 88' lang='lat' dir='ltr'><strong>nomen</strong></span> <span class='ocrx_word' id='word_1_293' title='bbox 1023 3087 1141 3118; x_wconf 89' lang='lat' dir='ltr'><strong>habere</strong></span> 
     </span>
     <span class='ocr_line' id='line_1_44' title="bbox 45 3137 1141 3180; baseline 0.004 -14"><span class='ocrx_word' id='word_1_294' title='bbox 45 3166 50 3171; x_wconf 80' lang='grc'>,</span> <span class='ocrx_word' id='word_1_295' title='bbox 89 3137 234 3168; x_wconf 85' lang='lat' dir='ltr'><strong>censent.</strong></span> <span class='ocrx_word' id='word_1_296' title='bbox 269 3138 480 3177; x_wconf 82' lang='lat' dir='ltr'><strong>Garamantes</strong></span> <span class='ocrx_word' id='word_1_297' title='bbox 505 3138 640 3179; x_wconf 85' lang='lat' dir='ltr'><strong>Libyam</strong></span> <span class='ocrx_word' id='word_1_298' title='bbox 667 3139 834 3178; x_wconf 88' lang='lat' dir='ltr'><strong>incolunt;</strong></span> <span class='ocrx_word' id='word_1_299' title='bbox 863 3139 974 3180; x_wconf 79' lang='lat' dir='ltr'><strong>piique</strong></span> <span class='ocrx_word' id='word_1_300' title='bbox 1001 3139 1076 3170; x_wconf 85' lang='lat' dir='ltr'><strong>sunt</strong></span> <span class='ocrx_word' id='word_1_301' title='bbox 1103 3138 1141 3170; x_wconf 72' lang='lat' dir='ltr'><strong>ac</strong></span> 
     </span>
     <span class='ocr_line' id='line_1_45' title="bbox 90 3187 924 3231; baseline 0.005 -13"><span class='ocrx_word' id='word_1_302' title='bbox 90 3187 208 3228; x_wconf 80' lang='lat' dir='ltr'><strong>templa</strong></span> <span class='ocrx_word' id='word_1_303' title='bbox 220 3187 357 3228; x_wconf 86' lang='lat' dir='ltr'><strong>babent,</strong></span> <span class='ocrx_word' id='word_1_304' title='bbox 373 3190 410 3221; x_wconf 92' lang='lat' dir='ltr'><strong>ut</strong></span> <span class='ocrx_word' id='word_1_305' title='bbox 425 3190 541 3230; x_wconf 81' lang='lat' dir='ltr'><strong>praeter</strong></span> <span class='ocrx_word' id='word_1_306' title='bbox 554 3190 634 3223; x_wconf 89' lang='lat' dir='ltr'><strong>alios</strong></span> <span class='ocrx_word' id='word_1_307' title='bbox 646 3191 789 3231; x_wconf 86' lang='lat' dir='ltr'><strong>Agroetas</strong></span> <span class='ocrx_word' id='word_1_308' title='bbox 804 3191 924 3222; x_wconf 89' lang='lat' dir='ltr'><strong>narrat.</strong></span> 
     </span>
    </p>
   </div>
   <div class='ocr_carea' id='block_1_13' title="bbox 596 3268 632 3300">
    <p class='ocr_par' dir='ltr' id='par_1_13' title="bbox 596 3268 632 3300">
     <span class='ocr_line' id='line_1_46' title="bbox 596 3268 632 3300; baseline -0.028 0"><span class='ocrx_word' id='word_1_309' title='bbox 596 3268 632 3300; x_wconf 90' lang='lat'><strong>5.</strong></span> 
     </span>
    </p>
   </div>
   <div class='ocr_carea' id='block_1_14' title="bbox 134 3323 1139 3373">
    <p class='ocr_par' dir='ltr' id='par_1_14' title="bbox 134 3323 1139 3373">
     <span class='ocr_line' id='line_1_47' title="bbox 134 3323 1139 3373; baseline 0.003 -13"><span class='ocrx_word' id='word_1_310' title='bbox 134 3329 323 3369; x_wconf 83' lang='lat' dir='ltr'><strong>Ampelus...</strong></span> <span class='ocrx_word' id='word_1_311' title='bbox 342 3331 439 3363; x_wconf 88' lang='lat' dir='ltr'><strong>etiam</strong></span> <span class='ocrx_word' id='word_1_312' title='bbox 456 3331 488 3364; x_wconf 89' lang='lat' dir='ltr'><strong>in</strong></span> <span class='ocrx_word' id='word_1_313' title='bbox 510 3333 687 3373; x_wconf 79' lang='lat' dir='ltr'><strong>Cyrenaica</strong></span> <span class='ocrx_word' id='word_1_314' title='bbox 710 3323 838 3373; x_wconf 64' lang='lat' dir='ltr'><strong>re&#39;gione</strong></span> <span class='ocrx_word' id='word_1_315' title='bbox 858 3332 933 3364; x_wconf 90' lang='lat' dir='ltr'><strong>urbs</strong></span> <span class='ocrx_word' id='word_1_316' title='bbox 948 3334 1007 3371; x_wconf 88' lang='lat' dir='ltr'><strong>est.</strong></span> <span class='ocrx_word' id='word_1_317' title='bbox 1037 3336 1139 3373; x_wconf 83' lang='lat' dir='ltr'><strong>Agroe-</strong></span> 
     </span>
    </p>
   </div>
   <div class='ocr_carea' id='block_1_15' title="bbox 92 3381 1140 3464">
    <p class='ocr_par' dir='ltr' id='par_1_15' title="bbox 92 3381 1140 3464">
     <span class='ocr_line' id='line_1_48' title="bbox 92 3381 1140 3424; baseline 0.004 -13"><span class='ocrx_word' id='word_1_318' title='bbox 92 3381 141 3412; x_wconf 84' lang='lat' dir='ltr'><strong>tas</strong></span> <span class='ocrx_word' id='word_1_319' title='bbox 158 3389 235 3412; x_wconf 88' lang='lat' dir='ltr'><strong>vero</strong></span> <span class='ocrx_word' id='word_1_320' title='bbox 248 3382 330 3414; x_wconf 88' lang='lat' dir='ltr'><strong>duas</strong></span> <span class='ocrx_word' id='word_1_321' title='bbox 340 3382 436 3415; x_wconf 85' lang='lat' dir='ltr'><strong>urbes</strong></span> <span class='ocrx_word' id='word_1_322' title='bbox 447 3391 516 3416; x_wconf 86' lang='lat' dir='ltr'><strong>esse</strong></span> <span class='ocrx_word' id='word_1_323' title='bbox 529 3383 624 3424; x_wconf 85' lang='lat' dir='ltr'><strong>dicit,</strong></span> <span class='ocrx_word' id='word_1_324' title='bbox 638 3385 772 3417; x_wconf 86' lang='lat' dir='ltr'><strong>alteram</strong></span> <span class='ocrx_word' id='word_1_325' title='bbox 790 3384 999 3424; x_wconf 82' lang='lat' dir='ltr'><strong>superiorem,</strong></span> <span class='ocrx_word' id='word_1_326' title='bbox 1008 3384 1140 3416; x_wconf 88' lang='lat' dir='ltr'><strong>alteram</strong></span> 
     </span>
     <span class='ocr_line' id='line_1_49' title="bbox 93 3431 766 3464; baseline 0.01 -2"><span class='ocrx_word' id='word_1_327' title='bbox 93 3431 285 3464; x_wconf 76' lang='lat' dir='ltr'><strong>interiorem.</strong></span> <span class='ocrx_word' id='word_1_328' title='bbox 758 3438 766 3447; x_wconf 76' lang='lat'><strong>⁴</strong></span> 
     </span>
    </p>
   </div>
   <div class='ocr_carea' id='block_1_16' title="bbox 2170 258 2244 290">
    <p class='ocr_par' dir='ltr' id='par_1_16' title="bbox 2170 258 2244 290">
     <span class='ocr_line' id='line_1_50' title="bbox 2170 258 2244 290; baseline -0.027 0"><span class='ocrx_word' id='word_1_329' title='bbox 2170 258 2244 290; x_wconf 76' lang='lat'><strong>295</strong></span> 
     </span>
    </p>
   </div>
   <div class='ocr_carea' id='block_1_17' title="bbox 1197 323 2252 725">
    <p class='ocr_par' dir='ltr' id='par_1_17' title="bbox 1197 323 2252 725">
     <span class='ocr_line' id='line_1_51' title="bbox 1197 323 2250 383; baseline 0.01 -22"><span class='ocrx_word' id='word_1_330' title='bbox 1197 324 1236 362; x_wconf 85' lang='grc' dir='ltr'><strong>τὸ</strong></span> <span class='ocrx_word' id='word_1_331' title='bbox 1252 323 1316 371; x_wconf 85' lang='grc' dir='ltr'><strong>τὴν</strong></span> <span class='ocrx_word' id='word_1_332' title='bbox 1336 326 1527 377; x_wconf 88' lang='grc' dir='ltr'>κρατίστην</span> <span class='ocrx_word' id='word_1_333' title='bbox 1546 330 1604 365; x_wconf 74' lang='grc' dir='ltr'><strong>τοῦ</strong></span> <span class='ocrx_word' id='word_1_334' title='bbox 1633 328 1847 380; x_wconf 84' lang='grc' dir='ltr'>Προμηθέως</span> <span class='ocrx_word' id='word_1_335' title='bbox 1864 330 1983 382; x_wconf 71' lang='grc' dir='ltr'>χώραν</span> <span class='ocrx_word' id='word_1_336' title='bbox 2010 333 2067 370; x_wconf 87' lang='grc' dir='ltr'><strong>τὸν</strong></span> <span class='ocrx_word' id='word_1_337' title='bbox 2093 334 2250 383; x_wconf 87' lang='grc' dir='ltr'>ποταμὸν</span> 
     </span>
     <span class='ocr_line' id='line_1_52' title="bbox 1198 381 2250 443; baseline 0.01 -23"><span class='ocrx_word' id='word_1_338' title='bbox 1198 382 1256 420; x_wconf 86' lang='grc' dir='ltr'><strong>τὸν</strong></span> <span class='ocrx_word' id='word_1_339' title='bbox 1273 384 1488 434; x_wconf 86' lang='grc' dir='ltr'>καλούμενον</span> <span class='ocrx_word' id='word_1_340' title='bbox 1510 385 1624 440; x_wconf 56' lang='grc' dir='ltr'>Ἀετὸν</span> <span class='ocrx_word' id='word_1_341' title='bbox 1649 386 1811 438; x_wconf 85' lang='grc' dir='ltr'>φθείρειν.</span> <span class='ocrx_word' id='word_1_342' title='bbox 1838 381 1963 440; x_wconf 66' lang='grc' dir='ltr'><strong>ῒΗτιταρ</strong></span> <span class='ocrx_word' id='word_1_343' title='bbox 1990 389 2025 427; x_wconf 84' lang='grc' dir='ltr'><strong>δὲ</strong></span> <span class='ocrx_word' id='word_1_344' title='bbox 2043 390 2141 443; x_wconf 78' lang='grc' dir='ltr'>παρὰ</span> <span class='ocrx_word' id='word_1_345' title='bbox 2160 394 2250 430; x_wconf 85' lang='grc' dir='ltr'>πολ-</span> 
     </span>
     <span class='ocr_line' id='line_1_53' title="bbox 1198 435 2248 494; baseline 0.009 -21"><span class='ocrx_word' id='word_1_346' title='bbox 1198 436 1290 485; x_wconf 88' lang='grc' dir='ltr'>λοῖς,</span> <span class='ocrx_word' id='word_1_347' title='bbox 1317 435 1436 489; x_wconf 84' lang='grc' dir='ltr'>ὥσπερ</span> <span class='ocrx_word' id='word_1_348' title='bbox 1465 437 1526 475; x_wconf 78' lang='grc' dir='ltr'><strong>καὶ</strong></span> <span class='ocrx_word' id='word_1_349' title='bbox 1550 441 1678 491; x_wconf 81' lang='grc' dir='ltr'>οὖθαρ,</span> <span class='ocrx_word' id='word_1_350' title='bbox 1698 439 1761 485; x_wconf 83' lang='grc' dir='ltr'><strong>τὴν</strong></span> <span class='ocrx_word' id='word_1_351' title='bbox 1782 438 1956 492; x_wconf 85' lang='grc' dir='ltr'>εὔκαρπον</span> <span class='ocrx_word' id='word_1_352' title='bbox 1976 442 2141 493; x_wconf 80' lang='grc' dir='ltr'>λέγεσθαι</span> <span class='ocrx_word' id='word_1_353' title='bbox 2169 448 2248 494; x_wconf 68' lang='grc' dir='ltr'>γῆν.</span> 
     </span>
     <span class='ocr_line' id='line_1_54' title="bbox 1199 494 2251 552; baseline 0.007 -20"><span class='ocrx_word' id='word_1_354' title='bbox 1199 494 1415 544; x_wconf 81' lang='grc' dir='ltr'>Ἡρακλέους</span> <span class='ocrx_word' id='word_1_355' title='bbox 1433 495 1468 533; x_wconf 82' lang='grc' dir='ltr'><strong>δὲ</strong></span> <span class='ocrx_word' id='word_1_356' title='bbox 1483 495 1768 548; x_wconf 79' lang='grc' dir='ltr'>ἐξοχετεύσαντος</span> <span class='ocrx_word' id='word_1_357' title='bbox 1785 498 1913 550; x_wconf 82' lang='grc' dir='ltr'>διόρυξι</span> <span class='ocrx_word' id='word_1_358' title='bbox 1928 501 1985 537; x_wconf 89' lang='grc' dir='ltr'><strong>τὸν</strong></span> <span class='ocrx_word' id='word_1_359' title='bbox 1999 500 2173 552; x_wconf 83' lang='grc' dir='ltr'>ποταμὸν,</span> <span class='ocrx_word' id='word_1_360' title='bbox 2193 503 2251 541; x_wconf 89' lang='grc' dir='ltr'><strong>τόν</strong></span> 
     </span>
     <span class='ocr_line' id='line_1_55' title="bbox 1198 553 2252 612; baseline 0.008 -21"><span class='ocrx_word' id='word_1_361' title='bbox 1198 563 1235 591; x_wconf 84' lang='grc' dir='ltr'><strong>τε</strong></span> <span class='ocrx_word' id='word_1_362' title='bbox 1251 553 1351 592; x_wconf 82' lang='grc' dir='ltr'>ἀετὸν</span> <span class='ocrx_word' id='word_1_363' title='bbox 1371 554 1466 599; x_wconf 85' lang='grc' dir='ltr'>δόξαι</span> <span class='ocrx_word' id='word_1_364' title='bbox 1489 555 1546 592; x_wconf 79' lang='grc' dir='ltr'><strong>ὑπ’</strong></span> <span class='ocrx_word' id='word_1_365' title='bbox 1563 555 1669 594; x_wconf 79' lang='grc' dir='ltr'>αὐτοῦ</span> <span class='ocrx_word' id='word_1_366' title='bbox 1689 555 1923 608; x_wconf 81' lang='grc' dir='ltr'>κεχωρίσθαι,</span> <span class='ocrx_word' id='word_1_367' title='bbox 1945 557 2005 596; x_wconf 80' lang='grc' dir='ltr'><strong>καὶ</strong></span> <span class='ocrx_word' id='word_1_368' title='bbox 2021 558 2080 597; x_wconf 85' lang='grc' dir='ltr'><strong>τὸν</strong></span> <span class='ocrx_word' id='word_1_369' title='bbox 2103 562 2252 612; x_wconf 89' lang='grc' dir='ltr'>Προμη-</span> 
     </span>
     <span class='ocr_line' id='line_1_56' title="bbox 1199 612 2248 669; baseline 0.006 -18"><span class='ocrx_word' id='word_1_370' title='bbox 1199 612 1259 652; x_wconf 89' lang='grc' dir='ltr'><strong>θέα</strong></span> <span class='ocrx_word' id='word_1_371' title='bbox 1275 613 1442 652; x_wconf 86' lang='grc' dir='ltr'>λελύσθαι</span> <span class='ocrx_word' id='word_1_372' title='bbox 1461 616 1529 652; x_wconf 84' lang='grc' dir='ltr'><strong>τῶν</strong></span> <span class='ocrx_word' id='word_1_373' title='bbox 1549 615 1701 665; x_wconf 86' lang='grc' dir='ltr'>δεσμῶν.</span> <span class='ocrx_word' id='word_1_374' title='bbox 1725 616 1782 655; x_wconf 88' lang='lat' dir='ltr'><strong>Cf.</strong></span> <span class='ocrx_word' id='word_1_375' title='bbox 1809 618 2003 654; x_wconf 89' lang='lat' dir='ltr'><strong>Herodori</strong></span> <span class='ocrx_word' id='word_1_376' title='bbox 2024 619 2157 669; x_wconf 85' lang='lat' dir='ltr'><strong>fragm.</strong></span> <span class='ocrx_word' id='word_1_377' title='bbox 2184 622 2248 666; x_wconf 82' lang='lat'><strong>23,</strong></span> 
     </span>
     <span class='ocr_line' id='line_1_57' title="bbox 1199 675 1524 725; baseline 0.003 -15"><span class='ocrx_word' id='word_1_378' title='bbox 1199 682 1294 712; x_wconf 89' lang='lat' dir='ltr'><strong>tom.</strong></span> <span class='ocrx_word' id='word_1_379' title='bbox 1317 676 1370 720; x_wconf 91' lang='grc' dir='ltr'><strong>ΙΙ,</strong></span> <span class='ocrx_word' id='word_1_380' title='bbox 1394 689 1435 725; x_wconf 93' lang='lat' dir='ltr'><strong>p.</strong></span> <span class='ocrx_word' id='word_1_381' title='bbox 1460 675 1524 719; x_wconf 76' lang='lat'><strong>34.</strong></span> 
     </span>
    </p>
   </div>
   <div class='ocr_carea' id='block_1_18' title="bbox 1616 782 1834 798">
    <p class='ocr_par' dir='ltr' id='par_1_18' title="bbox 1616 782 1834 798">
     <span class='ocr_line' id='line_1_58' title="bbox 1616 782 1834 798; baseline 0 2926"><span class='ocrx_word' id='word_1_382' title='bbox 1616 782 1834 798; x_wconf 95' lang='lat' dir='ltr'><strong> </strong></span> 
     </span>
    </p>
   </div>
   <div class='ocr_carea' id='block_1_19' title="bbox 1219 989 2234 1033">
    <p class='ocr_par' dir='ltr' id='par_1_19' title="bbox 1219 989 2234 1033">
     <span class='ocr_line' id='line_1_59' title="bbox 1219 989 2234 1033; baseline 0.004 -6"><span class='ocrx_word' id='word_1_383' title='bbox 1219 989 1339 1028; x_wconf 85' lang='grc' dir='ltr'>ΠΕΡΙ</span> <span class='ocrx_word' id='word_1_384' title='bbox 1368 990 1477 1029; x_wconf 92' lang='grc' dir='ltr'><strong>ΤΩΝ</strong></span> <span class='ocrx_word' id='word_1_385' title='bbox 1507 991 1574 1029; x_wconf 88' lang='grc' dir='ltr'><strong>ΕΝ</strong></span> <span class='ocrx_word' id='word_1_386' title='bbox 1598 992 1827 1031; x_wconf 84' lang='grc' dir='ltr'>ΔΕΑΦΟΙΣ</span> <span class='ocrx_word' id='word_1_387' title='bbox 1857 991 2234 1033; x_wconf 83' lang='grc' dir='ltr'>ΑΝΑΘΗΜΑΤΩΝ,</span> 
     </span>
    </p>
   </div>
   <div class='ocr_carea' id='block_1_20' title="bbox 1254 1097 2254 1247">
    <p class='ocr_par' dir='ltr' id='par_1_20' title="bbox 1254 1097 2254 1247">
     <span class='ocr_line' id='line_1_60' title="bbox 1487 1097 1964 1134; baseline 0.004 -2"><span class='ocrx_word' id='word_1_388' title='bbox 1487 1098 1517 1132; x_wconf 86' lang='grc' dir='ltr'><strong>Ε</strong></span> <span class='ocrx_word' id='word_1_389' title='bbox 1545 1098 1696 1134; x_wconf 83' lang='lat' dir='ltr'>LIBRO</span> <span class='ocrx_word' id='word_1_390' title='bbox 1725 1097 1964 1134; x_wconf 88' lang='lat' dir='ltr'><strong>SECUNDO.</strong></span> 
     </span>
     <span class='ocr_line' id='line_1_61' title="bbox 1254 1192 2254 1247; baseline 0.001 -16"><span class='ocrx_word' id='word_1_391' title='bbox 1254 1195 1456 1231; x_wconf 81' lang='lat' dir='ltr'><strong>Athenaeus</strong></span> <span class='ocrx_word' id='word_1_392' title='bbox 1470 1196 1586 1241; x_wconf 88' lang='lat' dir='ltr'>XIII,</span> <span class='ocrx_word' id='word_1_393' title='bbox 1603 1208 1643 1244; x_wconf 85' lang='lat' dir='ltr'><strong>p.</strong></span> <span class='ocrx_word' id='word_1_394' title='bbox 1660 1193 1752 1243; x_wconf 85' lang='lat'>591‚</span> <span class='ocrx_word' id='word_1_395' title='bbox 1772 1196 1800 1231; x_wconf 94' lang='lat' dir='ltr'><strong>B</strong></span> <span class='ocrx_word' id='word_1_396' title='bbox 1818 1205 1827 1232; x_wconf 73' lang='grc' dir='ltr'><strong><em>ε</em></strong></span> <span class='ocrx_word' id='word_1_397' title='bbox 1843 1194 1965 1241; x_wconf 73' lang='grc' dir='ltr'>Αὐτῆς</span> <span class='ocrx_word' id='word_1_398' title='bbox 1982 1192 2019 1232; x_wconf 80' lang='grc' dir='ltr'><strong>δὲ</strong></span> <span class='ocrx_word' id='word_1_399' title='bbox 2031 1197 2093 1242; x_wconf 76' lang='grc' dir='ltr'><strong>τῆς</strong></span> <span class='ocrx_word' id='word_1_400' title='bbox 2110 1195 2254 1247; x_wconf 84' lang='grc' dir='ltr'>Φρύνης</span> 
     </span>
    </p>
   </div>
   <div class='ocr_carea' id='block_1_21' title="bbox 1200 1250 2263 2124">
    <p class='ocr_par' dir='ltr' id='par_1_21' title="bbox 1200 1250 2263 2124">
     <span class='ocr_line' id='line_1_62' title="bbox 1201 1250 2255 1306; baseline 0.003 -17"><span class='ocrx_word' id='word_1_401' title='bbox 1201 1253 1231 1290; x_wconf 78' lang='grc' dir='ltr'>οἱ</span> <span class='ocrx_word' id='word_1_402' title='bbox 1252 1250 1462 1304; x_wconf 86' lang='grc' dir='ltr'>περικτίονες</span> <span class='ocrx_word' id='word_1_403' title='bbox 1485 1251 1674 1306; x_wconf 82' lang='grc' dir='ltr'>ἀνδριάντα</span> <span class='ocrx_word' id='word_1_404' title='bbox 1696 1251 1904 1299; x_wconf 83' lang='grc' dir='ltr'>ποιήσαντες</span> <span class='ocrx_word' id='word_1_405' title='bbox 1924 1252 2094 1300; x_wconf 83' lang='grc' dir='ltr'>ἀνέθηκαν</span> <span class='ocrx_word' id='word_1_406' title='bbox 2115 1255 2150 1291; x_wconf 82' lang='grc' dir='ltr'><strong>ἐν</strong></span> <span class='ocrx_word' id='word_1_407' title='bbox 2166 1255 2255 1292; x_wconf 85' lang='grc' dir='ltr'>Δελ-</span> 
     </span>
     <span class='ocr_line' id='line_1_63' title="bbox 1202 1308 2263 1363; baseline 0.002 -15"><span class='ocrx_word' id='word_1_408' title='bbox 1202 1312 1280 1362; x_wconf 89' lang='grc' dir='ltr'>φοῖς</span> <span class='ocrx_word' id='word_1_409' title='bbox 1312 1308 1461 1363; x_wconf 88' lang='grc' dir='ltr'>χρύσεον</span> <span class='ocrx_word' id='word_1_410' title='bbox 1503 1311 1562 1348; x_wconf 81' lang='grc' dir='ltr'><strong>ἐπὶ</strong></span> <span class='ocrx_word' id='word_1_411' title='bbox 1596 1311 1708 1355; x_wconf 86' lang='grc' dir='ltr'>κίονος</span> <span class='ocrx_word' id='word_1_412' title='bbox 1747 1311 1960 1350; x_wconf 78' lang='grc' dir='ltr'>Πεντελικοῦ</span> <span class='ocrx_word' id='word_1_413' title='bbox 1973 1326 1981 1335; x_wconf 91' lang='grc'><em>·</em></span> <span class='ocrx_word' id='word_1_414' title='bbox 2019 1311 2263 1351; x_wconf 82' lang='grc' dir='ltr'>κατεσκεύασε·</span> 
     </span>
     <span class='ocr_line' id='line_1_64' title="bbox 1202 1369 2257 1424; baseline 0.003 -17"><span class='ocrx_word' id='word_1_415' title='bbox 1202 1369 1232 1407; x_wconf 83' lang='grc' dir='ltr'><strong>δ’</strong></span> <span class='ocrx_word' id='word_1_416' title='bbox 1269 1369 1374 1407; x_wconf 82' lang='grc' dir='ltr'>αὐτὸν</span> <span class='ocrx_word' id='word_1_417' title='bbox 1408 1369 1639 1421; x_wconf 85' lang='grc' dir='ltr'>Πραξιτέλης.</span> <span class='ocrx_word' id='word_1_418' title='bbox 1672 1369 1742 1409; x_wconf 63' lang='grc' dir='ltr'><strong>ε’ον</strong></span> <span class='ocrx_word' id='word_1_419' title='bbox 1780 1369 1841 1407; x_wconf 81' lang='grc' dir='ltr'><strong>καὶ</strong></span> <span class='ocrx_word' id='word_1_420' title='bbox 1873 1369 2081 1420; x_wconf 87' lang='grc' dir='ltr'>θεασάμενος</span> <span class='ocrx_word' id='word_1_421' title='bbox 2112 1371 2257 1424; x_wconf 86' lang='grc' dir='ltr'>Κράτης</span> 
     </span>
     <span class='ocr_line' id='line_1_65' title="bbox 1202 1427 2253 1482; baseline 0.002 -16"><span class='ocrx_word' id='word_1_422' title='bbox 1202 1430 1220 1466; x_wconf 84' lang='grc' dir='ltr'>ὁ</span> <span class='ocrx_word' id='word_1_423' title='bbox 1238 1427 1377 1472; x_wconf 81' lang='grc' dir='ltr'>κυνικὸς</span> <span class='ocrx_word' id='word_1_424' title='bbox 1408 1427 1474 1481; x_wconf 81' lang='grc' dir='ltr'><strong>ἔφη</strong></span> <span class='ocrx_word' id='word_1_425' title='bbox 1502 1431 1563 1475; x_wconf 68' lang='lat' dir='ltr'><strong>effic</strong></span> <span class='ocrx_word' id='word_1_426' title='bbox 1584 1431 1650 1467; x_wconf 84' lang='grc' dir='ltr'><strong>τῶν</strong></span> <span class='ocrx_word' id='word_1_427' title='bbox 1671 1428 1855 1475; x_wconf 61' lang='grc' dir='ltr'><strong>εΕλλήνων</strong></span> <span class='ocrx_word' id='word_1_428' title='bbox 1876 1430 2046 1482; x_wconf 80' lang='grc' dir='ltr'>ἀκρασίας</span> <span class='ocrx_word' id='word_1_429' title='bbox 2074 1430 2253 1481; x_wconf 88' lang='grc' dir='ltr'>ἀνάθημα.</span> 
     </span>
     <span class='ocr_line' id='line_1_66' title="bbox 1200 1484 2255 1540; baseline 0.002 -15"><span class='ocrx_word' id='word_1_430' title='bbox 1200 1484 1361 1533; x_wconf 47' lang='grc' dir='ltr'>ςΈστηκε</span> <span class='ocrx_word' id='word_1_431' title='bbox 1382 1486 1498 1525; x_wconf 80' lang='grc' dir='ltr'>δὲκαὶ</span> <span class='ocrx_word' id='word_1_432' title='bbox 1529 1491 1551 1534; x_wconf 86' lang='grc' dir='ltr'>ἡ</span> <span class='ocrx_word' id='word_1_433' title='bbox 1581 1486 1683 1525; x_wconf 84' lang='grc' dir='ltr'>εἰκὼν</span> <span class='ocrx_word' id='word_1_434' title='bbox 1704 1486 1793 1533; x_wconf 75' lang='grc' dir='ltr'>αὕτη</span> <span class='ocrx_word' id='word_1_435' title='bbox 1819 1487 1909 1536; x_wconf 83' lang='grc' dir='ltr'>μέση</span> <span class='ocrx_word' id='word_1_436' title='bbox 1940 1490 2002 1534; x_wconf 75' lang='grc' dir='ltr'><strong>τῆς</strong></span> <span class='ocrx_word' id='word_1_437' title='bbox 2026 1487 2255 1540; x_wconf 82' lang='grc' dir='ltr'>Ἀρχιδάμου,</span> 
     </span>
     <span class='ocr_line' id='line_1_67' title="bbox 1201 1545 2256 1598; baseline 0.002 -15"><span class='ocrx_word' id='word_1_438' title='bbox 1201 1549 1261 1583; x_wconf 81' lang='grc' dir='ltr'><strong>τοῦ</strong></span> <span class='ocrx_word' id='word_1_439' title='bbox 1282 1545 1570 1596; x_wconf 88' lang='grc' dir='ltr'>Λακεδαιμονίων</span> <span class='ocrx_word' id='word_1_440' title='bbox 1592 1545 1781 1598; x_wconf 85' lang='grc' dir='ltr'>βασιλέως,</span> <span class='ocrx_word' id='word_1_441' title='bbox 1801 1546 1860 1583; x_wconf 87' lang='grc' dir='ltr'><strong>καὶ</strong></span> <span class='ocrx_word' id='word_1_442' title='bbox 1890 1548 1951 1593; x_wconf 76' lang='grc' dir='ltr'><strong>τῆς</strong></span> <span class='ocrx_word' id='word_1_443' title='bbox 1983 1546 2168 1586; x_wconf 87' lang='grc' dir='ltr'>Φιλίππου</span> <span class='ocrx_word' id='word_1_444' title='bbox 2198 1552 2256 1586; x_wconf 77' lang='grc' dir='ltr'><strong>τοῦ</strong></span> 
     </span>
     <span class='ocr_line' id='line_1_68' title="bbox 1204 1604 2257 1657; baseline 0.003 -15"><span class='ocrx_word' id='word_1_445' title='bbox 1204 1604 1386 1654; x_wconf 83' lang='grc' dir='ltr'>Ἀμύντου,</span> <span class='ocrx_word' id='word_1_446' title='bbox 1403 1604 1533 1656; x_wconf 79' lang='grc' dir='ltr'>ἔχουσα</span> <span class='ocrx_word' id='word_1_447' title='bbox 1543 1604 1755 1657; x_wconf 77' lang='grc' dir='ltr'>ἐπιγραφὴν,</span> <span class='ocrx_word' id='word_1_448' title='bbox 1767 1605 1907 1644; x_wconf 85' lang='grc' dir='ltr'><strong>ΦΡΥΝ</strong></span> <span class='ocrx_word' id='word_1_449' title='bbox 1912 1607 1945 1644; x_wconf 87' lang='grc' dir='ltr'><em>Η</em></span> <span class='ocrx_word' id='word_1_450' title='bbox 1961 1606 2257 1646; x_wconf 86' lang='grc' dir='ltr'>ΕΠΙΚΑΕΟΥΣ</span> 
     </span>
     <span class='ocr_line' id='line_1_69' title="bbox 1201 1661 2256 1717; baseline -0.002 -15"><span class='ocrx_word' id='word_1_451' title='bbox 1201 1664 1456 1710; x_wconf 80' lang='grc' dir='ltr'>ΘΕΣΠΙΚΗ,</span> <span class='ocrx_word' id='word_1_452' title='bbox 1476 1662 1522 1708; x_wconf 82' lang='grc' dir='ltr'>ὥς</span> <span class='ocrx_word' id='word_1_453' title='bbox 1544 1678 1646 1717; x_wconf 87' lang='grc' dir='ltr'>φησιν</span> <span class='ocrx_word' id='word_1_454' title='bbox 1666 1661 1830 1706; x_wconf 83' lang='grc' dir='ltr'>Ἀλκέτας</span> <span class='ocrx_word' id='word_1_455' title='bbox 1853 1664 1887 1700; x_wconf 79' lang='grc' dir='ltr'><strong>ἐν</strong></span> <span class='ocrx_word' id='word_1_456' title='bbox 1914 1662 2061 1716; x_wconf 82' lang='grc' dir='ltr'>δευτέρῳ</span> <span class='ocrx_word' id='word_1_457' title='bbox 2080 1663 2169 1716; x_wconf 87' lang='grc' dir='ltr'>Περὶ</span> <span class='ocrx_word' id='word_1_458' title='bbox 2189 1666 2256 1701; x_wconf 81' lang='grc' dir='ltr'><strong>τῶν</strong></span> 
     </span>
     <span class='ocr_line' id='line_1_70' title="bbox 1203 1721 2253 1778; baseline -0.002 -18"><span class='ocrx_word' id='word_1_459' title='bbox 1203 1724 1236 1760; x_wconf 82' lang='grc' dir='ltr'><strong>ἐν</strong></span> <span class='ocrx_word' id='word_1_460' title='bbox 1254 1723 1400 1774; x_wconf 79' lang='grc' dir='ltr'>Δελφοῖς</span> <span class='ocrx_word' id='word_1_461' title='bbox 1422 1721 1670 1772; x_wconf 83' lang='grc' dir='ltr'>ἀναθημάτων.</span> <span class='ocrx_word' id='word_1_462' title='bbox 1692 1725 1749 1759; x_wconf 92' lang='lat' dir='ltr'><strong>De</strong></span> <span class='ocrx_word' id='word_1_463' title='bbox 1765 1735 1807 1759; x_wconf 89' lang='lat' dir='ltr'><strong>re</strong></span> <span class='ocrx_word' id='word_1_464' title='bbox 1822 1722 1872 1758; x_wconf 86' lang='lat' dir='ltr'><strong>cf.</strong></span> <span class='ocrx_word' id='word_1_465' title='bbox 1891 1723 2031 1778; x_wconf 67' lang='lat' dir='ltr'><strong>AElian.</strong></span> <span class='ocrx_word' id='word_1_466' title='bbox 2051 1725 2139 1760; x_wconf 86' lang='lat' dir='ltr'><strong>Var.</strong></span> <span class='ocrx_word' id='word_1_467' title='bbox 2157 1725 2253 1760; x_wconf 89' lang='lat' dir='ltr'><strong>Hist.</strong></span> 
     </span>
     <span class='ocr_line' id='line_1_71' title="bbox 1202 1782 2255 1831; baseline 0 -13"><span class='ocrx_word' id='word_1_468' title='bbox 1202 1783 1279 1831; x_wconf 78' lang='lat' dir='ltr'><strong>lx,</strong></span> <span class='ocrx_word' id='word_1_469' title='bbox 1313 1782 1382 1829; x_wconf 81' lang='lat'><strong>323</strong></span> <span class='ocrx_word' id='word_1_470' title='bbox 1407 1785 1568 1818; x_wconf 88' lang='lat' dir='ltr'><strong>Pausan.</strong></span> <span class='ocrx_word' id='word_1_471' title='bbox 1595 1783 1667 1829; x_wconf 86' lang='lat' dir='ltr'><strong>IX,</strong></span> <span class='ocrx_word' id='word_1_472' title='bbox 1692 1794 1762 1828; x_wconf 81' lang='lat'><strong>273</strong></span> <span class='ocrx_word' id='word_1_473' title='bbox 1792 1782 1904 1830; x_wconf 81' lang='lat' dir='ltr'><strong>Diog.</strong></span> <span class='ocrx_word' id='word_1_474' title='bbox 1926 1783 1969 1819; x_wconf 90' lang='lat' dir='ltr'><strong>L.</strong></span> <span class='ocrx_word' id='word_1_475' title='bbox 2001 1783 2070 1827; x_wconf 89' lang='lat' dir='ltr'><strong>VI,</strong></span> <span class='ocrx_word' id='word_1_476' title='bbox 2090 1783 2156 1828; x_wconf 83' lang='lat'><strong>60,</strong></span> <span class='ocrx_word' id='word_1_477' title='bbox 2188 1784 2255 1830; x_wconf 90' lang='lat' dir='ltr'><strong>qui</strong></span> 
     </span>
     <span class='ocr_line' id='line_1_72' title="bbox 1200 1842 2257 1891; baseline 0 -14"><span class='ocrx_word' id='word_1_478' title='bbox 1200 1855 1272 1891; x_wconf 89' lang='lat' dir='ltr'><strong>pro</strong></span> <span class='ocrx_word' id='word_1_479' title='bbox 1300 1842 1450 1880; x_wconf 85' lang='lat' dir='ltr'><strong>Cratete</strong></span> <span class='ocrx_word' id='word_1_480' title='bbox 1480 1843 1692 1890; x_wconf 85' lang='lat' dir='ltr'><strong>Diogenem</strong></span> <span class='ocrx_word' id='word_1_481' title='bbox 1710 1842 1834 1890; x_wconf 89' lang='lat' dir='ltr'><strong>ponit.</strong></span> <span class='ocrx_word' id='word_1_482' title='bbox 1865 1862 1919 1868; x_wconf 80' lang='lat'>—</span> <span class='ocrx_word' id='word_1_483' title='bbox 1946 1842 2003 1876; x_wconf 89' lang='lat' dir='ltr'><strong>De</strong></span> <span class='ocrx_word' id='word_1_484' title='bbox 2033 1842 2165 1877; x_wconf 86' lang='lat' dir='ltr'><strong>Alceta</strong></span> <span class='ocrx_word' id='word_1_485' title='bbox 2182 1842 2257 1877; x_wconf 91' lang='lat' dir='ltr'><strong>hoc</strong></span> 
     </span>
     <span class='ocr_line' id='line_1_73' title="bbox 1202 1894 2258 1949; baseline 0.001 -14"><span class='ocrx_word' id='word_1_486' title='bbox 1202 1901 1354 1937; x_wconf 84' lang='lat' dir='ltr'><strong>aliunde</strong></span> <span class='ocrx_word' id='word_1_487' title='bbox 1382 1914 1462 1936; x_wconf 89' lang='lat' dir='ltr'><strong>non</strong></span> <span class='ocrx_word' id='word_1_488' title='bbox 1485 1894 1728 1937; x_wconf 45' lang='lat' dir='ltr'><strong>constane</strong></span> <span class='ocrx_word' id='word_1_489' title='bbox 1752 1900 1866 1936; x_wconf 89' lang='lat' dir='ltr'><strong>rebus</strong></span> <span class='ocrx_word' id='word_1_490' title='bbox 1887 1900 2083 1947; x_wconf 86' lang='lat' dir='ltr'><strong>Delphicis</strong></span> <span class='ocrx_word' id='word_1_491' title='bbox 2107 1901 2258 1949; x_wconf 80' lang='lat' dir='ltr'><strong>scripsit</strong></span> 
     </span>
     <span class='ocr_line' id='line_1_74' title="bbox 1200 1958 2253 2008; baseline 0 -13"><span class='ocrx_word' id='word_1_492' title='bbox 1200 1959 1489 1995; x_wconf 84' lang='lat' dir='ltr'><strong>Anaxandrides</strong></span> <span class='ocrx_word' id='word_1_493' title='bbox 1504 1960 1584 2003; x_wconf 82' lang='lat' dir='ltr'><strong>vel,</strong></span> <span class='ocrx_word' id='word_1_494' title='bbox 1614 1959 1670 1993; x_wconf 86' lang='lat' dir='ltr'><strong>uti</strong></span> <span class='ocrx_word' id='word_1_495' title='bbox 1690 1959 1730 1993; x_wconf 92' lang='lat' dir='ltr'><strong>in</strong></span> <span class='ocrx_word' id='word_1_496' title='bbox 1756 1959 1950 1993; x_wconf 87' lang='lat' dir='ltr'><strong>nonnullis</strong></span> <span class='ocrx_word' id='word_1_497' title='bbox 1969 1958 2077 1994; x_wconf 90' lang='lat' dir='ltr'><strong>libris</strong></span> <span class='ocrx_word' id='word_1_498' title='bbox 2103 1959 2253 2008; x_wconf 87' lang='lat' dir='ltr'><strong>legitur,</strong></span> 
     </span>
     <span class='ocr_line' id='line_1_75' title="bbox 1201 2017 2255 2066; baseline 0.001 -13"><span class='ocrx_word' id='word_1_499' title='bbox 1201 2017 1487 2054; x_wconf 85' lang='lat' dir='ltr'><strong>Alexandrides.</strong></span> <span class='ocrx_word' id='word_1_500' title='bbox 1510 2037 1564 2044; x_wconf 93' lang='lat'>—</span> <span class='ocrx_word' id='word_1_501' title='bbox 1582 2017 1716 2053; x_wconf 86' lang='lat' dir='ltr'><strong>Varios</strong></span> <span class='ocrx_word' id='word_1_502' title='bbox 1746 2017 1896 2053; x_wconf 85' lang='lat' dir='ltr'><strong>Alcetas</strong></span> <span class='ocrx_word' id='word_1_503' title='bbox 1915 2017 2002 2052; x_wconf 72' lang='lat' dir='ltr'><strong>vide</strong></span> <span class='ocrx_word' id='word_1_504' title='bbox 2019 2017 2059 2052; x_wconf 91' lang='lat' dir='ltr'><strong>in</strong></span> <span class='ocrx_word' id='word_1_505' title='bbox 2078 2018 2255 2066; x_wconf 90' lang='lat' dir='ltr'><strong>Stephan.</strong></span> 
     </span>
     <span class='ocr_line' id='line_1_76' title="bbox 1201 2075 2254 2124; baseline 0.002 -14"><span class='ocrx_word' id='word_1_506' title='bbox 1201 2075 1309 2112; x_wconf 90' lang='lat' dir='ltr'><strong>Thes.</strong></span> <span class='ocrx_word' id='word_1_507' title='bbox 1326 2089 1354 2113; x_wconf 89' lang='lat' dir='ltr'><strong>s.</strong></span> <span class='ocrx_word' id='word_1_508' title='bbox 1370 2089 1426 2121; x_wconf 78' lang='lat' dir='ltr'><strong>V.‚</strong></span> <span class='ocrx_word' id='word_1_509' title='bbox 1448 2076 1586 2123; x_wconf 91' lang='lat' dir='ltr'><strong>quibus</strong></span> <span class='ocrx_word' id='word_1_510' title='bbox 1602 2075 1698 2111; x_wconf 88' lang='lat' dir='ltr'><strong>adde</strong></span> <span class='ocrx_word' id='word_1_511' title='bbox 1714 2088 1721 2110; x_wconf 74' lang='grc' dir='ltr'>ε</span> <span class='ocrx_word' id='word_1_512' title='bbox 1739 2077 1788 2113; x_wconf 91' lang='grc' dir='ltr'>Α.</span> <span class='ocrx_word' id='word_1_513' title='bbox 1808 2077 2020 2110; x_wconf 68' lang='lat' dir='ltr'><strong>Boeotorum</strong></span> <span class='ocrx_word' id='word_1_514' title='bbox 2037 2083 2254 2124; x_wconf 78' lang='lat' dir='ltr'><strong>praetorem,</strong></span> 
     </span>
    </p>
   </div>
   <div class='ocr_carea' id='block_1_22' title="bbox 1131 2133 2257 2182">
    <p class='ocr_par' dir='ltr' id='par_1_22' title="bbox 1131 2133 2257 2182">
     <span class='ocr_line' id='line_1_77' title="bbox 1131 2133 2257 2182; baseline 0.002 -14"><span class='ocrx_word' id='word_1_515' title='bbox 1131 2163 1134 2165; x_wconf 90' lang='grc'>.</span> <span class='ocrx_word' id='word_1_516' title='bbox 1201 2145 1265 2181; x_wconf 88' lang='lat' dir='ltr'><strong>ap.</strong></span> <span class='ocrx_word' id='word_1_517' title='bbox 1288 2134 1421 2181; x_wconf 87' lang='lat' dir='ltr'><strong>Polyb.</strong></span> <span class='ocrx_word' id='word_1_518' title='bbox 1444 2134 1599 2177; x_wconf 88' lang='lat' dir='ltr'>XXIII,</span> <span class='ocrx_word' id='word_1_519' title='bbox 1624 2133 1716 2178; x_wconf 82' lang='lat'>2,13</span> <span class='ocrx_word' id='word_1_520' title='bbox 1747 2133 1837 2182; x_wconf 90' lang='lat' dir='ltr'><strong>(qui</strong></span> <span class='ocrx_word' id='word_1_521' title='bbox 1860 2146 1939 2169; x_wconf 90' lang='lat' dir='ltr'><strong>non</strong></span> <span class='ocrx_word' id='word_1_522' title='bbox 1964 2133 2134 2170; x_wconf 87' lang='lat' dir='ltr'><strong>diversus</strong></span> <span class='ocrx_word' id='word_1_523' title='bbox 2153 2143 2208 2173; x_wconf 87' lang='lat' dir='ltr'><strong>est</strong></span> <span class='ocrx_word' id='word_1_524' title='bbox 2235 2148 2257 2170; x_wconf 81' lang='lat' dir='ltr'><strong>a</strong></span> 
     </span>
    </p>
   </div>
   <div class='ocr_carea' id='block_1_23' title="bbox 1200 2192 2253 2300">
    <p class='ocr_par' dir='ltr' id='par_1_23' title="bbox 1200 2192 2253 2300">
     <span class='ocr_line' id='line_1_78' title="bbox 1200 2192 2253 2246; baseline 0.001 -19"><span class='ocrx_word' id='word_1_525' title='bbox 1200 2193 1333 2246; x_wconf 58' lang='lat' dir='ltr'><strong>Dic-eta</strong></span> <span class='ocrx_word' id='word_1_526' title='bbox 1343 2193 1410 2227; x_wconf 91' lang='lat' dir='ltr'><strong>lib.</strong></span> <span class='ocrx_word' id='word_1_527' title='bbox 1423 2192 1583 2238; x_wconf 89' lang='lat' dir='ltr'>XXVII,</span> <span class='ocrx_word' id='word_1_528' title='bbox 1598 2204 1699 2237; x_wconf 91' lang='lat' dir='ltr'><strong>1,1o‚</strong></span> <span class='ocrx_word' id='word_1_529' title='bbox 1713 2193 1802 2229; x_wconf 91' lang='lat' dir='ltr'><strong>coll.</strong></span> <span class='ocrx_word' id='word_1_530' title='bbox 1814 2192 1965 2227; x_wconf 82' lang='lat' dir='ltr'><strong>Miiller.</strong></span> <span class='ocrx_word' id='word_1_531' title='bbox 1980 2193 2080 2228; x_wconf 60' lang='lat' dir='ltr'><strong>suin.</strong></span> <span class='ocrx_word' id='word_1_532' title='bbox 2096 2205 2136 2241; x_wconf 89' lang='lat' dir='ltr'><strong>p.</strong></span> <span class='ocrx_word' id='word_1_533' title='bbox 2151 2193 2253 2243; x_wconf 76' lang='lat'>427),</span> 
     </span>
     <span class='ocr_line' id='line_1_79' title="bbox 1201 2244 2207 2300; baseline 0.001 -13"><span class='ocrx_word' id='word_1_534' title='bbox 1201 2258 1238 2287; x_wconf 87' lang='lat' dir='ltr'><strong>et</strong></span> <span class='ocrx_word' id='word_1_535' title='bbox 1254 2244 1306 2289; x_wconf 71' lang='lat' dir='ltr'><strong>A.</strong></span> <span class='ocrx_word' id='word_1_536' title='bbox 1327 2251 1453 2286; x_wconf 80' lang='lat' dir='ltr'><strong>Carioe</strong></span> <span class='ocrx_word' id='word_1_537' title='bbox 1464 2248 1705 2299; x_wconf 68' lang='lat' dir='ltr'><strong>praesectum,</strong></span> <span class='ocrx_word' id='word_1_538' title='bbox 1725 2263 1785 2300; x_wconf 86' lang='lat' dir='ltr'><strong>ap.</strong></span> <span class='ocrx_word' id='word_1_539' title='bbox 1805 2252 1969 2300; x_wconf 89' lang='lat' dir='ltr'><strong>Appian.</strong></span> <span class='ocrx_word' id='word_1_540' title='bbox 1994 2252 2078 2299; x_wconf 82' lang='lat' dir='ltr'><strong>Syr.</strong></span> <span class='ocrx_word' id='word_1_541' title='bbox 2099 2264 2134 2287; x_wconf 88' lang='lat' dir='ltr'><strong>c.</strong></span> <span class='ocrx_word' id='word_1_542' title='bbox 2159 2250 2207 2288; x_wconf 81' lang='lat'><strong>52</strong></span> 
     </span>
    </p>
   </div>
   <div class='ocr_carea' id='block_1_24' title="bbox 1604 2357 1848 2374">
    <p class='ocr_par' dir='ltr' id='par_1_24' title="bbox 1604 2357 1848 2374">
     <span class='ocr_line' id='line_1_80' title="bbox 1604 2357 1848 2374; baseline 0 1350"><span class='ocrx_word' id='word_1_543' title='bbox 1604 2357 1848 2374; x_wconf 95' lang='lat' dir='ltr'><strong> </strong></span> 
     </span>
    </p>
   </div>
   <div class='ocr_carea' id='block_1_25' title="bbox 1600 2504 1864 2545">
    <p class='ocr_par' dir='ltr' id='par_1_25' title="bbox 1600 2504 1864 2545">
     <span class='ocr_line' id='line_1_81' title="bbox 1600 2504 1864 2545; baseline -0.008 0"><span class='ocrx_word' id='word_1_544' title='bbox 1600 2506 1691 2545; x_wconf 85' lang='lat' dir='ltr'><strong>SCY</strong></span> <span class='ocrx_word' id='word_1_545' title='bbox 1693 2506 1726 2544; x_wconf 92' lang='lat' dir='ltr'><strong>T</strong></span> <span class='ocrx_word' id='word_1_546' title='bbox 1728 2504 1864 2544; x_wconf 90' lang='lat' dir='ltr'><strong>HICA.</strong></span> 
     </span>
    </p>
   </div>
   <div class='ocr_carea' id='block_1_26' title="bbox 1201 2601 2257 2944">
    <p class='ocr_par' dir='ltr' id='par_1_26' title="bbox 1201 2601 2257 2944">
     <span class='ocr_line' id='line_1_82' title="bbox 1246 2601 2257 2644; baseline -0.003 -9"><span class='ocrx_word' id='word_1_547' title='bbox 1246 2604 1390 2644; x_wconf 84' lang='lat' dir='ltr'><strong>Agroetas</strong></span> <span class='ocrx_word' id='word_1_548' title='bbox 1414 2603 1496 2635; x_wconf 87' lang='lat' dir='ltr'><strong>libro</strong></span> <span class='ocrx_word' id='word_1_549' title='bbox 1515 2601 1664 2644; x_wconf 86' lang='lat' dir='ltr'><strong>(decimo)</strong></span> <span class='ocrx_word' id='word_1_550' title='bbox 1687 2601 1782 2634; x_wconf 87' lang='lat' dir='ltr'><strong>tertio</strong></span> <span class='ocrx_word' id='word_1_551' title='bbox 1800 2610 1908 2634; x_wconf 88' lang='lat' dir='ltr'><strong>rerum</strong></span> <span class='ocrx_word' id='word_1_552' title='bbox 1924 2601 2146 2642; x_wconf 84' lang='lat' dir='ltr'><strong>Scythicarum</strong></span> <span class='ocrx_word' id='word_1_553' title='bbox 2167 2604 2257 2642; x_wconf 81' lang='lat' dir='ltr'><strong>jecur</strong></span> 
     </span>
     <span class='ocr_line' id='line_1_83' title="bbox 1202 2653 2254 2695; baseline -0.003 -8"><span class='ocrx_word' id='word_1_554' title='bbox 1202 2655 1385 2687; x_wconf 86' lang='lat' dir='ltr'><strong>Promethei</strong></span> <span class='ocrx_word' id='word_1_555' title='bbox 1403 2655 1445 2686; x_wconf 90' lang='lat' dir='ltr'><strong>ab</strong></span> <span class='ocrx_word' id='word_1_556' title='bbox 1471 2654 1578 2695; x_wconf 90' lang='lat' dir='ltr'><strong>aquila</strong></span> <span class='ocrx_word' id='word_1_557' title='bbox 1595 2653 1741 2686; x_wconf 85' lang='lat' dir='ltr'><strong>consumi</strong></span> <span class='ocrx_word' id='word_1_558' title='bbox 1761 2655 1930 2694; x_wconf 79' lang='lat' dir='ltr'><strong>propterea</strong></span> <span class='ocrx_word' id='word_1_559' title='bbox 1943 2653 2048 2692; x_wconf 90' lang='lat' dir='ltr'><strong>credi,</strong></span> <span class='ocrx_word' id='word_1_560' title='bbox 2068 2653 2155 2694; x_wconf 89' lang='lat' dir='ltr'><strong>quod</strong></span> <span class='ocrx_word' id='word_1_561' title='bbox 2171 2662 2254 2694; x_wconf 82' lang='lat' dir='ltr'><strong>prae--</strong></span> 
     </span>
     <span class='ocr_line' id='line_1_84' title="bbox 1201 2704 2254 2745; baseline -0.001 -8"><span class='ocrx_word' id='word_1_562' title='bbox 1201 2706 1395 2738; x_wconf 84' lang='lat' dir='ltr'><strong>stantissima</strong></span> <span class='ocrx_word' id='word_1_563' title='bbox 1417 2705 1600 2738; x_wconf 83' lang='lat' dir='ltr'><strong>Promethei</strong></span> <span class='ocrx_word' id='word_1_564' title='bbox 1616 2707 1701 2737; x_wconf 85' lang='lat' dir='ltr'><strong>terra</strong></span> <span class='ocrx_word' id='word_1_565' title='bbox 1723 2713 1742 2736; x_wconf 90' lang='lat' dir='ltr'><strong>a</strong></span> <span class='ocrx_word' id='word_1_566' title='bbox 1755 2704 1878 2744; x_wconf 90' lang='lat' dir='ltr'><strong>lluvio,</strong></span> <span class='ocrx_word' id='word_1_567' title='bbox 1896 2705 1948 2735; x_wconf 88' lang='lat' dir='ltr'><strong>cui</strong></span> <span class='ocrx_word' id='word_1_568' title='bbox 1970 2704 2093 2745; x_wconf 80' lang='lat' dir='ltr'><strong>Aquilae</strong></span> <span class='ocrx_word' id='word_1_569' title='bbox 2117 2713 2233 2737; x_wconf 90' lang='lat' dir='ltr'><strong>nomen</strong></span> <span class='ocrx_word' id='word_1_570' title='bbox 2246 2729 2254 2743; x_wconf 94' lang='lat'>,</span> 
     </span>
     <span class='ocr_line' id='line_1_85' title="bbox 1201 2755 2255 2798; baseline -0.002 -9"><span class='ocrx_word' id='word_1_571' title='bbox 1201 2759 1326 2789; x_wconf 86' lang='lat' dir='ltr'><strong>vastata</strong></span> <span class='ocrx_word' id='word_1_572' title='bbox 1341 2757 1394 2789; x_wconf 83' lang='lat' dir='ltr'><strong>sit.</strong></span> <span class='ocrx_word' id='word_1_573' title='bbox 1407 2759 1488 2789; x_wconf 87' lang='lat' dir='ltr'><strong>Nam</strong></span> <span class='ocrx_word' id='word_1_574' title='bbox 1507 2756 1604 2798; x_wconf 86' lang='grc' dir='ltr'>ἧπαρ,</span> <span class='ocrx_word' id='word_1_575' title='bbox 1608 2757 1723 2796; x_wconf 81' lang='lat' dir='ltr'><strong>jecur,</strong></span> <span class='ocrx_word' id='word_1_576' title='bbox 1741 2755 1836 2787; x_wconf 89' lang='lat' dir='ltr'><strong>sicuti</strong></span> <span class='ocrx_word' id='word_1_577' title='bbox 1853 2755 1949 2796; x_wconf 78' lang='grc' dir='ltr'>οὖθαρ</span> <span class='ocrx_word' id='word_1_578' title='bbox 1959 2755 2022 2787; x_wconf 84' lang='grc' dir='ltr'><strong>(1ἰοί</strong></span> <span class='ocrx_word' id='word_1_579' title='bbox 2033 2756 2151 2788; x_wconf 89' lang='lat' dir='ltr'><strong>terram</strong></span> <span class='ocrx_word' id='word_1_580' title='bbox 2166 2756 2255 2788; x_wconf 83' lang='lat' dir='ltr'><strong>serti-</strong></span> 
     </span>
     <span class='ocr_line' id='line_1_86' title="bbox 1203 2807 2255 2848; baseline -0.001 -8"><span class='ocrx_word' id='word_1_581' title='bbox 1203 2809 1277 2841; x_wconf 89' lang='lat' dir='ltr'><strong>lem.</strong></span> <span class='ocrx_word' id='word_1_582' title='bbox 1295 2809 1467 2840; x_wconf 85' lang='lat' dir='ltr'><strong>Herculem</strong></span> <span class='ocrx_word' id='word_1_583' title='bbox 1480 2816 1570 2848; x_wconf 92' lang='lat' dir='ltr'><strong>vero,</strong></span> <span class='ocrx_word' id='word_1_584' title='bbox 1582 2816 1685 2848; x_wconf 90' lang='lat' dir='ltr'><strong>quum</strong></span> <span class='ocrx_word' id='word_1_585' title='bbox 1701 2807 1865 2838; x_wconf 90' lang='lat' dir='ltr'><strong>canalibus</strong></span> <span class='ocrx_word' id='word_1_586' title='bbox 1878 2807 1967 2838; x_wconf 91' lang='lat' dir='ltr'><strong>ssuvii</strong></span> <span class='ocrx_word' id='word_1_587' title='bbox 1981 2815 2111 2839; x_wconf 83' lang='lat' dir='ltr'><strong>cursum</strong></span> <span class='ocrx_word' id='word_1_588' title='bbox 2124 2807 2255 2840; x_wconf 86' lang='lat' dir='ltr'><strong>avertis·</strong></span> 
     </span>
     <span class='ocr_line' id='line_1_87' title="bbox 1201 2858 2255 2902; baseline -0.001 -10"><span class='ocrx_word' id='word_1_589' title='bbox 1201 2862 1268 2900; x_wconf 88' lang='lat' dir='ltr'><strong>set,</strong></span> <span class='ocrx_word' id='word_1_590' title='bbox 1286 2861 1429 2902; x_wconf 86' lang='lat' dir='ltr'><strong>aquilam</strong></span> <span class='ocrx_word' id='word_1_591' title='bbox 1443 2860 1638 2892; x_wconf 88' lang='lat' dir='ltr'><strong>interemisse</strong></span> <span class='ocrx_word' id='word_1_592' title='bbox 1656 2861 1688 2891; x_wconf 87' lang='lat' dir='ltr'><strong>et</strong></span> <span class='ocrx_word' id='word_1_593' title='bbox 1704 2858 1843 2891; x_wconf 85' lang='lat' dir='ltr'><strong>vinculis</strong></span> <span class='ocrx_word' id='word_1_594' title='bbox 1856 2859 2086 2891; x_wconf 82' lang='lat' dir='ltr'><strong>Prometheum</strong></span> <span class='ocrx_word' id='word_1_595' title='bbox 2106 2859 2255 2891; x_wconf 88' lang='lat' dir='ltr'><strong>liberasse</strong></span> 
     </span>
     <span class='ocr_line' id='line_1_88' title="bbox 1201 2911 1312 2944; baseline -0.009 -1"><span class='ocrx_word' id='word_1_596' title='bbox 1201 2911 1312 2944; x_wconf 82' lang='lat' dir='ltr'><strong>videri.</strong></span> 
     </span>
    </p>
   </div>
   <div class='ocr_carea' id='block_1_27' title="bbox 1413 2980 2040 3020">
    <p class='ocr_par' dir='ltr' id='par_1_27' title="bbox 1413 2980 2040 3020">
     <span class='ocr_line' id='line_1_89' title="bbox 1413 2980 2040 3020; baseline -0.005 0"><span class='ocrx_word' id='word_1_597' title='bbox 1413 2982 1481 3020; x_wconf 85' lang='lat' dir='ltr'><strong>DE</strong></span> <span class='ocrx_word' id='word_1_598' title='bbox 1498 2981 1741 3020; x_wconf 86' lang='lat' dir='ltr'><strong>DONARIIS</strong></span> <span class='ocrx_word' id='word_1_599' title='bbox 1759 2980 2040 3020; x_wconf 88' lang='lat' dir='ltr'><strong>DELPHICIS.</strong></span> 
     </span>
    </p>
   </div>
   <div class='ocr_carea' id='block_1_28' title="bbox 1201 3067 2253 3476">
    <p class='ocr_par' dir='ltr' id='par_1_28' title="bbox 1201 3067 2253 3476">
     <span class='ocr_line' id='line_1_90' title="bbox 1244 3067 2253 3109; baseline 0.001 -10"><span class='ocrx_word' id='word_1_600' title='bbox 1244 3068 1387 3108; x_wconf 84' lang='lat' dir='ltr'><strong>Phrynes</strong></span> <span class='ocrx_word' id='word_1_601' title='bbox 1398 3070 1541 3100; x_wconf 89' lang='lat' dir='ltr'><strong>statuam</strong></span> <span class='ocrx_word' id='word_1_602' title='bbox 1553 3069 1650 3101; x_wconf 86' lang='lat' dir='ltr'><strong>vicini</strong></span> <span class='ocrx_word' id='word_1_603' title='bbox 1662 3069 1747 3101; x_wconf 89' lang='lat' dir='ltr'><strong>illius</strong></span> <span class='ocrx_word' id='word_1_604' title='bbox 1759 3069 1890 3109; x_wconf 87' lang='lat' dir='ltr'><strong>Delphis</strong></span> <span class='ocrx_word' id='word_1_605' title='bbox 1902 3067 2082 3109; x_wconf 85' lang='lat' dir='ltr'><strong>ponendam</strong></span> <span class='ocrx_word' id='word_1_606' title='bbox 2099 3070 2253 3100; x_wconf 90' lang='lat' dir='ltr'><strong>curarunt</strong></span> 
     </span>
     <span class='ocr_line' id='line_1_91' title="bbox 1201 3116 2253 3159; baseline -0.001 -8"><span class='ocrx_word' id='word_1_607' title='bbox 1201 3128 1345 3159; x_wconf 85' lang='lat' dir='ltr'><strong>auream,</strong></span> <span class='ocrx_word' id='word_1_608' title='bbox 1363 3120 1429 3152; x_wconf 87' lang='lat' dir='ltr'><strong>basi</strong></span> <span class='ocrx_word' id='word_1_609' title='bbox 1451 3130 1469 3153; x_wconf 90' lang='lat' dir='ltr'><strong>e</strong></span> <span class='ocrx_word' id='word_1_610' title='bbox 1484 3130 1646 3153; x_wconf 87' lang='lat' dir='ltr'><strong>marmore</strong></span> <span class='ocrx_word' id='word_1_611' title='bbox 1666 3116 1829 3153; x_wconf 81' lang='lat' dir='ltr'><strong>Pentelico</strong></span> <span class='ocrx_word' id='word_1_612' title='bbox 1850 3120 2068 3159; x_wconf 85' lang='lat' dir='ltr'><strong>insistentem,</strong></span> <span class='ocrx_word' id='word_1_613' title='bbox 2086 3119 2253 3151; x_wconf 87' lang='lat' dir='ltr'><strong>Praxitelis</strong></span> 
     </span>
     <span class='ocr_line' id='line_1_92' title="bbox 1202 3173 2253 3214; baseline -0.003 -9"><span class='ocrx_word' id='word_1_614' title='bbox 1202 3183 1293 3214; x_wconf 85' lang='lat' dir='ltr'><strong>opus.</strong></span> <span class='ocrx_word' id='word_1_615' title='bbox 1315 3175 1420 3210; x_wconf 85' lang='lat' dir='ltr'><strong>Quam</strong></span> <span class='ocrx_word' id='word_1_616' title='bbox 1435 3175 1574 3206; x_wconf 87' lang='lat' dir='ltr'><strong>statuam</strong></span> <span class='ocrx_word' id='word_1_617' title='bbox 1606 3174 1661 3206; x_wconf 91' lang='lat' dir='ltr'><strong>ubi</strong></span> <span class='ocrx_word' id='word_1_618' title='bbox 1680 3173 1760 3206; x_wconf 88' lang='lat' dir='ltr'><strong>vidit</strong></span> <span class='ocrx_word' id='word_1_619' title='bbox 1782 3174 1893 3206; x_wconf 89' lang='lat' dir='ltr'><strong>Crates</strong></span> <span class='ocrx_word' id='word_1_620' title='bbox 1906 3173 2066 3213; x_wconf 81' lang='lat' dir='ltr'><strong>Cynicus,</strong></span> <span class='ocrx_word' id='word_1_621' title='bbox 2084 3174 2253 3210; x_wconf 74' lang='lat' dir='ltr'><strong>Intempe-</strong></span> 
     </span>
     <span class='ocr_line' id='line_1_93' title="bbox 1202 3223 2251 3259; baseline -0.006 0"><span class='ocrx_word' id='word_1_622' title='bbox 1202 3229 1330 3259; x_wconf 70' lang='lat' dir='ltr'><strong>rantiae</strong></span> <span class='ocrx_word' id='word_1_623' title='bbox 1347 3228 1541 3259; x_wconf 72' lang='lat' dir='ltr'><strong>Graecorum</strong></span> <span class='ocrx_word' id='word_1_624' title='bbox 1560 3226 1643 3258; x_wconf 84' lang='lat' dir='ltr'><strong>dixit</strong></span> <span class='ocrx_word' id='word_1_625' title='bbox 1658 3228 1930 3258; x_wconf 79' lang='lat' dir='ltr'><strong>monumentum.</strong></span> <span class='ocrx_word' id='word_1_626' title='bbox 1950 3225 2045 3256; x_wconf 85' lang='lat' dir='ltr'><strong>Stetit</strong></span> <span class='ocrx_word' id='word_1_627' title='bbox 2060 3225 2167 3255; x_wconf 86' lang='lat' dir='ltr'><strong>autem</strong></span> <span class='ocrx_word' id='word_1_628' title='bbox 2191 3223 2251 3254; x_wconf 85' lang='lat' dir='ltr'><strong>hoc</strong></span> 
     </span>
     <span class='ocr_line' id='line_1_94' title="bbox 1202 3275 2249 3320; baseline -0.007 -9"><span class='ocrx_word' id='word_1_629' title='bbox 1202 3280 1325 3320; x_wconf 76' lang='lat' dir='ltr'><strong>signum</strong></span> <span class='ocrx_word' id='word_1_630' title='bbox 1337 3280 1476 3312; x_wconf 88' lang='lat' dir='ltr'><strong>medium</strong></span> <span class='ocrx_word' id='word_1_631' title='bbox 1490 3280 1573 3312; x_wconf 88' lang='lat' dir='ltr'><strong>inter</strong></span> <span class='ocrx_word' id='word_1_632' title='bbox 1587 3279 1771 3312; x_wconf 87' lang='lat' dir='ltr'><strong>Archidami</strong></span> <span class='ocrx_word' id='word_1_633' title='bbox 1787 3278 1911 3319; x_wconf 83' lang='lat' dir='ltr'><strong>signum</strong></span> <span class='ocrx_word' id='word_1_634' title='bbox 1921 3301 1929 3316; x_wconf 95' lang='lat'><strong>‚</strong></span> <span class='ocrx_word' id='word_1_635' title='bbox 1951 3277 2031 3316; x_wconf 84' lang='lat' dir='ltr'><strong>regis</strong></span> <span class='ocrx_word' id='word_1_636' title='bbox 2044 3275 2249 3307; x_wconf 66' lang='lat' dir='ltr'><strong>Lacedaemo·</strong></span> 
     </span>
     <span class='ocr_line' id='line_1_95' title="bbox 1202 3325 2246 3372; baseline -0.007 -10"><span class='ocrx_word' id='word_1_637' title='bbox 1202 3332 1329 3362; x_wconf 84' lang='lat' dir='ltr'><strong>niorum</strong></span> <span class='ocrx_word' id='word_1_638' title='bbox 1343 3355 1352 3370; x_wconf 95' lang='lat'><strong><em>‚</em></strong></span> <span class='ocrx_word' id='word_1_639' title='bbox 1375 3332 1408 3363; x_wconf 88' lang='lat' dir='ltr'><strong>et</strong></span> <span class='ocrx_word' id='word_1_640' title='bbox 1428 3331 1564 3372; x_wconf 86' lang='lat' dir='ltr'><strong>Philippi</strong></span> <span class='ocrx_word' id='word_1_641' title='bbox 1590 3334 1737 3371; x_wconf 80' lang='lat' dir='ltr'><strong>Amyntae</strong></span> <span class='ocrx_word' id='word_1_642' title='bbox 1753 3331 1825 3369; x_wconf 76' lang='lat' dir='ltr'><strong>filii;</strong></span> <span class='ocrx_word' id='word_1_643' title='bbox 1855 3328 2093 3368; x_wconf 88' lang='lat' dir='ltr'><strong>inscriptionem</strong></span> <span class='ocrx_word' id='word_1_644' title='bbox 2111 3325 2246 3361; x_wconf 85' lang='lat' dir='ltr'><strong>habens,</strong></span> 
     </span>
     <span class='ocr_line' id='line_1_96' title="bbox 1204 3377 2250 3424; baseline -0.016 0"><span class='ocrx_word' id='word_1_645' title='bbox 1204 3384 1352 3423; x_wconf 65' lang='lat' dir='ltr'><strong>Phrynae</strong></span> <span class='ocrx_word' id='word_1_646' title='bbox 1366 3385 1499 3424; x_wconf 66' lang='lat' dir='ltr'><strong>Epiclis</strong></span> <span class='ocrx_word' id='word_1_647' title='bbox 1508 3384 1558 3420; x_wconf 73' lang='lat' dir='ltr'><strong>sll-</strong></span> <span class='ocrx_word' id='word_1_648' title='bbox 1580 3384 1746 3424; x_wconf 68' lang='lat' dir='ltr'><strong>Tleespicoe</strong></span> <span class='ocrx_word' id='word_1_649' title='bbox 1754 3393 1767 3422; x_wconf 87' lang='lat'><strong>,·</strong></span> <span class='ocrx_word' id='word_1_650' title='bbox 1780 3384 1816 3415; x_wconf 88' lang='lat' dir='ltr'><strong>ut.</strong></span> <span class='ocrx_word' id='word_1_651' title='bbox 1825 3383 1870 3414; x_wconf 90' lang='lat' dir='ltr'><strong>ait</strong></span> <span class='ocrx_word' id='word_1_652' title='bbox 1885 3382 2010 3413; x_wconf 79' lang='lat' dir='ltr'><strong>Alcetas</strong></span> <span class='ocrx_word' id='word_1_653' title='bbox 2023 3378 2158 3411; x_wconf 82' lang='lat' dir='ltr'><strong>secundo</strong></span> <span class='ocrx_word' id='word_1_654' title='bbox 2168 3377 2250 3409; x_wconf 82' lang='lat' dir='ltr'><strong>libro</strong></span> 
     </span>
     <span class='ocr_line' id='line_1_97' title="bbox 1204 3434 1588 3476; baseline -0.003 -9"><span class='ocrx_word' id='word_1_655' title='bbox 1204 3437 1249 3467; x_wconf 84' lang='lat' dir='ltr'><strong>De</strong></span> <span class='ocrx_word' id='word_1_656' title='bbox 1262 3434 1400 3467; x_wconf 81' lang='lat' dir='ltr'><strong>donariis</strong></span> <span class='ocrx_word' id='word_1_657' title='bbox 1419 3435 1588 3476; x_wconf 81' lang='lat' dir='ltr'><strong>Delphicis.</strong></span> 
     </span>
    </p>
   </div>
  </div>
 </body>
</html>
