2372 3704
128 248 203 283 624

406 353 436 387 F.
463 351 613 387 LIBRO
647 350 884 389 SECUNDO.

629 425 665 464 5.

175 497 282 534 Idem
311 508 320 534 :
349 494 583 545 Αἷαμήνη,
609 493 822 534 Ναὸαταίων
848 492 967 544 χώρα,
986 494 1030 536 ὡς
1050 491 1170 545 Οὐρά-

122 567 190 597 νιος
207 556 241 592 ἐν
264 553 458 606 Ἃραὸικῶν
478 552 637 606 δευτέρῳ.
656 552 708 592 Τὸ
723 551 853 590 ἐθνικὸν
867 550 1061 602 Αἷαμηνός.

627 629 664 668 6.

176 698 285 734 Idem
306 711 314 734 :
332 697 506 744 Αἷανῒτις,
524 695 739 735 Ναὸαταίων
753 694 867 747 χώρα.
885 693 1053 746 Οὐράνιος
1073 693 1171 745 Ἀρα-

126 754 235 793 &indm
250 754 412 807 δευτέρῳ.
427 754 479 794 Τὸ
495 753 623 793 ἐθνικὸν
637 753 819 801 Αἷανίτης.

634 844 670 877 7.

175 901 310 938 Idem:
332 898 438 951 Ἐρυ
451 898 528 950 θρὰ
547 901 568 944 ἦ
583 898 788 936 θάλασσα
801 926 811 944 ,
832 896 901 934 ἀπὸ
922 894 1091 948 Ἐρύθρου
1108 897 1169 932 τοῦ

76 966 78 968 ’
123 957 249 1009 ἥρωος.
280 957 448 1008 Οὐράνιος
474 957 504 993 δ’
529 957 564 993 ἓν
591 954 783 1007 Ἀραὸικῶν
812 953 976 1005 δευτέρᾳ·
1008 953 1077 989 ἀπὸ
1102 953 1170 989 τῶν

126 1014 392 1068 παρακειμένων
409 1016 512 1066 ὀρῶν,
533 1013 555 1051 ἃ
569 1013 693 1066 ἐρυθρὰ
708 1014 823 1056 δεινῶς
841 1013 907 1050 εἰσι
923 1011 981 1050 καὶ
997 1015 1171 1062 πορφυρᾶ,

123 1074 184 1111 καὶ
203 1073 290 1119 ἐπὴν
312 1073 425 1125 βάλλῃ
442 1074 489 1116 εἷς
509 1071 597 1110 αὐτὰ
614 1074 632 1109 ὁ
651 1071 747 1118 ἥλιος
763 1069 825 1117 τὴν
845 1069 970 1121 αὐγὴν,
990 1068 1171 1118 καταπέμε-

122 1147 181 1170 πει
209 1132 255 1174 εἷς
274 1130 337 1177 τὴν
366 1130 545 1168 θάλασσαν
574 1129 674 1167 σκιὰν
703 1129 866 1181 ἐρυθράν·
897 1127 958 1165 καὶ
984 1126 1111 1179 ὅμὸρῳ
1133 1125 1169 1164 δὲ

124 1187 432 1227 κατακλυσθέντων
452 1190 520 1226 τῶν
541 1187 647 1239 ὀρέων
664 1187 761 1226 κάτω
782 1185 958 1239 συρρέοντι
975 1186 1022 1228 εἷς
1040 1186 1172 1224 θάλασ-

123 1263 202 1294 σαν,
224 1246 314 1285 οὕτω
329 1246 482 1298 γίγνεται
494 1249 516 1294 ἡ
537 1246 696 1284 θάλασσα
713 1245 776 1293 τὴν
794 1245 917 1297 χρόαν.
939 1246 1172 1295 Stephanum

123 1307 319 1356 exscripsit
335 1308 508 1345 Eustath.
531 1307 580 1343 ad
600 1307 756 1354 Dionys.
779 1305 843 1343 38.

631 1382 669 1421 8.

177 1452 285 1488 Idem
303 1465 312 1490 :
330 1451 506 1501 Μήδαὸα,
521 1450 620 1494 πόλις
634 1453 703 1489 τῶν
722 1449 952 1490 Ναὸαταίων.
966 1450 1012 1490 Ὃ
1029 1450 1173 1496 πολίτης

125 1509 342 1557 Μηδαὸηνὸς
354 1541 364 1558 ,
381 1512 426 1554 ὡς
445 1510 614 1562 Οὗράνιος
631 1511 665 1547 ἐν
686 1509 880 1561 Ἀραὸικῶν
901 1509 1064 1562 δευτέρῳ.

180 1657 286 1693 Idem
313 1668 323 1696 ς
353 1654 492 1703 Μώὸα,
522 1655 627 1708 μοῖρα
655 1658 717 1702 τῆς
742 1655 919 1707 Ἀραδίοις.
945 1656 1115 1708 Οὖράνιος
1140 1658 1173 1695 ἐν

128 1712 164 1751 Ἀ
172 1714 324 1765 ραὸικῶν
343 1713 507 1766 δευτέρῳ.
527 1716 573 1753 Οἱ
590 1715 758 1758 οἰκοῦντες
778 1713 969 1762 Μωὸηνοὶ,
993 1714 1053 1752 καὶ
1070 1718 1176 1762 θηλυ-

128 1774 198 1815 κῶς
219 1771 401 1818 Μωὸηνή·
425 1771 513 1810 ἔοικε
535 1771 563 1809 δ’
598 1773 705 1810 ἐνδεῖν
732 1771 771 1810 τὸ
800 1787 842 1808 α·
867 1767 909 1819 ἦν
929 1772 995 1824 γὰρ
1016 1773 1175 1811 Μώαὸα·

129 1829 190 1868 καὶ
209 1829 249 1868 τὸ
270 1830 398 1868 ἐθνικὸν
417 1829 634 1878 Μωαὸίτης,
651 1829 690 1868 τὸ
707 1829 853 1878 θηλυκὸν
877 1831 1069 1875 Μωαὸῖτις.

627 1918 686 1944 10.

182 1982 290 2018 Idem
312 1994 320 2017 :
345 1979 545 2031 Πάλμυρα,
571 1978 730 2031 φρούριον
760 1979 909 2032 Συρίας,
940 1974 979 2018 οἷ
1003 1980 1178 2031 μέμνηται

131 2037 299 2090 Οῧράνιος
318 2039 352 2075 ἓν
373 2037 564 2090 Ἀραὸικῶν
583 2037 744 2090 δευτέρῳ.
769 2038 822 2076 Τὸ
839 2038 968 2076 ἐθνικὸν
988 2040 1180 2091 Παλμυρη-

130 2096 199 2138 νός.
224 2098 270 2135 Οἱ
287 2096 316 2134 δ’
329 2095 428 2133 αὐτοὶ
447 2096 745 2147 Ἀδριανοπολῖται
762 2096 1084 2146 μετωνομάσθησαν
1102 2100 1179 2136 ἐπι-

131 2155 327 2201 κτισθείσης
343 2157 403 2200 τ’ἥς
422 2153 555 2197 πόλεως
573 2155 639 2192 ὑπὸ
658 2158 716 2192 τοῦ
735 2155 1002 2207 αὐτοκράτορος.

637 2282 671 2313 5.

174 2347 327 2378 AEamene
338 2369 347 2384 ‚
361 2345 584 2376 Nabataeorum
598 2346 683 2386 regio
694 2370 703 2386 ‚
717 2346 755 2378 ut
767 2346 812 2377 ait
822 2345 960 2378 Uranius
973 2346 1181 2378 Arabicmum

135 2398 287 2431 secundo.
303 2397 428 2430 Gentile
440 2398 621 2430 AEamenus.

644 2452 680 2484 6.

179 2510 331 2550 AEanitis‚
356 2510 583 2542 Nabataeorum
613 2512 710 2552 regio.
732 2512 870 2544 Uranius
895 2512 1105 2544 Arabicorum
1133 2520 1183 2544 se-

138 2561 256 2593 cundo.
273 2561 398 2593 Gentile
414 2563 564 2594 AEanites.

178 2613 324 2644 Rubrum
337 2621 436 2653 mare,
445 2613 484 2644 ab
498 2614 632 2653 Erythro
645 2614 753 2646 heroe.
766 2614 904 2646 Uranius
915 2623 992 2646 vero
1002 2615 1034 2646 in
1045 2614 1186 2646 secundo

140 2665 348 2698 Arabicorum
377 2666 422 2696 ait
437 2674 553 2697 nomen
574 2666 691 2698 habere
705 2666 746 2698 ab
768 2666 986 2706 adjacentibus
1005 2667 1186 2706 montibus,

138 2716 195 2756 qui
209 2715 369 2755 insigniter
381 2716 468 2747 rubri
479 2717 541 2748 sint
553 2719 585 2748 et
604 2717 774 2758 purpurei3
793 2719 824 2749 et
837 2717 966 2758 quando
983 2718 1029 2749 sol
1047 2718 1186 2749 illustra·

139 2769 223 2801 verit
235 2777 288 2800 eos
304 2769 399 2800 radiis
414 2769 497 2808 suis,
514 2770 546 2801 in
567 2779 655 2802 mare
666 2771 788 2810 jaciunt
801 2770 947 2802 umbram
956 2781 966 2811 ;
983 2779 1078 2811 porro
1093 2771 1187 2802 etiam

141 2821 250 2862 pluvia
271 2821 433 2853 montibus
456 2821 616 2855 inundatis
630 2823 663 2855 in
688 2832 776 2855 mare
799 2823 978 2863 defluente,
996 2823 1058 2855 hoc
1083 2823 1190 2855 colore

142 2881 231 2904 mare
245 2871 387 2912 tingitur.

653 2917 688 2950 8.

184 2973 337 3014 Medaba,
374 2975 449 3007 urbs
478 2976 714 3009 Nabataeorum.
750 2977 837 3010 Civis
864 2977 1080 3018 Medabenus,
1110 2978 1192 3010 teste

145 3025 264 3056 Uranio
276 3025 309 3056 in
323 3027 419 3058 tertio
434 3028 651 3059 Arabicorum.

649 3087 685 3120 9.

190 3143 304 3184 Moba,
330 3153 403 3185 pars
426 3145 563 3178 Arabiae.
585 3148 721 3179 Uranius
745 3149 884 3181 secundo
901 3150 1120 3182 Arabicorum.
1138 3151 1191 3182 In-

149 3195 242 3234 colae,
256 3195 401 3235 Mobeni;
419 3196 567 3229 feminine
584 3198 726 3230 Mobene.
743 3199 804 3231 Sed
817 3208 839 3231 a
853 3201 980 3232 videtur
997 3202 1105 3234 deesse
1117 3212 1126 3241 ;
1140 3201 1193 3233 de-

150 3245 333 3329 ffbafflue,
346 3247 478 3287 Moaba,
499 3249 532 3280 et
547 3249 663 3288 gentile
676 3251 829 3283 Moabites
849 3253 882 3284 et
904 3253 1056 3285 feminino
1078 3261 1192 3294 genere

185 3305 224 3328 oa
247 3306 310 3329 iis.

646 3344 703 3376 10.

196 3406 360 3448 Palmyra,
375 3408 540 3441 castellum
556 3409 673 3449 Syriae,
694 3410 785 3450 cujus
805 3413 949 3445 meminit
964 3415 1099 3447 Uranius
1112 3415 1194 3447 libro

1110 237 1291 278 URANlI

1723 340 1738 364 1
1750 341 1764 364 1
1772 354 1780 363 .

1283 395 1387 432 Idem
1417 407 1427 434 :
1455 393 1587 442 Ταηνοί
1599 423 1609 442 ,
1635 394 1726 438 ἔθνος
1747 392 1817 432 ἀπὸ
1845 394 1912 431 τῶν
1943 393 2160 444 Σαρακηνῶν
2190 391 2274 445 πρὸς

1231 453 1470 505 μεσημὸρίαν,
1490 455 1535 497 ὡς
1551 451 1748 496 Οὐλπιανὸς
1762 453 1797 490 ἐν
1815 450 2009 504 Ἆραὸικοῗς
2024 451 2084 488 καὶ
2106 450 2275 503 Οὖράνιος

1231 512 1265 548 ἐν
1284 510 1475 563 Ἀραδικῶν
1494 509 1655 562 δευτέρῳ.
1676 527 1691 544 ιι
1711 511 1802 558 Quis
1820 511 1869 546 sit
1884 510 1951 546 iste
1967 510 2152 558 Ulpianus
2171 509 2276 546 haud

1230 570 1338 606 facile
1363 570 1468 606 dictu
1484 577 1539 606 est
1547 583 1557 616 ;
1575 582 1664 606 nam
1691 577 1729 605 et
1750 569 1820 604 fuit
1850 567 1930 614 ejus
1954 568 2118 603 nominis
2140 569 2276 603 Antio-

1231 628 1371 664 chenus
1389 628 1574 675 sophista,
1591 627 1657 674 qui
1673 626 1909 663 Constantini
1926 626 2018 673 imp.
2037 625 2275 674 temporibus

1230 686 1342 731 vixit,
1365 692 1401 721 et
1422 686 1517 721 alter
1543 686 1764 734 Emesenus,
1785 691 1824 720 et
1848 683 1941 718 alius
1959 683 2108 719 Gazaeus
2126 690 2164 719 et
2179 695 2276 732 prae-

1232 750 1329 779 terea
1356 743 1492 779 Isidori
1510 743 1642 788 frater3
1665 755 1761 790 quos
1781 749 1962 790 quattuor
1984 740 2116 777 Suidas
2135 741 2273 789 refert,

1230 807 1273 836 ut
1289 801 1334 837 de
1352 802 1518 849 Ulpiano
1539 801 1653 848 Tyrio
1663 827 1673 845 ,
1691 813 1768 836 uno
1783 811 1829 835 ex
1840 799 2138 835 collocutoribus
2153 798 2273 835 Athe-

1231 861 1304 895 naei
1315 866 1353 895 et
1364 859 1409 895 de
1419 860 1588 895 Domitio
1604 859 1771 908 Ulpiano
1781 859 1864 895 Icto
1879 857 1972 893 nihil
1984 869 2086 893 nunc
2097 857 2235 895 dicam.
2255 871 2273 889 ι·

1233 919 1343 955 Voss.
1362 931 1400 966 p.
1421 916 1510 964 507.

1535 1000 1566 1034 E
1594 998 1745 1035 LIBRO
1773 997 1968 1036 TERTIO.

1715 1091 1775 1116 12.

1288 1154 1395 1191 Idem
1431 1166 1441 1191 ε
1474 1152 1659 1200 Ἀδασηνοὶ
1672 1181 1683 1199 ,
1717 1152 1808 1196 ἔθνος
1836 1151 2013 1204 Ἀραὸίας.
2043 1150 2214 1204 Οὗράνιος
2244 1151 2279 1189 ἐν

1236 1210 1434 1263 Ἀραίῗικῶν
1449 1211 1572 1263 τρίτῳ·
1594 1229 1610 1244 «ι
1626 1209 1731 1250 Μετὰ
1751 1210 1827 1254 τοὺς
1844 1210 2020 1254 Σαὸαίους
2036 1207 2279 1261 Χατραμῖὖται

1235 1270 1294 1308 καὶ
1309 1268 1508 1320 Ἀδασηνοί,
1531 1287 1546 1302 »
1566 1269 1627 1307 καὶ
1643 1269 1761 1307 πάλιν·
1779 1286 1794 1304 α
1810 1268 1856 1308 ‘H
1871 1268 1971 1321 χώρη
1988 1270 2057 1306 τῶν
2075 1267 2278 1313 Ἀὅασηνῶν

1236 1327 1392 1381 σμύρνην
1409 1327 1504 1380 φέρει
1530 1327 1591 1365 καὶ
1621 1326 1722 1366 ὅσσον
1745 1326 1805 1365 καὶ
1833 1327 1993 1378 θυμίαμα
2013 1325 2072 1365 καὶ
2091 1325 2280 1378 κέρπαθον·

1237 1389 1429 1438 γεωργοῦσι
1447 1384 1483 1422 δὲ
1506 1384 1566 1423 καὶ
1586 1387 1766 1437 πορφυρῆν
1782 1384 1885 1431 ποίην
1905 1385 2040 1432 εἷκέλην
2069 1382 2194 1434 αἵματι
2209 1384 2283 1422 Tu-

1237 1445 1309 1498 ρίου
1326 1442 1487 1496 κοχλίεω.
1513 1461 1528 1478 υ
1550 1447 1594 1482 V.
1618 1446 1770 1482 Salmas.
1787 1445 1835 1481 ad
1852 1445 1971 1483 Solin.
1989 1457 2030 1493 p.
2053 1442 2143 1487 453.

1727 1525 1787 1562 13.

1290 1602 1396 1638 Idem
1417 1613 1425 1640 ε
1454 1598 1627 1639 Ἀδανα...
1653 1598 1758 1637 Ἔστι
1790 1596 1825 1636 δὲ
1844 1597 1904 1636 καὶ
1924 1596 2025 1648 ἑτέρα
2047 1597 2147 1640 πόλις
2163 1597 2199 1636 ἐν
2219 1612 2284 1648 με·

1238 1658 1361 1711 σογείῳ
1377 1661 1438 1704 τῆς
1462 1657 1664 1707 εὐδαίμονος
1677 1655 1859 1708 Ἀραδίοις,
1876 1658 1922 1700 ὡς
1941 1654 2111 1707 Οὖράνιός
2126 1670 2230 1707 φησιν
2248 1655 2283 1694 ἐν

1238 1716 1432 1769 Ἀραὸικῶν
1449 1715 1568 1768 τρίτῳ.

1732 1784 1792 1823 14.

1292 1857 1397 1893 Idem
1421 1869 1430 1892 :
1455 1854 1678 1907 Ἀτραμῐται,
1697 1853 1789 1895 ἔθνος
1805 1854 1867 1899 τῆς
1885 1851 2087 1903 εὐδαίμονος
2111 1849 2284 1903 Ἀραὸίας,

1239 1915 1285 1957 ὥς
1304 1912 1475 1965 Οὖράνιος
1487 1914 1521 1951 ἐν
1533 1911 1646 1965 τρίτῃ.
1666 1910 1914 1963 Ἀρτεμίδωρος
1934 1907 2194 1962 Ἀρταμωτίτας
2212 1909 2279 1946 αὔ-

1240 1973 1316 2015 τοὺς
1335 1972 1449 2011 καλεῖ.

1735 2022 1798 2062 15.

1294 2099 1402 2135 Idem
1419 2109 1429 2136 ε
1448 2093 1603 2150 Ἄχομαι
1622 2095 1683 2134 καὶ
1703 2095 1906 2148 Ἀχόμενοι,
1931 2093 2023 2138 ἔθνος
2042 2095 2102 2140 τῆς
2120 2092 2287 2142 εὐδαίμο-

1245 2171 1300 2199 νος
1316 2154 1497 2207 Ἂραὸίας,
1513 2157 1559 2198 ὡς
1580 2154 1748 2205 Οὖράνιος
1764 2156 1799 2192 ἐν
1818 2153 1931 2204 τρίτῃ.

1241 2267 1383 2299 secundo
1410 2267 1634 2299 Arabicorum.
1664 2265 1791 2298 Gentile
1817 2265 2038 2304 Palmyrenus.
2066 2262 2167 2295 Iidem
2193 2262 2288 2293 etiam

1242 2318 1492 2359 Adrianopolitae
1513 2317 1662 2359 appellati
1689 2317 1782 2357 sunt,
1809 2315 1938 2348 civitate
1959 2315 2000 2347 ab
2020 2314 2210 2354 imperatore
2237 2320 2289 2344 re·

1242 2371 1401 2404 staurata.

1740 2413 1795 2446 11.

1285 2481 1395 2520 Taeni,
1423 2489 1499 2521 gens
1522 2488 1540 2511 a
1565 2478 1730 2511 Saracenis
1753 2477 1918 2510 meridiem
1943 2483 2053 2508 versus
2070 2474 2239 2514 habitans,
2253 2474 2292 2505 ut

1245 2534 1400 2574 Ulpianus
1414 2533 1447 2565 in
1461 2532 1604 2565 Arabicis
1616 2533 1648 2564 et
1660 2531 1797 2564 Uranius
1810 2530 1843 2562 in
1858 2529 2014 2563 Arabicon
2025 2527 2175 2560 secundo.

1743 2591 1800 2624 12.

1290 2656 1438 2696 Abaseni,
1449 2665 1525 2697 gens
1535 2655 1672 2688 Arabiae.
1686 2655 1824 2686 Uranius
1838 2654 1934 2686 tertio
1944 2652 2154 2686 Arabicorum
2166 2661 2174 2682 :
2190 2661 2206 2678 α
2218 2649 2292 2681 Post

1248 2709 1376 2740 Sabaeos
1397 2708 1613 2739 Chatramotae
1639 2708 1671 2738 et
1695 2706 1876 2745 Abaseni»;
1897 2706 1928 2737 et
1946 2704 2008 2736 alio
2033 2704 2103 2735 1000
2126 2712 2136 2734 t
2160 2713 2175 2729 κ
2200 2700 2294 2740 Regio

1249 2760 1466 2792 Abasenorum
1482 2759 1646 2799 myrrham
1659 2759 1718 2789 fert
1735 2759 1766 2789 et
1779 2766 1886 2789 ossum
1899 2757 1931 2788 et
1946 2756 2022 2788 thus
2043 2756 2075 2786 et
2094 2753 2291 2794 carpathum.

1249 2811 1368 2844 Colunt
1394 2810 1490 2842 etiam
1507 2810 1539 2841 in
1557 2809 1640 2850 agris
1657 2808 1788 2841 herbam
1804 2815 1980 2849 purpuram
1997 2804 2142 2847 sanguini
2158 2803 2294 2836 similem

1249 2862 1353 2904 Tyriae
1364 2861 1507 2893 conchae.
1528 2873 1544 2888 u

1747 2923 1804 2956 13.

1292 2990 1401 3023 Adana
1418 2991 1465 3022 ost
1481 2990 1575 3022 etiam
1600 2989 1633 3020 in
1661 2988 1785 3021 Arabiae
1811 2986 1924 3020 Felicis
1939 2983 2180 3018 mediterraneis
2205 2982 2293 3021 urbs,

1251 3043 1332 3075 teste
1343 3042 1461 3075 Uranio
1477 3041 1510 3073 in
1527 3041 1623 3073 tertio
1639 3039 1860 3072 Arabicorum.

1744 3112 1802 3144 14.

1293 3187 1460 3221 Atramitae
1469 3211 1478 3228 ,
1493 3195 1569 3228 gens
1578 3185 1703 3219 Arabiae
1718 3184 1832 3218 Felicis
1841 3208 1850 3224 ,
1864 3184 1900 3215 ut
1916 3181 2054 3215 Uranius
2065 3179 2098 3212 in
2113 3177 2208 3211 tertio
2221 3180 2295 3210 Ara·

1254 3240 1410 3273 bicorum.

1746 3292 1802 3325 15.

1295 3359 1446 3392 Achomae
1470 3359 1502 3390 et
1520 3357 1713 3398 Achomeni,
1728 3364 1804 3398 gens
1817 3352 1941 3388 Arabiae
1960 3352 2073 3386 Felicis
2084 3375 2093 3391 ,
2110 3351 2148 3382 ut
2160 3350 2297 3382 Uramus

1255 3412 1299 3445 ait
1316 3413 1409 3444 tertio
1426 3410 1646 3443 Arabicorum.
