2326 3724
969 179 1298 220 FRAGMENTA.

60 273 138 326 ρὸς,
157 273 410 323 κατακριθῆναι
426 271 517 309 πιεῖν
536 269 705 317 ἀκόνιτον,
725 269 785 308 καὶ
803 270 1002 308 ἀποθανεῖν.
1022 262 1101 308 Οἷ-

59 348 114 376 τος
135 332 297 384 βούλεται
317 329 430 369 διττὸν
455 323 543 368 εἶναι
559 329 617 368 τὸν
643 328 735 367 κατὰ
761 328 966 382 φιλοσοφίαν
986 327 1102 379 λόγον,

59 391 118 429 τὸν
139 390 201 442 μὲν
218 388 424 444 πρακτικὸν,
438 388 496 426 τὸν
514 387 550 426 δὲ
562 388 789 448 θεωρητικόν·
803 387 863 426 καὶ
879 391 939 425 τοῦ
959 401 1103 440 πρακτι·

56 454 120 489 κοῦ
135 450 192 489 τόν
219 465 256 488 τε
274 449 391 496 ἠθικὸν
417 447 476 486 καὶ
499 446 689 494 πολιτικὸν,
714 449 753 484 οὓ
774 445 817 484 τά
839 461 875 484 τε
901 445 982 496 περὶ
1001 444 1101 483 πόλιν

57 509 117 548 καὶ
132 509 177 547 τὰ
197 508 277 561 περὶ
300 511 393 545 οἰκον
415 505 729 565 [ὑπο]γεγράφθαι·
755 520 814 542 του
836 502 872 542 δὲ
892 505 1100 568 θεωρητικοῦ

56 567 114 606 τόν
143 583 181 606 τε
209 564 352 619 φυσικὸν
378 564 438 603 καὶ
467 563 618 615 λογικὸν,
645 566 684 601 οὑ
716 562 755 601 τὸ
768 561 907 614 λογικὸν
930 570 999 613 οὐχ
1026 563 1102 599 ὁλο-

57 627 190 678 μερῶς,
221 623 297 662 ἀλλ’
323 625 367 666 ὡς
394 621 539 675 ὄργανον
569 621 919 674 προσηκριὸωμένον·
940 619 1000 659 καὶ
1018 618 1101 658 τού-

55 699 115 722 του
144 682 276 726 διττους
297 680 505 732 ὑποθέμενος
530 695 701 728 σκοπους,
728 679 768 718 τό
799 695 836 718 τε
865 679 1008 718 πιθανὸν
1041 677 1102 716 καὶ

56 742 96 780 τὸ
122 742 247 789 ἀληθὲς
263 739 466 792 διεσάφησε.
487 738 559 778 Δύο
579 738 615 777 δὲ
634 739 715 791 πρὸς
732 738 893 791 ἑκάτερον
914 738 1100 788 δυνάμεσιν

55 800 250 853 ἐχρήσατο,
291 799 491 850 διαλεκτικῇ
527 796 590 848 μὲν
628 797 689 835 καὶ
735 800 900 851 ῥητορικῇ
938 795 1024 849 πρὸς
1063 795 1101 834 τὸ

55 858 211 906 πιθανὸν,
234 859 424 909 ἀναλυτικῇ
446 856 481 894 δὲ
503 856 562 895 καὶ
579 856 765 910 φιλοσοφίᾳ
792 855 876 909 πρὸς
891 855 930 894 τὸ
959 855 1101 904 ἀληθὲς,

54 917 93 956 οὔ
113 933 146 956 τι
175 915 443 965 ὑπολειπόμενος
461 914 538 954 οὔτε
558 917 627 954 τῶν
651 916 736 968 πρὸς
756 915 904 967 εὕρεσιν,
927 914 1004 953 οὔτε
1032 917 1101 952 τῶν

55 976 140 1030 πρὸς
163 976 288 1028 κρίσιν,
318 974 396 1013 οὔτε
429 973 498 1024 μὴν
531 977 599 1013 τῶν
628 974 715 1026 πρὸς
740 977 881 1026 χρῇσιν.
917 973 1010 1025 Πρὸς
1037 973 1100 1023 μὲν

54 1031 112 1073 οὖν
145 1035 208 1082 τὴν
237 1034 370 1086 εὕρεσιν
400 1032 442 1071 τά
473 1048 510 1071 τε
549 1032 675 1071 τοπικὰ
704 1033 763 1071 καὶ
793 1032 957 1083 μεθοδικὰ
991 1031 1099 1084 παρέ·

55 1096 142 1132 δωκε
166 1094 368 1146 προτάσεων
388 1094 539 1142 πλῇθος,
567 1091 601 1136 ἐξ
630 1086 680 1130 ῶν
699 1092 784 1145 πρὸς
800 1091 845 1129 τὰ
860 1090 1099 1144 προὸλήματα

54 1155 208 1190 πιθανῶν
242 1153 524 1203 ἐπιχειρημάτων
558 1145 628 1189 οἷόν
666 1166 706 1190 τε
743 1153 915 1204 εὐπορεῖν,
946 1149 1032 1202 πρὸς
1064 1149 1099 1187 δὲ

54 1210 117 1258 τὴν
146 1227 167 1250 κ
192 1210 258 1249 ίσιν
287 1210 332 1249 τὰ
365 1209 555 1248 ἀναλυτικὰ
579 1209 732 1262 πρότερα
764 1209 824 1248 καὶ
851 1209 992 1262 ὕστερα.
1032 1208 1100 1248 Διὰ

54 1269 117 1318 μὲν
139 1286 197 1308 ουν
221 1272 289 1307 τῶν
316 1268 491 1321 προτέρων
511 1269 554 1307 τὰ
573 1268 746 1319 λήμματα
774 1268 948 1322 κρίνεται,
977 1267 1034 1306 διὰ
1063 1268 1099 1306 δὲ

53 1331 121 1367 τῶν
153 1327 303 1381 ὑστέρων
336 1331 358 1375 ἡ
387 1327 572 1380 συναγωγὴ
599 1327 809 1373 ἐξετάζεται.
843 1327 938 1380 Πρὸς
965 1326 1000 1365 δὲ
1035 1326 1098 1374 τὴν

53 1391 179 1440 χρῇσιν
210 1386 253 1425 τά
285 1402 322 1425 τε
361 1385 573 1437 ἀγωνιστικὰ
608 1386 668 1424 καὶ
710 1386 754 1424 τὰ
787 1386 866 1438 περὶ
897 1385 1100 1437 ἐρωτήσεως

54 1443 210 1497 ἐριστικά
223 1444 328 1483 τεκαὶ
344 1447 553 1496 σοφιστικῶν
563 1444 715 1496 ἐλέγχων
727 1460 763 1482 τε
778 1443 838 1482 καὶ
853 1445 1098 1495 συλλογισμῶν

52 1504 112 1542 καὶ
129 1505 196 1541 τῶν
208 1502 336 1553 ὁμοίων
350 1501 495 1546 τούτοις
514 1503 701 1555 Κριτήριον
718 1502 754 1541 83
767 1505 830 1549 τῆς
852 1502 1014 1550 ἀληθείας
1028 1504 1096 1540 τῶν

54 1562 117 1613 μὲν
137 1561 229 1600 κατὰ
255 1561 450 1614 φαντασίαν
479 1560 722 1614 ἐνεργημάτων
741 1560 804 1608 τὴν
825 1560 983 1608 αἴσθησιν
1011 1562 1097 1599 ἀπε-

53 1621 202 1674 φήνατο,
221 1622 289 1658 τῶν
310 1619 345 1658 83
364 1622 507 1667 ἠθικῶν,
527 1622 596 1657 τῶν
614 1635 695 1672 περι
712 1620 812 1658 πόλιν
832 1635 891 1658 και
908 1635 987 1672 περι
1004 1623 1096 1657 οἰκον

52 1695 112 1717 και
128 1679 208 1731 περὶ
225 1679 368 1729 νόμους,
384 1678 443 1716 τὸν
458 1693 550 1716 νουν.
570 1677 679 1722 Ἱέλος
694 1677 764 1716 83
749 1692 783 1716 εν
804 1677 952 1726 ἐξέθετο,
970 1681 1097 1731 χρῆσιν

54 1741 178 1790 ἀρετῇς
197 1740 231 1775 ἐν
262 1737 326 1790 βίῳ
345 1737 480 1790 τελείῳ.
501 1735 600 1788 Ἔφη
619 1736 654 1775 δὲ
676 1736 738 1784 τὴν
760 1737 982 1788 εὐδαιμονίαν
1003 1753 1097 1787 συμ-

51 1795 237 1848 πλήρωμα
255 1799 294 1835 ἐκ
317 1798 422 1848 τριῶν
452 1798 590 1847 ἀγαθῶν
620 1789 726 1833 εἶναι·
759 1798 828 1834 τῶν
859 1795 939 1848 περὶ
967 1795 1096 1848 ψυχὴν,

52 1853 74 1892 ἃ
95 1855 136 1902 δὴ
153 1871 213 1893 και
229 1858 350 1907 πρῶτα
368 1858 410 1908 τῇ
426 1855 569 1905 δυνάμει
585 1856 705 1892 καλεῖ·
726 1855 765 1892 ἐκ
784 1853 952 1906 δευτέρων
970 1853 1007 1892 83
1028 1857 1097 1892 τῶν

51 1916 130 1968 περὶ
164 1919 287 1965 σῶμα,
317 1916 446 1968 ὑγιείας
466 1917 560 1955 καὶ’
552 1915 670 1968 ισχύος
695 1931 754 1954 και
780 1916 929 1959 κάλλους
948 1931 1008 1954 και
1029 1918 1097 1954 τῶν

52 1975 327 2028 παραπλησίων·
354 1977 410 2026 [ἐκ
431 1975 556 2028 τρίτων
562 1974 630 2045 ⁶⁹83]
651 1977 719 2012 τῶν
736 1974 852 2022 ἐκτὸς,
868 1974 1020 2013 πλούτου
1038 1975 1098 2013 καὶ

52 2034 222 2094 εὐγενείας
241 2034 301 2072 καὶ
329 2034 428 2079 δόξης
458 2034 517 2072 καὶ
539 2036 606 2071 τῶν
630 2033 774 2083 ὁμοίων.
803 2033 882 2080 Τήν
902 2049 940 2071 τε
971 2033 1098 2086 ἀρετὴν

53 2090 102 2142 μὴ
129 2095 217 2129 εἶναι
238 2091 392 2144 αὐτάρκη
411 2091 497 2143 πρὸς
516 2091 751 2140 εὐδαιμονίαν,
780 2093 1007 2144 προσδεῖσθαι
1030 2094 1097 2144 γὰρ

51 2153 119 2188 τῶν
134 2166 172 2188 τε
187 2150 267 2203 περὶ
285 2153 388 2201 σῶμα
403 2166 463 2188 και
476 2153 543 2189 τῶν
557 2149 653 2194 εκτὸς
665 2152 816 2224 ἀγαθῶν,
836 2151 912 2202 [ὣς]
932 2152 1098 2189 κακοδαι-

53 2208 259 2260 μονήσοντος
277 2213 336 2247 τοῦ
364 2212 492 2262 σοφοῦ,
519 2208 585 2247 κᾶν
605 2210 640 2246 ἐν
656 2208 772 2253 πόνοις
791 2212 812 2261 ᾐ
825 2239 835 2256 ,
855 2209 920 2247 κᾶν
938 2212 972 2248 ἐν
997 2210 1098 2248 πενία

50 2267 196 2312 καὶτοῖς
211 2267 351 2318 ὁμοίοις.
373 2267 449 2314 Τὴν
469 2267 585 2319 μέντοι
601 2267 727 2306 κακίαν
748 2267 906 2320 αὐτάρκη
926 2268 1010 2321 πρὸς
1029 2284 1098 2306 κα-

50 2325 288 2375 κοδαιμονίαν,
302 2324 367 2363 κᾶν
381 2323 433 2364 ὅτι
444 2325 598 2376 μάλιστα
609 2329 706 2379 παρῇ
720 2328 833 2400 αηύτῇ
821 2326 864 2365 τὰ
876 2326 973 2371 ἐκτὸς
985 2326 1099 2378 ἀγαθὰ

50 2384 112 2422 καὶ
131 2383 175 2422 τὰ
193 2399 274 2436 περι
295 2382 356 2435 (τὸ)
373 2387 488 2430 σῶμα.
510 2383 584 2427 Τάς
600 2384 630 2422 τ’
648 2383 793 2436 ἀρετὰς,
814 2384 898 2437 ἔφη,
915 2385 1005 2435 μὴ’
986 2402 1094 2423 αντα-

50 2444 248 2481 κολουθεῒν·
271 2442 470 2494 ἐνδέχεσθαι
495 2441 562 2495 γὰρ
584 2442 749 2503 φρόνιμόν
776 2459 854 2482 τινα
882 2444 942 2482 καὶ
962 2444 1096 2483 δίκαιον

10 2540 14 2542 ς
52 2499 134 2538 ὄντα
158 2501 352 2549 ἀκόλαστον
375 2500 435 2539 καὶ
452 2502 586 2553 ἀκρατῆ
603 2503 702 2540 εἶναι.
718 2501 815 2556 Ἔφη
838 2502 905 2554 [83]
921 2502 979 2541 τὸν
994 2502 1098 2556 σοφὸν

55 2557 103 2608 μὴ
127 2553 214 2596 εἶναι
235 2539 296 2608 μὲν
327 2561 467 2630 ἀπαθῇ,
484 2563 712 2632 μετριοπαθῆ
738 2560 786 2599 δε.
806 2561 883 2607 Ἱήν
913 2577 951 2599 τε
979 2561 1096 2614 φιλίαν

53 2616 205 2689 ὡρίσατο
232 2617 376 2663 ἰσότητα
402 2617 534 2661 εὐνοίας
558 2618 802 2672 ἀντίστροφον·
829 2619 959 2667 ταύτης
980 2619 1015 2658 83
1034 2619 1097 2667 τὴν

55 2673 118 2725 μὲν
127 2669 214 2713 εἶναι
229 2674 372 2723 ξενικὴν,
385 2674 461 2727 [τὴν
477 2675 512 2714 83
526 2677 722 2730 ἐρωτικὴν,]
740 2677 803 2725 τὴν
824 2678 859 2717 83
874 2678 1095 2730 συγγενικήν.

57 2727 159 2772 Εἶναι
174 2733 210 2772 83
232 2750 292 2772 και
305 2733 362 2772 τὸν
383 2734 495 2788 ἔρωτα
514 2734 591 2786 μὴ
585 2735 686 2774 μόνον
708 2737 889 2781 συνουσίας
903 2767 914 2786 ‚
933 2736 1025 2775 ἀλλὰ
1038 2738 1098 2776 καὶ

55 2791 277 2844 φιλοσοφίας·
288 2792 658 2845 καιέρασθήσεσθαιδὲ
672 2795 729 2834 τὸν
742 2796 846 2849 σοφὸν
864 2796 1098 2835 καὶπολιτεύ-

56 2853 188 2898 σεσθαι,
199 2851 372 2901 γαμήσειν
382 2867 419 2889 τε
436 2852 518 2902 [μὴν
536 2855 626 2891 add.
645 2859 708 2902 D.]
722 2855 781 2893 καὶ
795 2857 931 2907 βασιλεῖ
944 2855 1098 2906 συμὸιώ·

57 2925 139 2949 σειν.
158 2910 250 2949 Βίων
269 2926 306 2948 τε
322 2913 424 2963 τριῶν
440 2910 559 2959 ὄντων,
573 2915 796 2965 θεωρητικοῦ,
813 2915 993 2962 ἡδονικοῦ,
1011 2931 1098 2968 πρα-

57 2972 187 3016 κτικοῦ,
196 2969 253 3007 τὸν
265 2969 472 3022 θεωρητικὸν
482 2971 726 3024 [προ]ε’κρινεν.
739 2972 928 3024 Εὔχρηστα
939 2973 973 3011 83
985 2974 1044 3011 καὶ
1055 2973 1098 3011 τὰ

19 3051 24 3055 -
58 3026 223 3078 ἐγκύκλια
243 3028 437 3079 μαθήματα
451 3029 535 3082 πρὸς
552 3031 677 3082 ἀρετῇς
693 3032 879 3084 ἀνάληψιν.
896 3030 962 3071 Ἔν
978 3048 1014 3070 τε
1029 3034 1099 3077 τοῖς

59 3087 212 3138 φυσικοῖς
233 3088 557 3139 αἰτιολογικώτατος
572 3089 669 3139 παρὰ
687 3090 818 3133 πάντας
838 3089 988 3141 ἐγένετο,
1008 3090 1098 3129 ὥστε

60 3144 120 3182 καὶ
141 3145 220 3196 περὶ
239 3148 307 3183 τῶν
329 3146 523 3198 ἐλαχίστων
541 3147 633 3198 [τὰς]
656 3147 768 3191 αἷτίας
789 3149 1003 3189 ἀποδιδόναι.
1027 3151 1098 3189 Τὸν

62 3202 132 3254 [83]
157 3203 267 3241 θεὸν
249 3202 433 3253 ασώματον
458 3204 656 3258 ἀπεφαινεν,
676 3208 721 3249 ὡς
747 3209 764 3244 ὃ
781 3207 951 3245 Πλάτων·
973 3208 1099 3245 διατεί-

62 3276 129 3298 νειν
147 3261 182 3299 83
213 3262 317 3299 αὐτοῦ
336 3261 399 3308 τὴν
425 3262 588 3315 πρόνοιαν
618 3264 722 3317 μέχρι
742 3268 809 3303 τῶν
840 3265 1020 3318 οὐρανίων,
1040 3282 1099 3304 και

63 3312 149 3357 εἶναι
161 3319 321 3366 ἀκίνητον
336 3320 447 3358 αὐτόν·
460 3321 503 3359 τὰ
518 3322 549 3359 δ’
565 3322 699 3373 ἐπίγεια
711 3323 803 3360 κατὰ
816 3322 877 3369 τὴν
893 3323 977 3374 πρὸς
990 3327 1100 3361 ταῦτα

65 3377 280 3428 συμπάθειαν
316 3383 483 3418 κινεῖσθαι
518 3381 851 3431 (οἷκονομεῒσθαιῐ).
863 3383 890 3432 )
928 3384 969 3421 E'
961 3397 1027 3419 ιναι
1062 3381 1096 3419 83

2138 193 2208 226 15⁷

1164 271 1272 304 dicum
1300 273 1466 305 sententiis
1490 274 1722 307 condemnatus
1744 276 1860 308 cicutae
1878 276 2028 317 poculum
2054 278 2214 318 hausisse,

1164 325 1262 364 atque
1291 324 1336 356 ita
1352 324 1539 357 occubuisse
1566 329 1704 358 mortem
1724 327 1845 367 (Dioq.
1867 330 1903 366 V,
1923 333 1953 369 5,
1968 330 2017 369 6).
2043 331 2144 363 Docet
2166 331 2218 364 hic

1164 375 1325 417 duplicem
1341 385 1409 409 esse
1425 377 1633 418 philosophiae
1653 379 1810 411 rationem
1821 403 1830 418 ,
1852 389 1950 412 unam
1967 382 2155 423 practicam,
2169 385 2217 415 al-
2263 386 2267 391 '

1163 429 1266 460 teram
1291 429 1502 460 theoreticam
1518 442 1526 461 :
1543 429 1584 460 ad
1605 430 1759 470 praticam
1779 431 1940 471 pertinere
1959 433 2091 465 Ethicen
2106 437 2137 466 et
2154 437 2216 467 Po-

1164 480 1271 512 liticen
1283 504 1293 520 ‚
1317 490 1382 522 qua
1394 481 1427 512 in
1444 482 1532 522 parte
1545 483 1616 513 tum
1630 482 1670 514 de
1686 483 1834 523 publica,
1851 485 1922 515 tum
1944 484 1984 518 de
2009 486 2155 518 familiari
2179 496 2213 519 re

1164 534 1232 574 agi3
1247 533 1287 565 ad
1301 535 1511 566 theoreticam
1521 535 1679 576 Physicen
1695 536 1896 577 Logicenque
1918 537 2028 569 referi-i
2039 562 2048 577 ‚
2066 547 2084 570 e
2100 539 2218 579 quibus

1164 586 1280 626 Logica
1294 595 1359 618 non
1381 587 1585 626 summatim,
1607 587 1663 619 sed
1687 588 1778 619 velut
1799 590 1946 620 omnium
1976 589 2218 630 disciplinarum

1163 637 1414 670 instrumentum
1438 638 1677 679 diligentissime
1694 641 1837 680 exposita
1854 641 1915 672 est.
1946 641 2023 681 EJus
2042 651 2145 682 quum
2161 651 2218 682 ge-

1164 690 1289 721 minum
1320 689 1416 722 tinem
1443 690 1647 730 subjecisset,
1666 692 1837 723 verisimile
1860 701 1899 723 ac
1912 701 2026 725 verum
2049 693 2218 733 explicuit.

1164 741 1214 774 Ad
1238 743 1415 782 utrumque
1449 741 1588 774 duarum
1620 743 1763 775 maxime
1787 752 1894 776 rerum
1920 744 2045 776 viribus
2072 745 2216 777 nititur:

1163 803 1304 835 namque
1319 794 1359 826 ad
1377 794 1552 827 verisimile
1576 804 1631 827 seu
1653 796 1818 837 probabile
1837 797 1976 828 oratoria
1989 798 2021 829 et
2040 797 2219 838 dialectiea,

1163 846 1203 877 ad
1219 855 1334 878 verum
1359 848 1469 878 autem
1496 847 1656 888 analytica
1681 849 1713 880 et
1729 848 1930 889 philosophia
1955 858 2032 881 usus
2051 851 2120 890 est,
2140 849 2220 882 nihil

1163 898 1295 930 omnino
1317 899 1469 931 omittens
1493 908 1605 931 eorum
1623 909 1696 940 quae
1721 900 1771 932 vel
1788 901 1829 932 ad
1853 901 2092 941 inventionem,
2110 903 2162 935 vel
2178 904 2220 935 ad

1161 950 1317 990 judicium
1327 975 1336 991 ‚
1348 952 1399 983 vel
1413 952 1510 983 etiam
1532 952 1572 983 ad
1586 961 1681 984 usum
1696 953 1903 993 pertinerent.
1923 953 2095 986 Enimvero
2111 955 2152 986 ad
2167 956 2219 987 in-

1163 1002 1322 1034 ventionis
1343 1003 1536 1035 adminicula
1552 1004 1658 1044 topica
1672 1006 1704 1036 et
1722 995 1905 1036 methodica
1920 1006 2075 1046 tanquam
2106 1016 2219 1048 propo-

1162 1055 1315 1087 sitionum
1330 1056 1455 1097 copiam
1482 1058 1515 1089 et
1539 1057 1781 1090 multitudinem
1809 1058 1953 1098 tradidit,
1980 1067 2021 1091 ex
2040 1059 2158 1100 quibus
2178 1061 2220 1092 ad

1162 1111 1356 1150 quaestiones
1369 1110 1544 1151 probabilia
1557 1113 1745 1152 argumenta
1752 1112 1867 1144 elicere
1882 1112 2006 1144 affatim
2020 1113 2104 1145 licet.
2122 1116 2220 1147 Porro

1162 1163 1202 1194 ad
1213 1163 1425 1203 judicandum
1447 1165 1605 1205 analytica
1633 1165 1739 1206 priora
1755 1167 1787 1198 et
1811 1166 1988 1206 posteriora
2010 1168 2218 1209 conscripsit,

1162 1215 1322 1255 prioribus
1356 1217 1590 1257 assumptiones
1621 1217 1682 1248 sub
1710 1217 1867 1257 Judicium
1898 1227 2037 1259 vocans,
2061 1221 2219 1260 posterio-

1163 1271 1251 1303 ribus
1266 1272 1507 1312 compositionis
1526 1281 1661 1305 examen
1675 1281 1781 1314 ageus.
1797 1274 1947 1307 Ceterum
1964 1274 2005 1306 ad
2019 1283 2111 1307 usum
2125 1276 2218 1316 perti-

1163 1327 1239 1358 nent
1256 1335 1292 1358 ea
1311 1336 1385 1367 quae
1399 1327 1459 1359 sub
1477 1329 1640 1360 certarnen
1666 1328 1803 1367 cadunt,
1823 1338 1962 1370 quaeque
1987 1330 2020 1362 in
2046 1330 2219 1372 interroga·

1161 1379 1248 1412 tione
1258 1383 1427 1412 versantur
1437 1383 1469 1413 et
1482 1382 1688 1414 contentione
1698 1383 1947 1423 sophisticorum
1955 1386 2218 1424 argumentorum

1162 1435 1259 1474 atque
1273 1434 1464 1474 syllogismis
1480 1436 1579 1475 atque
1596 1435 1645 1466 his
1662 1435 1831 1467 similibus.
1876 1436 2028 1468 Veritatis
2046 1446 2123 1469 vero
2135 1438 2219 1478 judi-

1161 1489 1247 1521 cium
1259 1514 1268 1530 ,
1286 1499 1399 1521 eorum
1413 1491 1544 1531 quidem
1562 1499 1635 1531 quae
1653 1491 1832 1523 secundum
1849 1491 2110 1532 imaginationem
2131 1496 2219 1532 sunt,

1160 1553 1290 1577 sensum
1317 1545 1482 1586 definivit;
1503 1546 1674 1578 moralium
1691 1555 1783 1588 vero,
1796 1547 1853 1578 ubi
1865 1546 1906 1579 de
1922 1548 2088 1589 republica
2101 1557 2141 1581 ac
2158 1549 2218 1581 do-

1161 1599 1294 1632 mestica
1322 1602 1354 1632 et
1372 1600 1427 1632 ubi
1453 1601 1492 1633 de
1509 1601 1632 1641 legibus
1650 1602 1769 1642 agitur,
1792 1604 1945 1634 mentem.
1972 1603 2085 1635 Finem
2109 1605 2219 1636 autem

1161 1663 1264 1686 unuin
1281 1656 1446 1695 exposuit,
1466 1655 1596 1688 virtutis
1610 1665 1705 1688 usum
1719 1657 1752 1688 in
1766 1658 1831 1689 vita
1846 1658 1999 1698 perfecta.
2015 1660 2218 1692 Felicitatem

1161 1712 1206 1744 ait
1219 1712 1326 1745 tribus
1348 1713 1487 1745 maxime
1505 1713 1596 1746 honis
1618 1714 1722 1754 effici,
1741 1714 1778 1746 iis
1793 1715 1946 1747 nimirum
1963 1725 2039 1756 quae
2063 1716 2097 1748 in
2111 1717 2219 1748 animo

1160 1769 1253 1808 sunt,
1269 1777 1344 1809 quae
1360 1770 1393 1801 et
1406 1768 1508 1809 prima
1531 1769 1562 1800 vi
1577 1778 1635 1801 sua
1651 1770 1807 1810 appellat;
1827 1770 1864 1802 iis
1879 1779 1953 1811 quoe
1975 1771 2016 1802 ad
2032 1780 2150 1812 corpus
2166 1775 2218 1804 at-

1160 1826 1281 1866 tinent,
1296 1830 1332 1858 ut
1343 1829 1419 1859 sunt
1430 1827 1512 1858 bona
1521 1827 1684 1867 valetudo,
1701 1828 1811 1867 robur,
1824 1829 2031 1869 pulchritudo
2045 1832 2217 1871 ceteraque

1161 1883 1210 1914 his
1225 1883 1359 1923 similia;
1377 1885 1475 1924 atque
1491 1883 1529 1915 iis
1543 1893 1615 1924 quae
1629 1884 1829 1916 extrinsecus
1847 1886 1996 1926 veniunt,
2014 1886 2145 1927 divitiis,
2161 1897 2217 1918 no·

1162 1938 1286 1970 bilitate
1298 1940 1330 1970 et
1342 1939 1442 1979 gloria
1455 1940 1552 1979 atque
1566 1939 1597 1970 in
1614 1939 1700 1970 hunc
1715 1940 1850 1971 modum
1865 1941 1978 1972 ceteris
1988 1966 1996 1981 ,
2015 1942 2132 1982 quibus
2152 1945 2217 1975 ter-

1160 1993 1243 2025 tium
1258 1995 1362 2026 locum
1380 1995 1564 2035 assignavit.
1580 1995 1741 2027 Virtutem
1756 1996 1797 2026 ad
1815 1996 1941 2028 beatam
1958 1997 2059 2029 vitam
2073 1998 2131 2030 sibi
2153 2000 2216 2030 mi-

1160 2049 1247 2081 nime
1260 2049 1407 2081 sufficere
1423 2050 1505 2082 dixit
1526 2060 1534 2081 ;
1550 2050 1667 2091 quippe
1680 2051 1821 2091 corporis
1832 2051 1924 2082 bonis
1939 2052 2217 2094 exterioribusque

1161 2107 1312 2148 indigere.
1341 2107 1495 2139 Miserum
1512 2109 1610 2148 atque
1640 2108 1800 2140 infelicem
1823 2108 1891 2140 sore
1922 2110 2117 2149 sapientem,
2150 2111 2217 2142 sive

1161 2163 1326 2195 doloribus
1339 2162 1499 2194 alliciatur
1516 2163 1583 2194 sive
1599 2163 1706 2203 iuopia
1719 2164 1751 2194 et
1764 2163 1878 2195 ceteris
1893 2163 2076 2204 hujusmodi
2096 2164 2216 2197 incom-

1162 2217 1266 2249 modis
1282 2221 1455 2258 prematur.
1502 2218 1626 2250 Vitium
1647 2220 1755 2249 autem
1772 2218 1813 2249 ad
1837 2218 1998 2250 miseriam
2023 2221 2120 2260 atque
2137 2220 2217 2252 inse-

1161 2271 1254 2304 licem
1266 2272 1366 2304 vitam
1387 2272 1553 2311 sufficere,
1579 2273 1817 2313 quantumlibet
1844 2273 1985 2305 externis
2010 2274 2217 2316 corporisque

1162 2328 1273 2371 aslluat
1283 2327 1386 2359 bonis.
1399 2327 1543 2359 Virtutes
1559 2328 1605 2359 ait
1630 2336 1695 2359 non
1711 2336 1744 2359 se
1758 2327 1896 2359 invicem
1911 2328 2000 2368 sequi
2015 2341 2022 2360 :
2040 2328 2106 2360 lieri
2129 2330 2215 2362 enini

1162 2394 1254 2426 posse
1269 2386 1305 2417 ut
1324 2384 1465 2425 prudens
1481 2384 1639 2425 quispiam
1658 2393 1695 2416 ac
1709 2385 1815 2424 Justus
1832 2384 1980 2425 idemque
1997 2385 2214 2425 intemperans

1161 2443 1258 2482 atque
1271 2442 1471 2473 incontinens
1491 2441 1544 2473 sit.
1564 2441 1746 2482 Sapientem
1763 2441 1895 2481 quidem
1912 2450 1976 2472 non
1993 2442 2125 2473 omnino
2141 2451 2214 2482 per-

1160 2502 1400 2534 turbationibus
1412 2510 1527 2533 vacare
1539 2526 1548 2542 ‚
1566 2510 1679 2533 verum
1693 2486 1875 2542 perturbari
1888 2501 2014 2533 modice
2026 2501 2120 2534 dixit.
2132 2502 2215 2534 Ami-

1162 2556 1271 2588 citiam
1295 2556 1514 2596 aequalitatem
1540 2564 1608 2587 esse
1633 2555 1779 2587 definivit
1810 2558 1935 2587 mutuae
1965 2555 2212 2588 benevolentiae.

1161 2613 1239 2654 Ejus
1259 2616 1321 2645 tres
1347 2612 1468 2653 species
1490 2621 1559 2644 esse
1578 2611 1710 2643 tradidit
1729 2625 1736 2644 :
1761 2620 1829 2644 esse
1845 2612 1964 2652 quippe
1988 2613 2083 2658 aliam
2103 2613 2210 2653 hospi-

1161 2669 1274 2708 talem,
1291 2668 1386 2699 aliam
1400 2667 1601 2706 amatorium,
1615 2666 1743 2698 tertiam
1759 2667 1966 2706 cognationis.
1985 2671 2135 2699 Amorem
2147 2676 2211 2699 non

1162 2724 1257 2756 modo
1270 2723 1510 2764 congressionis,
1526 2731 1638 2754 verum
1656 2726 1688 2754 et
1703 2723 1912 2763 philosophiae
1925 2731 2006 2756 esse.
2023 2726 2212 2756 amaturum

1161 2789 1289 2821 quoque
1301 2780 1476 2820 sapientem
1490 2781 1521 2811 et
1540 2787 1744 2810 accessurum
1761 2779 1801 2810 ad
1822 2779 2053 2819 rempublicam
2064 2804 2072 2820 ‚
2094 2780 2213 2812 duetu-

1161 2849 1300 2881 rumque
1317 2848 1450 2872 uxorem
1464 2840 1496 2871 et
1515 2839 1594 2879 regis
1611 2839 1843 2870 cousuetudine
1860 2848 2007 2871 usurum.
2026 2840 2142 2872 Tribus
2155 2850 2212 2872 aii-

1165 2900 1229 2930 tem
1251 2897 1420 2937 generibus
1442 2897 1519 2927 vitae
1545 2896 1744 2935 constitutis,
1775 2896 1878 2936 primo
1903 2897 1991 2937 quod
2020 2897 2051 2928 iu
2071 2899 2212 2929 contem·

1162 2953 1280 2994 plando
1289 2977 1297 2991 ,
1310 2951 1455 2993 sequenti
1468 2951 1554 2991 quod
1569 2951 1600 2982 in
1610 2951 1731 2992 agendo
1742 2976 1750 2990 ,
1759 2953 1791 2983 et
1801 2952 1896 2983 tertio
1907 2953 1993 2992 quod
2003 2953 2033 2983 in
2044 2953 2210 2993 voluptate

1161 3010 1322 3047 consistit,
1345 3008 1430 3049 quod
1454 3008 1548 3040 estin
1566 3008 1812 3049 contemplando
1824 3018 1922 3049 genus
1937 3009 2089 3049 praetulit.
2114 3009 2208 3040 Libe-

1161 3066 1243 3097 rales
1261 3065 1443 3105 disciplinas
1462 3064 1502 3095 ad
1519 3065 1802 3104 apprehensionem
1826 3065 1955 3096 virtutis
1970 3064 2108 3095 multum
2135 3072 2210 3095 con·

1163 3119 1244 3150 serre
1257 3118 1364 3149 sensit.
1393 3119 1428 3148 ln
1451 3117 1665 3158 descriptione
1687 3126 1795 3149 rerum
1809 3118 2003 3149 naturalium
2030 3119 2147 3157 praeter
2161 3126 2211 3147 cc·

1162 3176 1248 3206 teros
1277 3173 1416 3205 maxime
1432 3173 1465 3204 in
1484 3182 1592 3217 rerum
1609 3173 1712 3204 causis
1743 3172 1980 3213 perscrutandis
2008 3172 2208 3209 versabatur,

1161 3231 1241 3263 adeo
1258 3232 1295 3262 ut
1312 3230 1516 3262 minimarum
1533 3239 1735 3271 quarumque
1752 3239 1858 3261 rerum
1886 3228 2058 3260 reddiderit
2080 3236 2205 3258 causas,

1162 3286 1264 3315 Deum
1276 3308 1284 3323 ‚
1299 3284 1382 3315 sieut
1398 3288 1430 3314 et
1446 3283 1548 3320 Plato,
1566 3284 1789 3323 incorporeum
1805 3282 1970 3319 definivit,
1987 3280 2118 3320 ejusque
2130 3287 2204 3318 pro-

1163 3335 1336 3366 videntiam
1361 3334 1402 3366 ad
1427 3335 1566 3366 coelestia
1588 3343 1688 3374 usque
1720 3334 1914 3374 pertingere,
1930 3333 2032 3372 ipsum
2051 3339 2127 3361 vero
2145 3329 2207 3360 im-

1164 3387 1314 3420 mobilem
1328 3396 1395 3420 esse
1409 3401 1415 3419 :
1427 3389 1655 3427 porroterrena
1670 3387 1776 3418 omnia
1789 3386 1829 3417 ad
1839 3385 2016 3417 coelestium
2030 3391 2206 3423 congruen-
