2326 3724
109 211 185 248 234

107 285 164 330 οἶα
185 290 227 339 δὴ
248 292 352 331 αὐτοῦ
376 291 483 346 ἄμφω
507 291 558 332 τὼ
578 291 675 346 φύλω
693 292 806 331 τούτω
825 292 1047 337 καθελόντος·
1069 292 1156 346 πρὸς

106 355 177 393 τοῖς
195 349 255 388 καὶ
271 350 491 390 Οὐσδίὸαδον
510 351 568 389 τὸν
587 353 617 391 Γ
618 350 766 398 ήπαιδα.
790 349 952 404 Ἔφασκε
985 350 1053 404 γὰρ
1081 350 1156 395 τοὺς

107 408 290 455 Γήπαιδας
314 408 472 454 ἅπαντας
501 411 596 462 αὐτῷ
613 409 770 457 ἀνήκειν,
792 408 853 448 ἅτε
881 408 924 456 δὴ
953 410 1013 448 καὶ
1033 409 1156 454 αὐτοὺς

105 466 191 519 πρὸς
223 469 329 506 αὐτοῦ
361 468 727 519 καταπολεμηθέντας.
762 468 996 522 Ἀφικομένων
1025 468 1068 516 δὴ
1096 473 1155 508 οὖν

105 527 201 564 τῶν.
189 540 256 577 πρε
242 524 372 565 ’σὸεων
383 525 475 565 κατὰ
486 527 529 574 δὴ
540 525 603 574 τὴν
615 526 780 579 βασιλίδα
790 526 1157 587 πόλιν,παρελθόντων

105 599 144 622 τε
160 586 206 627 ὡς
220 583 280 622 τὸν
297 584 626 638 αὖτοκράτορα,ἔφη
641 587 659 622 ὁ
672 585 868 638 Ταργίτης·
887 603 903 619 «
920 579 974 624 Ὠ
993 586 1154 636 βασιλεῦ,

106 642 255 696 πάρειμι
272 643 445 687 σταλεὶςε
431 644 500 683 υπὸ
518 647 578 682 τοῦ
598 647 658 682 σοῦ
676 642 816 688 παιδός·
835 643 954 696 πατὴρ
974 643 1042 696 γὰρ
1056 643 1157 687 αὐτὸς

106 705 246 751 ἀληθῶς
265 705 420 742 Βαῖανοῧ
437 719 496 742 του
514 705 594 742 καθ’
611 706 706 754 ἡμᾶς
726 702 905 743 δεσπότου.
925 702 1083 742 Πέποιθα
1113 702 1155 750 δὴ

107 766 180 810 οῦν,
201 765 248 806 ὡς
267 762 506 808 ἐπιδείξασθαι
523 761 781 816 προθυμηθείης
799 760 859 808 τὴν
876 761 956 814 περὶ
973 761 1031 800 τὸν
1045 763 1157 800 παῖδα

105 820 255 875 στοργὴν
275 823 325 872 τῷ
346 821 475 859 διδόναι
491 821 536 860 τὰ
554 825 616 859 τοῦ
634 819 773 864 παιδός.
795 819 900 860 Ούτω
919 819 1032 858 τοίνυν
1052 819 1156 872 ἐχόν-

104 895 174 918 των
195 882 309 930 ἡμῶν,
332 880 427 932 τάχα
461 879 497 918 δὲ
519 895 580 918 σου
609 895 670 917 και
689 881 806 929 ἡμῶν,
838 882 906 932 ἀρα
935 878 1015 931 οὐχὶ
1039 893 1157 931 παρα-

104 938 279 991 χωρήσεις
300 940 394 991 αὗτῳ
411 940 483 977 τῶν
503 951 638 991 γερων.)
667 939 706 976 οὗ
728 936 836 990 γὰρ’
821 954 854 981 ες
874 937 1056 990 ἀλλότριον
1078 935 1157 975 οὔτε

105 997 176 1048 μὴν
206 997 374 1048 πολέμιόν
405 1013 483 1036 τινα
514 997 559 1035 τὰ
583 996 745 1047 διδόμενα
781 995 989 1069 μεταθήσοις
1021 995 1157 1048 σχεδόν·

105 1056 183 1095 οὐδὲ
218 1055 457 1106 μεταὸήσεται
493 1071 561 1094 των
611 1070 863 1108 παρεχομενων
907 1058 929 1102 ἠ
975 1054 1157 1108 κυριότης,

104 1115 128 1162 ἣ
156 1115 262 1153 πάλιν
298 1116 345 1158 εἷς
374 1113 412 1153 σὲ
441 1115 695 1188 ἅναδραμεῖται
730 1113 788 1152 διὰ
823 1128 886 1151 του
921 1114 1062 1161 παιδὸς,
1087 1113 1158 1164 εἴγε

104 1173 302 1226 παράσχοις
330 1173 425 1211 αυτῶ
453 1171 498 1210 τὰ
531 1174 584 1225 ἐφ’
611 1166 662 1216 οἷς
695 1171 795 1219 ἥκω,
822 1171 886 1219 τήν
915 1187 954 1210 τε
981 1172 1083 1210 πόλιν
1118 1171 1158 1211 τὸ

105 1231 252 1283 Σίρμιον
282 1246 343 1269 και
375 1231 421 1269 τὰ
458 1230 630 1284 χρήματα
662 1232 741 1268 κατ’
770 1230 865 1278 ἔτος,
900 1228 965 1268 ὅσα
996 1229 1158 1282 βασιλευς

105 1289 348 1334 Ἰουστινιανὸς
397 1291 468 1334 τοῖς
509 1289 777 1342 Κουτριγούροις
822 1288 883 1328 καὶ
928 1290 1158 1342 Οὐτιγούροις

105 1349 218 1387 ἐδίδου
253 1349 322 1400 (οἱ)
339 1378 350 1396 ,
384 1351 539 1388 Βαῖανοῦ
579 1347 732 1402 τήμερον
763 1347 989 1393 δεσπόζοντος
1026 1348 1157 1386 τούτων

106 1422 148 1459 γε
179 1406 290 1454 δήπου
322 1409 392 1446 τῶν
423 1409 547 1446 ἐθνῶν·
581 1407 631 1445 ἔτι
660 1407 721 1446 καὶ
749 1406 970 1447 Οὗσδίὸαδον
998 1405 1056 1445 τὸν
1087 1409 1117 1447 Γ
1119 1407 1159 1454 ή-

105 1467 216 1504 παιδα
235 1465 297 1505 καὶ
318 1465 397 1510 τοὺς
416 1467 496 1540 περὶ
513 1466 629 1505 αὐτόν·
649 1466 727 1505 οὐδὲ
749 1465 817 1518 γὰρ
845 1466 926 1518 περὶ
947 1464 1078 1504 τούτων
1099 1467 1157 1503 ἀν-

105 1530 199 1577 τερεῖ
227 1541 296 1573 τις,
324 1526 371 1569 ὡς
396 1525 475 1577 οὐχὶ
497 1525 693 1578 πεφύκασιν
718 1524 919 1579 ἀνδράποδα
943 1527 1111 1564 Βαϊανοῧ.
1135 1542 1152 1559 υ

106 1586 230 1623 Ταῦτα
257 1587 276 1622 ὁ
298 1583 478 1637 Ταργίτης
509 1583 635 1629 ἔλεξεν.
664 1583 793 1644 'Aatdtpm
798 1586 817 1622 ὁ
848 1583 1030 1635 βασιλεύς·
1061 1601 1078 1618 «ι
1102 1585 1156 1623 Οὔ

106 1641 440 1716 πρεσὸευσόμενος
426 1642 541 1690 ήκεις,
560 1645 607 1686 ὡς
626 1642 750 1690 ἔοικεν,
767 1645 797 1681 ὠ
818 1644 851 1682 Γ
854 1657 1001 1695 αργιτα
1023 1643 1157 1693 μᾶλλον

109 1701 172 1751 μὲν
193 1704 251 1740 οὖν
252 1701 352 1771 ωπρὸς
368 1703 576 1753 ἀγνοουντας
594 1704 689 1752 ἡμᾶς
707 1700 1019 1775 zexpnpussx‘oaoom
1041 1701 1160 1754 βουλό·

109 1776 210 1810 μενος
227 1762 296 1798 τῶν
316 1760 475 1813 Ἀὃάρων
494 1776 573 1805 τους
591 1760 753 1814 τρόπους.
787 1762 833 1800 Εἰ
857 1759 945 1813 γὰρ,
972 1760 1020 1804 ὥς
1048 1776 1157 1814 φατε,

108 1818 250 1870 δοίημεν
267 1823 346 1870 ὑμῖν
362 1818 406 1858 τὰ
423 1835 488 1858 οσα
502 1820 573 1863 τοῖς
585 1819 706 1873 πρώην
723 1819 885 1870 Οὔννοις,
901 1819 1008 1872 οἴκτῳ
1023 1821 1158 1870 μᾶλλον

108 1878 168 1916 και
188 1880 226 1917 οὐ
246 1879 368 1932 φόὸῳ,
383 1880 434 1932 τῷ
453 1877 502 1929 μὴ
521 1878 648 1917 ἐθέλειν
666 1874 785 1929 αἶμα’
771 1881 899 1931 εκχεῗν,
915 1877 1160 1922 Ἰουστινιανος

106 1937 235 1988 ἐδίδου,
251 1936 386 1989 γελοῖόν
400 1953 440 1989 γε
453 1936 495 1976 ἂν
512 1936 580 1986 εἴη,
596 1937 688 1975 *και
703 1941 751 1981 οἱς
766 1937 806 1975 τὸ
823 1936 1097 1990 φιλάνθρωπον’
1078 1952 1159 1976 απο-

107 2048 191 2082 soliti
204 2050 312 2091 erant,
330 2049 406 2091 quia
419 2050 592 2091 utramque
604 2050 731 2090 gentem
745 2049 933 2088 subegerat,
947 2049 990 2080 illi
1003 2047 1158 2088 traderet,

106 2103 139 2133 et
167 2104 320 2142 praeterea
348 2101 548 2134 Usdibadum
576 2102 675 2134 etiam
700 2101 866 2142 Gepidam.
895 2101 1031 2133 Dicebat
1054 2100 1139 2132 enim
1149 2123 1159 2140 ,

105 2163 216 2187 omnes
229 2153 367 2196 Gepidas
377 2155 410 2186 in
423 2163 518 2187 suum
531 2154 583 2194 jus
593 2154 839 2195 dominiumque
852 2153 975 2185 venisse
986 2177 996 2193 ‚
1009 2152 1086 2193 quia
1107 2160 1160 2184 eos

105 2206 280 2239 devicerat.
295 2207 410 2247 ltaque
426 2206 520 2246 legati
538 2205 594 2238 ubi
613 2205 646 2237 in
660 2206 781 2246 regiam
804 2204 918 2237 urbem
932 2204 971 2236 ad
990 2204 1159 2245 imperato-

105 2267 174 2290 rem
191 2259 365 2298 venerunt,
382 2258 526 2298 Targites
536 2258 582 2290 sic
595 2266 669 2289 eum
683 2258 731 2289 est
745 2257 864 2289 affatus
878 2266 885 2288 :
900 2269 914 2284 «
930 2258 958 2288 Ο
971 2256 1158 2296 imperator,

105 2311 218 2343 adsum
235 2320 253 2343 a
274 2312 333 2343 tuo
357 2311 422 2343 tilio
442 2311 568 2344 missus.
586 2313 635 2344 'l‘u
661 2310 748 2343 enim
765 2319 841 2342 vere
865 2311 955 2350 pater
970 2318 1004 2341 es
1029 2308 1158 2348 Baiani,

105 2363 175 2404 eJ‘us
193 2364 248 2405 qui
265 2364 350 2406 apud
369 2373 427 2397 nos
445 2365 642 2396 dominatur.
660 2363 795 2397 Confido
811 2363 921 2404 igitur,
949 2363 984 2395 te
1004 2362 1158 2394 affectum

105 2417 275 2456 paternum
292 2415 511 2448 exhibiturum
524 2425 592 2448 esse
607 2416 672 2448 tilio
686 2416 716 2447 in
730 2424 786 2454 eo,
803 2414 890 2455 quod
906 2413 1019 2446 reddes
1032 2422 1070 2446 ea
1086 2422 1159 2454 quae

106 2467 163 2500 filii
176 2469 262 2500 sunt.
278 2471 388 2507 Quum
404 2469 502 2509 igitur
514 2477 572 2501 nos
584 2468 648 2500 hoc
662 2468 771 2500 animo
785 2467 898 2507 simus,
912 2468 945 2499 et
966 2467 1099 2499 sortasse
1122 2467 1158 2498 tu

105 2528 198 2562 aeque
214 2529 252 2552 ac
266 2529 343 2561 nos,
370 2530 478 2554 nonne
492 2523 528 2554 tu
547 2521 592 2553 illi
611 2530 669 2554 sua
686 2520 819 2562 praemia
828 2519 1008 2560 praebebis?
1024 2519 1118 2557 Quod
1132 2518 1158 2551 si

106 2572 218 2605 seceris
227 2596 236 2613 ‚
248 2581 286 2604 ea
298 2581 363 2604 non
381 2572 414 2605 in
430 2574 637 2612 extraneum,
650 2581 757 2613 neque
772 2572 806 2604 in
820 2572 946 2604 hostem
969 2571 1154 2610 contuleris,

106 2632 211 2665 neque
225 2632 335 2657 earum
359 2633 469 2656 rerum
489 2625 668 2658 mutabitur
690 2624 882 2656 dominium.
899 2623 1026 2655 Etenim
1049 2630 1159 2654 rursus

107 2675 149 2709 ad
162 2676 194 2707 te
207 2675 324 2708 redibit
342 2685 397 2717 per
413 2676 514 2708 tilium
523 2701 533 2718 ,
547 2677 574 2708 si
588 2685 625 2708 ea
640 2675 810 2708 indulseris
821 2699 831 2714 ,
847 2683 921 2716 quae
936 2683 954 2706 a
969 2675 1003 2706 te
1022 2674 1157 2715 petitum

107 2726 212 2759 venio.
233 2727 361 2760 Scilicet
373 2728 525 2760 Sirmium
543 2729 575 2760 et
593 2727 745 2769 pecunias
756 2751 765 2767 ‚
780 2725 952 2769 quotannis
968 2734 1048 2768 quas
1061 2725 1158 2757 dabat

108 2779 282 2820 imperator
291 2780 310 2811 J
314 2779 491 2811 ustinianus
500 2779 640 2820 Utiguris
650 2780 683 2811 et
696 2779 872 2820 Cotriguris
885 2803 894 2819 ,
905 2787 1008 2819 quum
1021 2777 1159 2809 Baianus

109 2830 204 2863 hodie
211 2829 389 2862 dominium
398 2830 438 2862 sit
448 2830 583 2872 adeptus
593 2831 708 2863 harum
720 2830 864 2862 omnium
875 2829 1017 2870 gentium
1026 2839 1035 2869 ;
1044 2828 1158 2861 deinde

108 2881 306 2915 Usdibadum
318 2882 350 2914 et
362 2881 430 2922 ejus
442 2883 576 2915 comites
589 2883 648 2915 sibi
662 2882 745 2914 tradi
760 2882 874 2923 poscit.
889 2883 954 2914 Nec
966 2881 1052 2914 enim
1066 2880 1157 2913 Usdi-

109 2933 226 2966 badum
239 2935 410 2973 quisquam
426 2935 547 2974 negarit
563 2935 684 2966 sactum
706 2942 774 2966 esse
788 2933 898 2965 Baiani
913 2932 1119 2973 mancipium.
1138 2944 1154 2960 »ι

111 2988 188 3018 Haec
212 2985 372 3026 'sargites;
393 2987 446 3018 cui
473 2986 647 3028 imperator
670 3000 677 3019 :
698 2999 713 3014 «
730 2988 779 3019 'su
797 2986 948 3028 quidem,
963 2988 999 3017 ut
1015 2985 1155 3026 videtur,

109 3037 259 3076 minime,
283 3037 319 3068 ut
334 3037 522 3078 legationem
537 3039 674 3079 faceres,
688 3038 802 3071 venisti
814 3050 823 3078 ;
837 3038 892 3071 sed
908 3037 1025 3078 magis,
1040 3039 1078 3069 ut
1089 3046 1158 3069 mo-

109 3099 159 3123 res
170 3093 308 3122 Avarum
319 3113 328 3130 ‚
343 3091 437 3122 antea
458 3090 550 3122 nobis
564 3091 691 3132 penitus
716 3091 857 3132 ignotos,
871 3091 1015 3132 cognitos
1034 3099 1157 3131 perspe-

109 3143 242 3183 ctosque
255 3142 406 3176 efficeres.
421 3141 453 3174 Si
466 3141 572 3182 enim,
592 3142 766 3183 utd1citis‚
787 3143 1041 3175 concesserimus
1063 3142 1158 3175 vobis

109 3201 249 3234 ea‚quae
270 3203 373 3236 nuper
386 3193 605 3233 Justinianus,
629 3193 907 3226 commiseratione
929 3194 1037 3235 potius
1059 3203 1157 3235 quam

108 3246 230 3278 terrore
251 3245 431 3285 adductus,
457 3244 533 3285 quia
555 3244 595 3276 ab
610 3244 804 3277 effundendo
826 3245 979 3285 sanguine
996 3245 1156 3278 abstinere

109 3297 256 3338 volebat,
266 3297 391 3330 Hunnis
401 3297 531 3337 largitus
543 3297 609 3336 est,
621 3295 756 3328 ridicula
767 3304 816 3328 res
825 3304 902 3328 sane
912 3296 984 3337 erit,
994 3298 1010 3313 *
1019 3298 1046 3329 si
1059 3297 1156 3332 etiam

110 3349 334 3383 liberalitatem
363 3349 397 3382 et
427 3348 660 3381 humanitatem
676 3348 710 3380 in
739 3356 794 3380 eos
818 3356 968 3381 exercere
991 3350 1155 3390 oporteat,

111 3403 223 3436 contra
237 3411 319 3445 quos
337 3402 370 3436 in
386 3401 455 3435 acie
478 3402 580 3443 stare,
601 3402 758 3441 nemonest
780 3401 910 3443 quinos
931 3410 997 3434 non
1019 3402 1153 3443 viderit,

829 178 1131 244 ‘Memnoni
1161 204 1514 246 PROTECToms

1216 293 1332 344 νέμειν
1357 295 1432 345 δεῖ,
1459 293 1520 333 καὶ
1539 288 1588 338 οἷς
1607 293 1869 333 ἀντιτάττεσθαι
1896 298 2058 350 φανῶμεν
2079 299 2109 337 οἱ
2138 300 2238 338 αὐτοί
2246 315 2256 326 ·

1215 352 1319 392 ὁπότε
1335 355 1366 391 οἱ
1386 353 1531 392 δείλαιοι
1551 351 1799 406 Κουτρίγουροί
1817 369 1854 392 τε
1874 354 1934 393 καὶ
1960 355 2188 410 Οὖτίγουροι,
2203 357 2260 402 οὓς

1215 410 1479 450 διαὸεὸαιουσθε
1503 410 1588 464 πρὸς
1606 413 1706 462 ἡμῶν
1725 411 1927 462 κομίζεσθαι
1950 412 2142 465 χρήματα,
2158 419 2261 455 τοῦτο

1216 470 1280 520 μὲν
1311 469 1474 542 φυγόντες
1499 472 1612 520 ἡμᾶς,
1639 484 1742 508 τουτο
1771 468 1806 508 δὲ
1837 472 2058 516 πεπτωκότες
2086 472 2142 525 ὑφ’
2159 475 2262 524 ἡμῶν

1214 529 1446 581 τυγχάνουσιν
1468 528 1612 581 ἅρδην’
1594 528 1835 580 ηφανισμένοι.
1863 529 1912 568 Ίί
1940 534 1998 568 οὖν
2017 530 2261 584 παράσχοιμεν

1216 590 1297 638 ὑμῖν
1317 587 1361 626 τὰ
1377 590 1446 626 τῶν
1468 587 1700 638 ἡσσωμένων,
1717 588 1793 626 ἀλλ’
1808 590 1844 626 οὗ
1861 591 1904 640 τῇ
1925 588 2026 641 φύσει
2044 587 2174 644 ξυνάδει
2193 593 2262 630 τῶν

1215 646 1433 698 πραγμάτων
1453 646 1512 684 καὶ
1530 651 1668 699 κρατεῖν
1690 646 1786 698 ἅμα,
1807 647 1868 685 καὶ
1887 647 1973 699 ὑπὲρ
1992 650 2061 687 τῶν
2085 660 2263 702 κεκρατη-

1217 704 1328 756 μένων
1349 704 1475 759 ἑτέροις
1490 705 1660 758 χρήματα
1680 709 1894 744 καταθεῖναι.
1918 707 1972 746 Οὐ
1992 706 2061 759 γὰρ
2083 708 2262 761 ἀποχρῶν,

1217 764 1246 800 εἷ
1268 762 1457 815 φανείημεν
1475 762 1570 808 ἅπαξ
1589 767 1649 801 τοῦ
1667 763 1712 802 τὰ
1731 763 1852 802 δέοντα
1871 770 2005 818 φρονεῖν
2026 765 2262 818 ἐστερημένοι,

1217 820 1310 858 ἀλλὰ
1344 820 1412 874 γὰρ
1445 821 1506 859 καὶ
1534 823 1581 865 εἷς
1613 821 1794 869 συνήθειαν
1826 823 1938 862 ἕλκειν
1972 822 2035 870 τὴν
2067 824 2263 878 ἀφροσύνην

1217 879 1327 917 οἴεσθε
1355 882 1445 927 δεῖν;
1472 879 1507 918 τί
1533 884 1592 919 οὖν
1621 895 1785 930 ποιουμεν
1813 881 1872 920 τὸν
1903 882 2148 930 Οὖσδίὸαδον;
2181 886 2263 934 ὑμῖν

1217 937 1455 989 ἀποδοίημεν;
1478 939 1544 991 οὔχ
1575 938 1665 977 ούτω
1695 938 1900 992 πεφύκαμεν
1930 940 2077 990 ἠλίθιοι,
2101 939 2190 980 ὥστε
2219 941 2264 980 τὰ

1216 995 1371 1049 ἡμέτερα
1393 996 1675 1050 καταπροέσθαι,
1693 997 1753 1036 καὶ
1771 1001 1883 1036 ταῦτα
1904 999 2093 1052 βαρὸάροις
2118 999 2178 1039 καὶ
2197 1001 2265 1038 λυ-

1217 1055 1437 1106 μαινομένοις
1456 1059 1500 1109 τῇ
1518 1058 1596 1094 καθ’
1617 1059 1710 1106 ἡμᾶς
1726 1057 1899 1110 πολιτείᾳ.
1922 1057 1968 1097 Ὁ
1983 1058 2052 1111 γὰρ
2071 1059 2140 1111 πρὸ
2164 1061 2266 1110 ἡμῶν

1216 1113 1256 1152 τὸ
1272 1114 1447 1166 βασίλειον
1464 1114 1736 1166 ἀναδεδεγμένος
1750 1115 1874 1187 κράτος
1891 1115 2074 1163 Γήπαιδας
2093 1117 2268 1165 ἐπήλυδας

1217 1172 1317 1216 ὄντας
1345 1172 1612 1221 εἰσεποιήσατο,
1643 1173 1704 1211 καὶ
1733 1172 1854 1226 γώραν
1885 1174 2002 1218 αὐτοῖς
2021 1175 2185 1227 ἀπένειμε
2203 1175 2267 1222 τὴν

1217 1232 1298 1284 περὶ
1317 1231 1357 1270 τὸ
1377 1231 1539 1284 Σίρμιον,
1559 1236 1635 1271 εἶτα
1655 1232 1716 1270 καὶ
1742 1231 1897 1283 πολέμου
1928 1233 2123 1281 κινηθέντος
2153 1235 2270 1279 αὐτοῖς

1218 1292 1264 1334 ὡς
1285 1291 1573 1343 Λογγοίάρδους,
1599 1291 1718 1342 ὥσπερ
1749 1290 1858 1340 εἷκος,
1889 1291 2191 1344 ξυνεπελαὸόμεθα
2209 1296 2268 1332 τοῦ

1217 1349 1373 1388 κινδύνου
1393 1355 1463 1393 τοῖς
1478 1349 1624 1394 οἰκείοις.
1647 1349 1721 1389 Καὶ
1741 1349 1782 1388 ἂν
1803 1349 1968 1403 ἐκράτουν
1985 1353 2016 1390 οἳ
2033 1350 2210 1398 Γήπαιδες
2225 1354 2268 1405 τῇ

1219 1407 1410 1459 Ῥωμαίων
1429 1408 1546 1462 χειρὶ,
1567 1408 1636 1460 εἴγε
1658 1408 1707 1459 μὴ
1732 1409 2009 1462 ἀνδραποδώδεις
2024 1408 2190 1464 ὤφθησαν
2209 1411 2270 1450 καὶ

1216 1470 1266 1505 τῶ
1283 1470 1344 1514 τ’ῆς
1363 1466 1505 1518 γνώμης
1524 1468 1653 1521 δολερῳ
1673 1483 1752 1511 τους
1771 1467 1952 1521 εὐεργέτας
1971 1467 2166 1516 ἐλύπησαν.
2181 1469 2270 1508 Ἀνθ’

1217 1530 1266 1564 ὡν
1287 1525 1604 1571 ἐπιδουλεύσαντας
1634 1527 1720 1576 ημῖν
1748 1526 1979 1598 ἀσύγγνωστα
2010 1529 2050 1566 οὔ
2078 1527 2270 1579 Ῥωμαίοις

1218 1583 1310 1629 εδοξε
1339 1585 1514 1636 μετελθεῖν
1539 1601 1618 1629 τους
1647 1585 1984 1637 ἀγνωμονησαντας,
2012 1579 2062 1630 οἶς
2088 1585 2200 1625 ἔνεστι
2220 1585 2269 1637 μὴ

1218 1623 1426 1682 ἀντιτιθέναι
1444 1643 1506 1688 τὰς
1530 1643 1700 1695 τιμωρίας
1729 1643 1936 1695 ἷσορρόπους
1959 1650 2030 1688 τοῖς
2051 1646 2198 1696 πλημμε
2185 1645 2271 1692 ,λή-

1219 1717 1326 1753 μασι,
1345 1703 1479 1752 μᾶλλον
1498 1700 1560 1752 μὲν
1582 1705 1639 1740 οὖν
1657 1703 1835 1754 περιιδεῖν,
1850 1704 1896 1746 ὡς
1912 1702 1953 1741 ἂν
1970 1702 2025 1756 ὑφ’
2040 1702 2167 1757 ἑτέρων
2181 1705 2214 1747 ἐς
2231 1702 2271 1742 τὸ

1218 1760 1385 1804 παντελὲς
1415 1760 1719 1814 διαφθαρήσοιντο.
1741 1762 1786 1800 Γ
1777 1777 1786 1798 ι
1817 1761 1930 1799 τοίνυν
1963 1761 2077 1806 ἄλλως
2103 1763 2166 1801 οὐκ
2197 1761 2271 1814 ἔχει

1219 1824 1349 1868 ταῦτα,
1369 1819 1511 1872 ἐπείπερ
1531 1819 1633 1870 ἡμεῖς
1653 1820 1858 1871 ἕπεγκαλεῒν
1878 1819 1968 1864 ἄξιοι
1985 1821 2269 1872 καθεστήκαμεν,

1239 1894 1271 1916 τι
1284 1894 1362 1921 τους
1373 1878 1457 1928 ἧμιν
1478 1877 1669 1925 ἀνήκοντας
1680 1878 1779 1930 ἔχετε
1792 1880 1821 1918 Γ
1822 1878 1976 1925 ηπαιδας
1987 1909 1997 1927 ,
2013 1879 2271 1932 ἀντέστραπται

1217 1938 1296 1976 καθ’
1323 1938 1425 1986 ἡμῶν
1447 1937 1492 1974 τὰ
1513 1938 1582 1974 τῶν
1608 1935 1855 1987 ἐγκλημάτων.
1873 1936 1997 1988 Ὑμεῖς
2024 1937 2068 1988 μὲ
2070 1953 2088 1976 ν
2112 1938 2181 1991 γὰρ
2210 1954 2269 1978 τον

1220 2047 1350 2088 quando
1377 2047 1487 2080 miseri
1515 2047 1676 2088 cotriguri
1711 2048 1745 2081 et
1774 2047 1901 2089 Utiguri
1912 2072 1922 2089 ,
1950 2057 2034 2090 quos
2059 2049 2226 2083 affirmatis
2251 2059 2270 2082 a

1221 2099 1314 2131 nobis
1335 2100 1495 2140 accepisse
1510 2100 1681 2140 pecunias,
1709 2099 1807 2132 modo
1833 2100 2006 2141 fugientes,
2029 2101 2127 2134 modo
2139 2101 2232 2140 caesi,
2251 2110 2271 2133 a

1220 2153 1332 2184 nostro
1358 2152 1503 2185 exercitu
1524 2151 1655 2184 suntad
1684 2152 1932 2186 internecionem
1948 2162 2053 2195 usque
2078 2153 2186 2187 deleti.
2205 2156 2272 2187 Cur

1221 2203 1318 2243 igitur
1327 2204 1418 2237 vobis
1427 2203 1599 2245 largiemur
1609 2204 1694 2235 bona
1702 2212 1814 2236 eorum
1824 2229 1833 2244 ,
1844 2213 1927 2246 quos
1936 2204 2091 2238 vicimus?
2101 2207 2171 2238 Hoc
2183 2205 2270 2238 enim

1221 2255 1372 2288 abhorret
1386 2264 1404 2287 a
1418 2255 1583 2288 communi
1607 2264 1700 2288 seusu
1713 2280 1723 2295 ‚
1740 2256 1836 2288 simul
1861 2258 1896 2289 et
1912 2257 2060 2297 vincere,
2079 2258 2112 2289 et
2136 2266 2248 2305 eorum
2259 2281 2269 2296 ,

1220 2315 1303 2348 quos
1315 2307 1446 2348 viceris,
1461 2308 1546 2340 bona
1557 2307 1628 2340 aliis
1645 2307 1797 2340 tribuere.
1816 2310 1929 2341 Nonne
1946 2308 2023 2340 satis
2040 2310 2089 2341 est
2100 2333 2110 2349 ‚
2126 2309 2152 2341 si
2170 2309 2270 2342 semel

1222 2360 1281 2392 visi
1302 2369 1414 2393 sumus
1432 2360 1601 2401 prudentia
1620 2360 1787 2392 destituti?
1802 2363 1849 2392 An
1865 2360 1999 2393 censetis
2018 2360 2269 2402 imprudentiam

1219 2411 1312 2444 nobis
1324 2412 1420 2444 etiam
1431 2412 1471 2444 ad
1485 2411 1750 2444 consuetudinem
1763 2411 1952 2444 trahendam
1965 2420 2032 2445 esse
2043 2414 2056 2444 ἱ)
2069 2413 2154 2452 Quid
2171 2413 2270 2454 igitur

1219 2462 1260 2495 de
1273 2463 1436 2496 Usdibado
1451 2464 1624 2496 faciemus?
1637 2463 1771 2496 vobisne
1784 2472 1858 2496 eum
1875 2462 2068 2496 reddemus?
2081 2473 2146 2496 non
2158 2473 2270 2497 sumus

1219 2514 1299 2547 adeo
1319 2515 1484 2548 dementes
1497 2516 1529 2547 et
1541 2515 1667 2555 stolidi,
1683 2516 1722 2547 ut
1737 2515 1846 2547 nostra
1859 2515 2110 2557 profundamus,
2127 2517 2270 2549 maxime

1219 2568 1252 2599 in
1270 2567 1422 2600 barbaros
1441 2570 1474 2600 et
1495 2577 1567 2609 eos,
1593 2568 1649 2609 qui
1666 2569 1785 2601 nostrae
1806 2569 1851 2601 rei
1870 2568 2007 2610 publicae
2028 2569 2138 2610 gravia
2151 2569 2270 2602 damna

1218 2618 1409 2652 intulerunt.
1434 2619 1495 2658 Qui
1515 2620 1601 2651 enim
1628 2619 1867 2660 imperatoriam
1885 2620 2086 2660 majestatem
2107 2621 2185 2653 ante
2209 2629 2270 2652 nos

1218 2670 1471 2711 administravit,
1493 2671 1630 2712 Gepidas
1646 2671 1798 2712 vagantes
1816 2672 1960 2712 excepit,
1975 2672 2008 2704 et
2022 2671 2085 2704 illis
2105 2673 2268 2713 regionem

1218 2722 1304 2754 circa
1317 2722 1489 2763 Sirmium,
1508 2731 1608 2764 quam
1621 2723 1816 2764 incolerent,
1827 2723 2001 2756 distribuit.
2016 2723 2139 2757 Deinde
2153 2727 2268 2757 exorto

1218 2775 1300 2807 inter
1312 2775 1396 2816 ipsos
1408 2776 1441 2807 et
1454 2775 1680 2816 Longobardos
1693 2776 1794 2815 bello,
1808 2777 1901 2809 sociis
1910 2777 2047 2818 nostris,
2063 2778 2101 2809 ut
2112 2785 2169 2818 par
2184 2778 2267 2818 erat,

1218 2835 1311 2867 opem
1324 2826 1475 2866 tulimus,
1501 2827 1534 2858 et
1554 2828 1772 2859 Romanorum
1801 2827 1922 2858 auxilio
1942 2827 2075 2868 Gepidae
2098 2827 2266 2868 vicissent,

1212 2878 1279 2910 nisi
1295 2878 1443 2911 servilem
1460 2877 1602 2909 animum
1622 2877 1847 2918 prodidissent.
1869 2879 1949 2910 Nam
1974 2878 2061 2910 mala
2082 2879 2191 2911 mente
2206 2879 2265 2912 be-

1217 2929 1435 2965 nefactoribus
1461 2929 1528 2961 suis
1550 2929 1655 2961 infesti
1681 2929 1829 2967 fuerunt,
1855 2929 1888 2961 et
1909 2937 1967 2969 pro
1983 2928 2145 2962 beneficiis
2162 2930 2196 2962 in
2211 2939 2266 2963 ees

1217 2982 1341 3015 collatis
1351 2981 1479 3014 insidias
1490 3006 1500 3022 ,
1512 2981 1543 3014 in
1557 2990 1623 3022 quo
1637 2981 1726 3013 nulla
1738 2981 1831 3013 venia
1841 2980 1924 3021 digni
1935 2982 2023 3021 sunt,
2037 2981 2128 3014 nobis
2140 2982 2266 3014 struxe-

1219 3036 1313 3076 runt;
1338 3034 1488 3068 Romanis
1500 3034 1608 3066 tamen
1624 3033 1758 3066 minime
1770 3034 1876 3066 visum
1891 3033 1938 3066 est
1962 3033 2111 3066 homines
2125 3033 2267 3074 ingratos

1218 3089 1381 3131 persequi,
1401 3088 1457 3129 qui
1483 3096 1649 3129 nunquam
1671 3087 1783 3128 dignas
1800 3095 1908 3126 poenas
1935 3095 1996 3127 pro
2023 3086 2162 3128 peccatis
2185 3085 2265 3119 dare

1217 3142 1369 3182 possunt3
1383 3140 1439 3172 sed
1452 3139 1559 3181 potius
1581 3139 1665 3180 pati,
1681 3139 1717 3170 ut
1730 3138 1771 3171 ab
1784 3138 1852 3171 aliis
1868 3137 2011 3170 funditus
2027 3139 2260 3171 everterentur.

1218 3196 1326 3231 Quum
1337 3192 1433 3233 igitur
1445 3200 1511 3224 non
1520 3191 1612 3223 aliter
1626 3199 1660 3223 se
1673 3199 1723 3223 res
1733 3189 1917 3230 liabeant‚si
1932 3189 2024 3222 nobis
2038 3190 2111 3230 jure
2118 3189 2160 3222 de
2170 3189 2264 3222 vobis

1217 3246 1369 3287 conqueri
1381 3245 1474 3285 licet,
1493 3244 1582 3286 quod
1603 3252 1669 3283 eos,
1686 3243 1743 3285 qui
1762 3243 1863 3275 nostri
1882 3243 2004 3283 optimo
2018 3243 2090 3283 jure
2113 3242 2264 3281 fuerunt,

1216 3298 1418 3340 possideatis,
1437 3305 1524 3329 nunc
1539 3305 1558 3328 a
1574 3295 1666 3328 vobis
1677 3294 1789 3327 eadem
1805 3295 1838 3326 in
1856 3303 1915 3326 nos
1932 3295 2170 3335 retorquentur.
2197 3296 2264 3326 Vos

1216 3352 1300 3386 euim
1319 3347 1535 3388 Usdibadum,
1551 3355 1608 3380 uos
1626 3346 1780 3388 Gepidas,
1797 3346 1855 3387 qui
1875 3346 1988 3387 reliqui
2012 3349 2106 3387 sunt,
2135 3354 2155 3378 a
2173 3344 2265 3378 vobis

1219 3402 1399 3444 repetimus.
1421 3400 1546 3433 Etenim
1571 3406 1630 3432 nos
1649 3398 1783 3432 Romani
1807 3397 1848 3430 ab
1870 3397 1961 3430 inuio
1978 3398 2010 3430 et
2028 3396 2069 3430 ab
2096 3396 2185 3430 omni
2202 3395 2260 3428 lio-
