2372 3704
206 227 227 242 u

109 254 183 287 348

150 338 211 374 Ad
229 339 378 374 Persica
395 338 535 375 referre
555 339 664 387 licet,
695 339 725 374 si
745 340 897 375 Batonis
923 346 1030 384 sunt,
1055 352 1136 387 quae

94 397 271 445 leguntur
291 398 394 446 apud
410 395 643 446 Stephanum
656 399 745 445 Byz.
770 410 779 435 :
801 396 881 440 Διὸς
894 395 992 439 πόλις
1003 426 1013 444 ,
1028 399 1050 443 ἠ
1072 412 1136 447 με-

93 455 186 505 γάλη
219 454 317 499 πόλις
348 458 409 502 τῆς
442 455 638 506 Αἰγυπτίας
677 451 856 501 Θηὸαίδος
868 485 877 502 ,
910 458 932 502 ἠ
967 455 1137 506 λεγομένη

94 513 381 563 Ἑκατόμπυλος,
402 513 536 564 κτίσυα
557 513 732 566 Ὀσίριδος
749 529 808 551 και
830 512 967 557 ’.Ισιδος
993 514 1082 567 Πρὶν
1104 514 1138 552 δε

94 571 159 610 ὑπὸ
179 573 326 623 Περσῶν
349 573 600 624 ἀφανισθῆναι,
623 572 707 625 φησι
729 571 907 622 Κάτων,
935 571 987 610 ὅτι
1015 572 1139 625 μυρίας

92 631 288 683 τρισχιλίας
311 631 433 680 κώμας
464 635 536 683 εἶχε
567 631 627 668 καὶ
646 633 871 683 τριάκοντα,
888 630 1079 684 ἀνθρώπων
1103 631 1138 668 δὲ

96 690 301 741 μυριάδας(
287 689 516 737 επτακοσίας,
532 691 685 742 ἀρουρων
698 689 732 727 δὲ
752 689 856 727 τόπον
875 689 1139 741 μεμετρημένον

95 748 296 800 τρισχιλίων
317 748 376 786 καὶ
393 748 621 795 ἑπτακοσίων,
639 748 761 786 ἑκατὸν
781 747 817 786 δὲ
837 748 951 791 πύλας
972 749 1136 786 διακεκο-

93 806 294 857 σμημένας,
317 809 525 859 τετρακόσια
543 808 667 844 στάδια
685 807 724 845 τὸ
749 809 871 856 μ’ἧκος.
893 809 952 844 lbi
971 821 1043 857 pro
1064 805 1142 845 Κά-

93 881 162 904 των
174 867 417 903 scribendum
433 879 510 902 esse
526 865 648 903 Βάτων
664 867 824 913 conjecit
838 867 964 902 Ebert.
986 867 1025 901 in
1040 867 1137 902 Diss.

93 927 167 964 Sic.
191 939 230 975 p.
253 931 316 974 94.
330 926 471 961 Eadem
490 926 667 974 leguntur
687 926 724 960 in
742 925 894 960 scholiis
913 925 959 961 ad
981 925 1089 962 Iliad.
1113 938 1141 969 ι,

95 984 169 1021 383
181 1013 192 1034 ,
214 986 279 1020 ubi
299 986 390 1020 item
405 984 583 1026 laudatur
600 981 743 1020 Κάτων.

173 1101 295 1139 ΠΕΡΙ
325 1100 430 1138 ΤΩΝ
461 1099 525 1137 ΕΝ
555 1100 726 1153 ΕΦΕΣῼ
758 1099 1056 1138 ΤΥΡΑΝΝΩΝ.

603 1211 637 1235 1.

146 1289 347 1324 Athenaeus
364 1289 447 1332 VII,
466 1301 503 1336 p.
520 1287 611 1336 289,
628 1288 668 1333 C,
687 1287 732 1323 de
747 1288 961 1323 Menecrate
977 1288 1144 1335 Syracu-

93 1359 184 1383 sano
215 1347 387 1391 medico,
416 1349 481 1394 qui
504 1348 630 1382 lovem
667 1359 705 1382 se
738 1347 890 1382 dicebat
920 1344 1042 1388 :Tobg
1061 1348 1143 1395 γοῦν

94 1404 386 1456 θεραπευομένους
406 1406 464 1441 ὑπ’
494 1405 597 1441 αὐτοῦ
623 1402 684 1446 τὰς
717 1403 811 1453 ἱερὰς
843 1402 1059 1453 καλουμένας
1088 1402 1143 1440 νό-

94 1479 173 1506 σους
185 1493 197 1514 ,
215 1462 473 1515 συγγράφεσθαι
486 1463 694 1512 ἠνάγκαζεν,
709 1462 761 1500 ὅτι
775 1461 1033 1500 ὑπακούσονται
1048 1462 1143 1513 αὐτῷ

94 1523 209 1560 δουλοι
227 1521 486 1575 περισωθέντες
513 1521 585 1560 Καὶ
603 1521 814 1566 ἠκολούθουν
837 1523 855 1559 ὃ
874 1520 935 1570 μέν
960 1537 1011 1563 τις
1028 1520 1144 1571 ‘lipot-

94 1580 214 1624 κλέους
231 1579 358 1626 σκευὴν
389 1579 492 1631 ἔχων,
514 1579 572 1618 καὶ
595 1578 807 1629 καλούμενος
833 1578 1013 1630 Ἡρακλῆς
1046 1579 1142 1629 (Νι-

94 1639 282 1692 κόστρατος
302 1641 331 1676 δ’
352 1655 393 1686 ην
411 1642 525 1685 οὗτος,
558 1640 575 1676 ὁ
595 1638 709 1690 Ἀργε
698 1653 768 1687 ιος,
799 1637 894 1689 ἱερὰν
923 1637 1022 1675 νόσον
1040 1642 1075 1676 θε
1061 1653 1141 1689 ερα-

95 1698 245 1741 πευθείς.
265 1696 486 1748 Μνημονεύει
506 1697 535 1735 δ’
557 1699 670 1735 αὐτων
686 1695 894 1749 ''Ezpwtrtoc'
879 1712 914 1734 εν
937 1697 1139 1748 Πελταστῇ,

94 1757 205 1808 λέγων
224 1751 290 1795 ὡδε
304 1755 313 1780 .‘

183 1857 232 1888 Οὐ
246 1856 441 1897 Μενεκράτης
461 1856 514 1897 μὲν
532 1856 664 1896 ἔφασκεν
679 1855 757 1886 εἶναι
769 1854 841 1890 Ζεὺς
853 1853 935 1893 θεὸς,

179 1903 389 1944 Νικόστρατος
403 1904 429 1934 δ’
440 1905 558 1944 ἁργεῖος
568 1927 576 1942 ,
593 1903 692 1943 ἕτερος
706 1902 860 1943 Ἡρακλῆς
875 1902 884 1935 l
898 1912 905 1918 ·

96 1996 199 2040 ἄλλος
219 1995 256 2034 δέ
269 2011 335 2043 τις,
355 1997 401 2038 ὡς
415 1994 573 2047 εΕρμῆς,
595 1994 748 2046 χλαμύδ’
765 1996 853 2046 ἔχων
871 1993 930 2031 καὶ
945 1993 1141 2045 κηρύκειον,

95 2055 180 2108 πρὸς
196 2057 231 2093 δὲ
251 2054 381 2098 τούτοις
398 2054 509 2107 πτερά
522 2070 530 2078 ·
545 2056 591 2098 ὡς
608 2058 626 2092 ὃ
642 2054 802 2100 Ζελείτης
819 2052 1031 2105 Νικαγόρας,
1053 2055 1070 2089 ὃ
1084 2052 1143 2090 καὶ

95 2119 155 2162 τῆς
190 2114 355 2166 πατρίδος
384 2113 624 2166 τυραννήσας,
650 2115 696 2156 ὡς
718 2115 849 2164 ἱστορεῖ
869 2112 992 2151 Βάτων
1011 2114 1044 2150 ἐν
1066 2116 1138 2154 τοῖς

503 2241 729 2280 PERSICA.

600 2325 632 2356 1.

137 2386 305 2426 Diospolis,
323 2386 465 2417 maxima
476 2386 529 2417 illa
539 2386 615 2417 urbs
625 2385 795 2417 Thebaidis
806 2385 838 2416 in
852 2387 1082 2427 AEgypto,ssqum
1091 2393 1143 2416 vo-

95 2440 185 2469 catur
203 2438 467 2477 llecatompylus,
482 2440 619 2469 eentum
631 2439 741 2478 porlis'
757 2439 930 2469 instructa
941 2460 949 2475 ,
964 2437 1004 2469 ab
1019 2437 1145 2469 osiride

95 2492 128 2521 et
145 2489 225 2521 lside
242 2488 370 2519 condita
391 2491 451 2519 est.
469 2491 649 2528 Antequam
669 2497 687 2519 a
714 2490 815 2520 Persis
831 2489 1023 2528 dirueretur,
1043 2490 1144 2521 Baton

93 2541 138 2573 ait
150 2540 297 2572 habuisse
310 2549 380 2572 eam
394 2540 537 2571 vicorum
552 2540 706 2571 tredecim
721 2541 820 2572 millia
834 2543 865 2573 et
879 2541 1008 2580 triginta
1019 2565 1028 2580 ‚
1043 2541 1145 2572 homi-

94 2602 172 2624 num
197 2592 394 2632 septingenta
410 2592 526 2631 millia,
550 2592 615 2632 agri
638 2591 771 2623 dimensi
795 2592 908 2631 jugera
924 2593 984 2624 tria
999 2593 1098 2624 millia
1114 2594 1146 2624 et

94 2646 291 2686 septingenta
303 2668 312 2684 ,
336 2646 464 2676 centum
481 2646 588 2684 portas
612 2645 733 2685 egrQie
749 2645 936 2683 instructas,
955 2647 986 2677 et
1011 2645 1145 2685 quadra-

94 2699 180 2739 ginta
195 2697 297 2730 stadia
311 2697 522 2738 longitudinis.

246 2785 315 2823 DE
342 2785 445 2824 EPH
452 2784 680 2825 ESlORUM
710 2785 990 2825 TYRANle.

605 2881 637 2914 1.

138 2942 333 2973 Menecrates
349 2942 565 2982 Syracusanus
578 2950 633 2974 eos
649 2951 729 2983 quos
745 2950 763 2973 a
779 2942 876 2974 sacris
898 2941 1019 2974 morbis
1037 2949 1145 2973 curas-

96 2994 161 3032 set,
176 2993 295 3033 scripto
310 3001 423 3024 cavere
439 2994 559 3034 coegit,
574 2994 850 3034 obtemperaturos
863 3002 898 3026 se
913 2993 958 3025 illi
973 3002 1145 3034 servosque

99 3046 239 3084 futuros,
271 3045 326 3076 ubi
354 3046 601 3078 convaluissent.
632 3046 918 3088 sequebantur-que
944 3055 1036 3084 eum,
1065 3046 1146 3078 alius

99 3097 242 3128 Herculis
258 3097 366 3128 habitu
385 3097 516 3129 indutus
534 3099 566 3129 et
581 3099 744 3130 Hercules
765 3097 1008 3139 cognominatus
1030 3098 1144 3140 (Nico·

97 3149 216 3179 stratus
229 3148 254 3179 is
270 3148 331 3179 fuit
347 3148 479 3188 Argivus
490 3173 498 3187 ,
511 3157 601 3180 sacro
614 3150 727 3181 morbo
741 3150 913 3189 liberatus3
927 3150 1018 3189 cujus
1031 3151 1145 3182 memi-

98 3198 145 3231 nit
161 3199 325 3239 Ephippus
338 3199 369 3230 in
388 3200 524 3231 Peltaste
535 3223 543 3238 ‚
558 3200 606 3232 his
619 3201 724 3233 verbis
741 3215 746 3233 :

169 3292 275 3319 Nonne
291 3292 473 3318 Menecrates
485 3289 574 3318 deum
590 3293 695 3319 Jovem
715 3299 746 3320 se
759 3300 820 3321 esse
833 3293 966 3327 dicebat3

169 3337 354 3364 Nicostratus
366 3343 440 3364 vero
454 3337 582 3371 Argivus
593 3357 602 3370 ‚
619 3337 746 3365 alterum
760 3346 790 3366 se
805 3339 986 3368 Herculem?
998 3340 1019 3375 3,

98 3415 179 3446 alius
201 3423 278 3446 vero
302 3413 451 3446 Mercurii
477 3414 608 3453 habitu,
635 3416 835 3456 chlamydem
861 3419 987 3456 gestans
1003 3420 1035 3450 et
1051 3419 1146 3458 caduff

98 3475 190 3498 ceum
215 3465 406 3506 insuperque
422 3465 487 3497 alas
495 3476 505 3506 3
531 3466 575 3498 sie
596 3467 709 3500 Zelites
726 3468 910 3510 Nicagoras,
928 3469 952 3501 is
972 3470 1025 3510 qui
1049 3471 1144 3503 eiiam

894 249 1113 290 BATONIS
1142 249 1439 290 SINOPENSIS

1197 339 1286 389 Περὶ
1297 340 1363 375 τῶν
1379 340 1412 376 ἐν
1431 338 1570 391 Ἐφέσῳ
1583 339 1769 391 τυράννων.
1787 343 1842 378 De
1856 344 2040 391 Nicagora
2053 345 2099 382 cs.
2115 345 2233 383 Clem.

1198 399 1302 434 Alex.
1321 399 1510 447 Protrept.
1535 413 1572 448 p.
1594 400 1644 443 {38
1663 402 1758 436 Pott.

1703 484 1737 509 2.

1252 533 1385 569 Suidas
1408 545 1416 570 :
1444 532 1650 583 Πυθαγόρας
1679 534 1861 586 ’[ἐφέσιος,
1883 534 2083 578 καταλύσας
2104 537 2147 573 δι’
2163 538 2239 575 ε’πι-

1200 587 1326 635 ὅουλης
1345 589 1407 636 τὴν
1429 593 1496 628 τῶν
1524 593 1654 629 Βασιλε
1659 593 1736 630 ιδῶν
1765 592 1983 643 καλουμένην
2010 593 2139 646 ἀρχὴν,
2161 598 2240 632 ἀνε-

1200 647 1289 699 φάνη
1311 663 1349 686 τε
1365 647 1528 699 τύραννος
1550 649 1776 702 πικρότατος,
1808 651 1867 689 καὶ
1887 667 1936 689 τω
1966 668 2009 702 με
1995 650 2028 689 ἓν
2048 652 2150 705 δήμῳ
2178 653 2238 692 καὶ

1200 708 1243 755 τῇ
1260 701 1432 753 πληθύι
1411 723 1452 754 ην
1472 723 1507 745 τε
1525 724 1585 746 και
1605 709 1714 747 εδόκει
1733 710 1999 762 κεχαρισμένος,
2021 709 2095 761 ἅμα
2115 711 2159 749 τὰ
2179 712 2252 762 μὲν

1200 764 1322 807 αὐτους
1339 764 1533 810 ἐπελπίζων
1563 766 1806 818 ὑποσχέσεσιν,
1825 767 1868 805 τὰ
1885 767 1954 805 δὲτ
1940 768 2157 821 υποσπείρων
2178 771 2241 807 αὖ·

1200 823 1268 866 τοῖς
1289 822 1389 875 ὀλίγα
1407 823 1532 875 κέρδη·
1555 824 1632 868 τούς
1651 841 1690 876 γε
1709 825 1805 875 μὴν’
1790 843 1824 865 εν
1843 826 1968 870 ἀξιωσε
1954 842 1982 863 ει
1999 842 2035 864 τε
2055 827 2114 865 καὶ
2134 827 2241 866 δυνά-

1202 896 1258 929 μει
1279 883 1472 934 περισυλῶν
1502 883 1562 921 καὶ
1591 883 1750 933 δημεύων
1771 886 1921 938 φορητὸς
1946 885 2082 937 οὐδαμὰ
2101 888 2238 938 οὐδαμῆ

1201 955 1257 986 ην.
1281 940 1353 979 Καὶ
1381 940 1530 978 κολάσαι
1557 940 1591 979 δὲ
1620 941 1812 993 πικρότατα
1834 945 1895 982 οὐκ
1923 942 2015 981 ἄν’
1991 960 2146 992 ωκνησε,
2178 947 2238 983 καὶ

1202 998 1431 1051 ἀφειδέστατα
1452 1000 1654 1038 ἀποκτεῖναι
1676 1000 1772 1038 οὐδὲν
1794 1003 2010 1046 ἀδικουντας·
2041 1005 2073 1041 3
2060 1002 2244 1051 ζελύττησε

1201 1057 1268 1110 γὰρ
1286 1059 1332 1101 εἷς
1350 1074 1462 1096 ταυτα
1483 1058 1567 1131 ἔρως
1590 1074 1640 1102 τις
1657 1059 1848 1111 χρημάτων
1866 1062 2031 1113 ἄμετρος·
2049 1061 2109 1100 καὶ
2123 1062 2243 1101 διαδο-

1203 1116 1279 1159 λαῖς
1294 1121 1368 1159 ταῖς
1389 1118 1435 1160 εἷς
1458 1115 1536 1159 τους
1567 1116 1750 1161 πλουσίους
1775 1119 2018 1168 ἓκριπισθῆναι
2035 1119 2246 1172 κουφότατος

1202 1177 1259 1220 ἠν.
1279 1174 1477 1226 Απέχρησε
1499 1175 1562 1225 μὲν
1590 1179 1648 1213 οὖν
1676 1175 1735 1214 καὶ
1752 1180 1862 1214 ταῦτα
1877 1176 1918 1215 ἂν
1938 1177 2088 1216 κάκιστα
2109 1178 2245 1231 ἀνθρώ-

1203 1247 1277 1270 πων
1305 1232 1475 1270 ἀπολέσαι
1507 1231 1632 1271 αὐτόν·
1664 1233 1730 1280 ἤδη
1751 1233 1786 1271 δὲ
1786 1234 1865 1294 Νκαι
1884 1251 1944 1273 του
1961 1235 2052 1274 θείου
2071 1237 2246 1290 κατεφρό-

1203 1306 1266 1331 νει.
1286 1292 1367 1329 Ἰων
1382 1295 1463 1342 γοῦν
1477 1292 1751 1343 προειρημένων,
1772 1296 1820 1336 οῖς
1839 1293 1998 1340 ἐπέθετο,
2018 1294 2246 1344 παμπόλλους

1205 1351 1239 1387 ἓν
1258 1354 1326 1392 τοῖς
1344 1354 1436 1392 ναοῖς
1465 1348 1655 1387 ἀπέκτεινε·
1674 1351 1744 1394 ἑνὸς
1768 1351 1803 1388 δὲ
1819 1350 1880 1397 τὴν
1898 1351 2070 1404 θυγατέρα
2089 1367 2247 1406 καταφυ-

1204 1410 1332 1458 γοῦσαν
1362 1409 1408 1451 εἷς
1438 1407 1478 1445 τὸ
1497 1407 1586 1460 ἱερὸν
1607 1410 1804 1456 ἀναστῆσαι
1825 1410 1888 1460 μὲν
1907 1410 2014 1457 αὐτὴν
2040 1411 2160 1463 βιαίως
2185 1414 2246 1451 οὐκ

1206 1466 1418 1516 ἐτόλμησεν,
1451 1469 1579 1518 συνεχῆ
1605 1466 1641 1504 δὲ
1659 1468 1816 1519 φυλακὴν
1843 1468 2033 1516 ἐπιστήσας
2056 1468 2246 1522 ἐξετρύχω-

1205 1540 1261 1562 σεν
1284 1524 1352 1575 ἄρα
1371 1526 1403 1567 ἐς
1429 1529 1607 1572 τοσοῦτον,
1635 1528 1680 1569 ὡς
1712 1526 1830 1578 βρόχῳ
1858 1527 1920 1573 τὴν
1941 1526 2046 1580 κόρην
2067 1527 2124 1566 τὸν
2143 1529 2245 1578 λιμὸν

1205 1584 1410 1634 ἀποδρᾶναι.
1427 1585 1564 1622 Οὐκοῦν
1585 1584 1798 1631 ἠκολούθησε
1815 1585 1965 1635 δημοσία
1985 1585 2082 1629 νόσος
2097 1587 2156 1624 καὶ
2168 1601 2246 1639 τρο·

1205 1645 1277 1694 φῶν
1305 1641 1453 1693 ἀπορία·
1479 1641 1539 1679 καὶ
1556 1642 1711 1681 σαλεύων
1744 1646 1761 1681 ὃ
1789 1644 1993 1696 Πυθαγόρας
2020 1643 2105 1697 ὑπὲρ
2122 1646 2246 1684 ἑαυτοῦ

1205 1701 1250 1744 εἷς
1275 1700 1427 1753 Δελφούς
1455 1700 1661 1751 ἀπέστειλε,
1692 1717 1752 1739 και
1787 1701 1863 1754 ᾔτει
1894 1702 1991 1740 λύσιν
2017 1704 2085 1740 τῶν
2114 1705 2245 1740 κακῶν.

1204 1758 1248 1798 Ἥ
1269 1758 1304 1796 δὲ
1320 1758 1383 1812 ἔφη
1398 1788 1408 1805 ,
1429 1760 1512 1797 νεὼν
1531 1761 1726 1806 ἀναστησαι
1744 1761 1921 1806 καικηδε’“’
1903 1776 1982 1798 υσαι
1999 1777 2074 1804 τους
2091 1762 2243 1814 νεκρούς.

1204 1811 1276 1856 Ἤν
1295 1818 1331 1855 δὲ
1352 1832 1421 1869 προ
1439 1817 1556 1869 Κύρου
1573 1834 1633 1856 του
1655 1818 1710 1857 Πέ
1695 1834 1814 1870 =pc,ou
1836 1819 1881 1862 ὥς
1898 1834 1981 1870 φησι
2000 1819 2135 1858 Βάτων.

1259 1879 1360 1914 Finis
1370 1890 1440 1913 nal
1441 1879 1595 1914 rationis
1607 1879 1855 1916 desideratur.
1873 1879 2030 1916 suidam
2045 1880 2124 1915 haee
2139 1881 2248 1916 Bato-

1204 1937 1262 1972 nis
1278 1949 1323 1973 ex
1347 1937 1547 1985 deperdito
1561 1938 1661 1972 libro
1675 1938 1811 1973 AEliani
1826 1939 1882 1973 De
1894 1938 2138 1986 providentia
2153 1951 2248 1973 sum-

1204 1997 1316 2044 psisse
1335 1996 1548 2044 suspicatur
1579 1997 1750 2041 Kiister„
1780 1995 2049 2032 accedentibus
2078 1997 2247 2045 Toupio,

1204 2054 1466 2098 Valckenario,
1477 2054 1738 2101 Bernhardyo.
1750 2075 1802 2082 —
1813 2053 2049 2104 Βασιλειδῶν]
2067 2055 2172 2103 Vulg.
2184 2056 2248 2105 βα·

1207 2110 1361 2158 σιλίδων,
1391 2124 1431 2149 v,
1466 2111 1643 2149 Dindorf.
1677 2113 1718 2147 in
1746 2113 1877 2161 Steph.
1912 2113 2022 2150 Thes.
2060 2125 2090 2150 s,
2120 2125 2158 2149 v,
2189 2113 2245 2152 Cf.

1206 2221 1407 2260 tyrannidem
1431 2229 1498 2252 suae
1526 2221 1637 2261 patriae
1662 2222 1891 2261 occupaverat,
1916 2222 1953 2253 ut
1972 2220 2069 2254 tradit
2090 2222 2192 2253 Baton
2216 2222 2248 2254 in

1204 2272 1292 2304 libris
1307 2274 1354 2304 De
1371 2272 1577 2312 Ephesiorum
1591 2272 1744 2312 tyrannis.

1709 2328 1744 2359 2.

1246 2383 1440 2422 Pythagoras
1468 2382 1642 2423 Ephesius,
1662 2390 1772 2414 everso
1797 2390 1853 2422 per
1870 2381 1998 2414 insidias
2022 2382 2169 2421 illorum,
2192 2383 2247 2423 qui

1206 2435 1348 2466 Basilidae
1359 2434 1567 2472 vocabantur,
1582 2434 1714 2474 imperio
1722 2436 1875 2474 tyrannus
1885 2434 2106 2466 acerbissimus
2114 2435 2247 2467 exstitit.

1205 2488 1245 2518 et
1261 2487 1346 2527 apud
1366 2486 1519 2527 populum
1533 2486 1661 2527 quidem
1681 2488 1713 2518 et
1734 2485 1973 2518 multitudinem
1987 2487 2019 2517 et
2032 2487 2100 2518 erat
2116 2487 2148 2519 et
2165 2486 2248 2519 vide·

1205 2538 1299 2570 batur
1314 2539 1489 2579 gratiosus,
1507 2541 1572 2570 tam
1596 2538 1877 2579 pollicitationibus
1895 2547 1982 2579 spem
1998 2538 2126 2570 illorum
2143 2539 2249 2579 alens,

1204 2600 1301 2630 quam
1318 2591 1439 2630 exiguis
1452 2591 1574 2622 lucellis
1585 2599 1639 2622 eos
1656 2591 1817 2629 inescans3
1835 2591 1919 2622 viros
1931 2591 2041 2621 autem
2054 2590 2207 2631 dignitate
2219 2593 2252 2623 et

1204 2642 1392 2673 auctoritate
1405 2642 1591 2681 conspicuos
1606 2641 1799 2673 intolerabili
1811 2641 1951 2682 quodam
1969 2641 2065 2673 modo
2077 2642 2251 2682 spoliabat,

1205 2693 1352 2733 bonaque
1360 2702 1470 2725 eorum
1481 2693 1674 2734 publicabat.
1685 2694 1731 2726 Ad
1740 2694 1808 2725 haec
1823 2694 1966 2725 homines
1977 2693 2252 2726 innocentissimos

1205 2745 1404 2776 acerbissime
1415 2745 1527 2785 punire
1535 2746 1566 2777 et
1577 2745 1793 2777 crudelissime
1806 2745 1982 2776 interlicere
1995 2754 2058 2776 non
2072 2745 2250 2784 dubitabat,

1206 2797 1285 2828 nulli
1309 2806 1462 2837 parcens:
1482 2797 1522 2828 ad
1540 2806 1611 2828 eam
1632 2798 1716 2829 enim
1740 2797 1860 2828 rabiem
1880 2797 2087 2829 immoderata
2109 2797 2252 2838 pecuniae

1205 2849 1360 2888 cupiditas
1370 2850 1532 2881 hominem
1547 2850 1743 2890 impellebat3
1757 2851 1788 2882 et
1798 2850 1966 2881 calumniis
1978 2849 2129 2881 adversus
2137 2850 2252 2882 divites

1207 2900 1296 2931 facile
1309 2900 1546 2932 incendebatur.
1566 2902 1679 2940 ltaque
1691 2902 1741 2932 vel
1762 2901 1847 2932 hisce
1860 2901 1963 2932 causis
1974 2900 2100 2932 abunde
2115 2908 2252 2933 comme-

1205 2952 1336 2990 ruisset,
1350 2954 1387 2983 ut
1403 2953 1536 2992 pessime
1549 2953 1691 2984 omnium
1705 2953 1888 2984 mortalium
1900 2953 2025 2992 periret.
2040 2952 2101 2984 Sed
2114 2951 2252 2984 addebat

1203 3005 1299 3036 etiam
1321 3004 1420 3036 divini
1439 3005 1577 3036 numinis
1601 3006 1834 3045 contemptum.
1862 3006 1943 3036 Nam
1973 3004 2092 3036 multos
2117 3013 2226 3036 eorum
2241 3029 2249 3044 ‚

1204 3065 1285 3097 quos
1298 3056 1328 3087 vi
1343 3056 1523 3096 opprimere
1546 3056 1741 3095 conabatur,
1755 3057 1792 3088 ut
1804 3055 1945 3087 diximus
1955 3079 1964 3095 ,
1978 3055 2010 3086 in
2033 3054 2108 3095 ipsis
2122 3055 2250 3096 templis

1206 3107 1374 3140 interfecit.
1416 3107 1592 3147 Cuiusdam
1622 3108 1732 3139 autem
1772 3107 1887 3146 filiam,
1917 3115 1992 3147 quae
2028 3106 2062 3138 in
2090 3107 2248 3147 templum

1205 3159 1408 3199 confugerat,
1428 3158 1459 3189 vi
1473 3158 1601 3198 quidem
1615 3158 1798 3190 abstrahere
1813 3167 1877 3190 non
1889 3158 1937 3190 est
1948 3165 2063 3197 ausus,
2082 3157 2136 3189 sed
2150 3157 2250 3189 collo-

1204 3210 1283 3242 catis
1295 3211 1369 3242 ante
1386 3210 1468 3241 fores
1481 3209 1680 3250 custodibus,
1695 3209 1832 3249 puellam
1846 3209 1930 3240 same
1943 3208 2121 3240 consectam
2135 3209 2250 3248 laqueo

1205 3262 1305 3293 vitam
1323 3261 1413 3292 finire
1426 3260 1539 3300 coegit.
1551 3262 1666 3300 ltaque
1687 3260 1815 3300 publica
1827 3260 1895 3292 lues
1916 3261 1945 3292 et
1970 3268 2104 3291 annonae
2117 3261 2251 3300 penuria

1204 3314 1374 3345 consecuta
1387 3314 1444 3344 est.
1464 3312 1656 3353 Pythagoras
1672 3312 1780 3343 autem
1794 3311 1834 3343 de
1852 3320 1909 3343 sua
1921 3311 2024 3343 salute
2039 3311 2153 3342 anxius
2174 3310 2249 3343 Del·

1204 3366 1284 3407 phos
1301 3365 1387 3397 misit
1412 3365 1586 3397 remedium
1605 3364 1764 3396 malorum
1779 3366 1897 3404 petens.
1917 3364 1978 3396 cui
1995 3364 2074 3396 deus
2090 3363 2252 3404 respondit

1204 3418 1360 3458 templum
1377 3426 1443 3449 esse
1453 3417 1656 3449 condendum
1673 3418 1705 3449 et
1720 3425 1829 3448 manes
1851 3418 2052 3448 mortuorum
2070 3415 2248 3457 placandos.

1207 3471 1279 3504 Fuit
1297 3472 1403 3503 autem
1417 3472 1490 3503 aute
1507 3472 1625 3510 Cyrum
1641 3472 1780 3511 Persam,
1802 3471 1835 3502 ut
1852 3469 1895 3502 ait
1911 3471 1999 3502 Bato.
