2372 3704
80 267 152 300 354

78 350 211 395 διδάξαι
231 350 362 397 ταύτην
375 349 523 400 ’Ὕαγνιν
545 349 602 388 τὸν
622 348 793 403 Μαρσύου
813 349 962 402 πατέρα.
984 354 1124 388 Verum

77 412 138 446 hic
155 412 248 446 nihil
260 411 306 447 de
321 412 460 446 Bor-mo
474 411 552 446 sive
569 411 730 457 Batyno,
751 410 818 457 qui
832 410 923 445 olim
938 417 1026 458 post
1042 410 1126 446 Μα-

80 467 255 520 ριανδυνὸν
277 470 459 506 excidisse
489 469 653 505 videtur.
685 470 874 517 Integram
902 469 1126 504 sententiam

78 528 282 565 Callistrati
301 528 408 564 dabit
433 529 568 564 Pollux
597 539 604 563 :
629 524 788 577 Βώριμος
809 526 844 563 δὲ
873 525 1126 575 Μαριανδυνῶν

77 587 239 636 γεωργῶν
256 579 376 638 ᾆσμα,
396 587 441 628 ὡς
463 583 666 635 Αἰγυπτίων
686 582 875 635 Μανέρως,
896 582 954 620 καὶ
978 581 1127 633 Λιτυέρ-

79 657 141 686 σας
152 645 351 695 Φρυγῶν...
372 642 416 682 Ὁ
437 641 473 680 δὲ
499 643 659 695 Βώριμος
678 635 720 687 ἧν
741 640 859 680 Ἰόλλα
878 642 923 690 (l.
946 639 1127 692 Πριόλας)

77 701 138 738 καὶ
157 702 403 754 Μαριανδυνοῦ
423 700 591 753 ἀδελφὸς,
616 699 753 739 Οὐπίου
774 700 823 750 (l.
855 697 1000 749 Τιτίου)
1025 701 1126 750 βασι-

77 759 165 803 λέως
192 765 287 803 παῖς.
317 763 375 797 De
394 762 527 796 mortis
557 771 671 796 causa
691 760 799 795 aliter
826 759 1011 807 Nymphis
1040 759 1065 795 l.
1097 758 1124 796 l.

79 820 194 866 Quod
223 820 271 855 de
300 819 550 867 Mariandyno
569 825 655 867 post
675 826 827 853 mortem
848 815 988 863 fratris
1017 817 1128 852 aulo-

79 877 181 913 diam
202 879 447 914 threneticam
477 878 671 913 excolente
700 883 738 912 et
761 876 942 924 magistro
964 875 1131 923 Hyagnis

78 935 193 972 affert
209 937 328 972 schol.
350 936 536 983 AEschyli,
556 936 595 970 in
614 947 678 970 sua
704 934 894 969 transtulit
917 933 1132 969 Eustathius

78 994 127 1029 ad
143 995 256 1032 Dion.
274 995 420 1042 Perieg.
439 1007 479 1031 v,
498 993 589 1039 787,
604 1005 645 1040 p.
661 991 709 1028 25
720 1005 734 1027 1
749 992 812 1030 ed.
829 991 1062 1039 Bernhardy.
1077 1011 1132 1019 —

78 1051 254 1087 Ceterum
273 1052 422 1102 Βῶρμον
439 1063 582 1086 nomen
599 1052 640 1085 in
657 1050 738 1085 aliis
755 1049 830 1084 hoc
857 1061 974 1098 genus
993 1048 1130 1084 fabulis

79 1107 155 1143 dici
174 1109 293 1159 Βῶρον
323 1109 455 1144 monui
485 1108 534 1143 ad
562 1108 698 1157 fragm.
723 1107 959 1156 Chronolog.
987 1118 1029 1154 p.
1056 1109 1129 1152 174

78 1177 135 1213 sq.
160 1167 333 1201 Nominis
358 1167 456 1201 ratio
483 1167 588 1201 latet.
611 1167 738 1212 Quum
757 1172 885 1201 tamen
905 1171 942 1200 et
961 1164 1132 1200 Priolaus

80 1229 118 1258 et
133 1224 247 1259 Titias
263 1231 301 1259 et
322 1223 592 1271 Mariandynus
617 1230 654 1259 et
669 1223 824 1271 Cyzicus
840 1235 886 1259 ex
905 1223 1061 1258 urbium
1095 1228 1133 1258 et

77 1282 278 1329 regionum
305 1282 524 1317 nominibus
553 1281 632 1318 ficti
654 1283 740 1326 sint,
771 1282 890 1317 simile
910 1281 1004 1329 quid
1020 1281 1132 1316 sube-

79 1341 131 1376 rit
159 1342 261 1376 Boro
288 1353 317 1378 s.
338 1342 495 1379 Bormo.
516 1341 671 1391 Βωρεῗς,
693 1341 848 1376 tribules
874 1339 995 1375 tribus
1022 1339 1130 1387 Cyzi-

81 1411 181 1434 cenae
200 1400 240 1434 in
253 1401 372 1434 Inscr.
397 1400 520 1447 CyziC.
542 1412 604 1447 ap.
628 1400 785 1447 Caylum
799 1400 951 1434 Recueil
961 1399 990 1433 d
995 1400 1129 1446 'Antiq.

79 1459 204 1504 egypt.
227 1458 245 1492 I
260 1484 270 1502 ,
293 1469 332 1502 2,
351 1459 407 1508 pl.
438 1457 502 1493 60.
524 1458 641 1507 Βῶρον
671 1457 797 1505 Lydiae
815 1458 952 1492 urbem
971 1469 1017 1492 ex
1035 1457 1127 1492 Lex.

81 1516 271 1563 Septemv.
292 1516 402 1551 affert
421 1515 599 1553 Dindorf.
615 1517 654 1550 in
670 1516 847 1563 Stephan.
866 1516 976 1552 Thes.
992 1528 1029 1550 v.
1053 1515 1134 1551 Βῶ-

83 1586 134 1622 ροι
151 1575 239 1611 coll.
257 1587 294 1610 v.
313 1571 463 1624 Βωρεύς.
482 1594 533 1600 -
551 1575 607 1609 De
625 1575 818 1610 cantilenis
837 1574 915 1609 istis
933 1573 996 1608 adi
1011 1573 1130 1611 Bode.

80 1633 176 1667 Hist.
190 1645 295 1680 poes.
319 1633 384 1669 Gr.
411 1639 504 1669 tom.
530 1633 585 1678 ΙΙ,
603 1644 644 1680 p.
662 1644 711 1680 92
733 1644 815 1679 sqq.

596 1725 632 1747 2.

137 1783 266 1822 Schol.
287 1782 412 1831 Apoll.
430 1782 560 1820 Rhod.
581 1783 621 1827 Ι,
657 1781 756 1818 1126
781 1795 790 1818 :
815 1779 1079 1832 Καλλίστρατος
1099 1779 1135 1818 δὲ

83 1840 119 1876 ἐν
137 1842 186 1891 τῷ
207 1838 354 1891 δευτέρῳ
374 1843 433 1877 τοῦ
454 1838 531 1877 καθ’
550 1837 766 1890 (Ηρακλείαν
787 1839 866 1890 περὶ
886 1839 1006 1877 Τιτίου
1032 1838 1135 1890 φησί·

84 1915 100 1931 τι
119 1897 260 1944 Τιτίας,
279 1898 371 1950 ἥρως
388 1896 572 1949 ἐγχώριος,
586 1897 623 1935 ὃν
651 1898 682 1934 οἱ
704 1896 767 1947 μὲν
794 1896 1007 1946 μυθεύονται.
1025 1897 1135 1934 παῖδα

83 1956 180 2003 Διὸς,
198 1958 229 1994 οἱ
245 1955 280 1994 δὲ
303 1956 540 2008 πρεσὸύτερον
558 1957 599 2006 (l.
614 1954 672 1994 τὸν
687 1955 952 2007 πρεσὸύτατον)
970 1957 1038 1992 τῶν
1057 1958 1138 1994 Μα-

86 2015 266 2066 ριανδυνοῦ
278 2018 337 2052 τοῦ
351 2013 551 2066 Κιμμερίου
562 2013 709 2052 παίδων·
723 2013 765 2051 δι’
777 2013 812 2052 δν
827 2013 982 2063 μάλιστα
996 2013 1035 2051 τὸ
1046 2013 1138 2057 ἔθνος

82 2072 242 2121 ηὔξηται,
257 2074 316 2111 καὶ
327 2074 519 2126 προάγεται
539 2071 590 2110 ἔτι
611 2074 658 2116 εἷς
673 2071 909 2122 εὐδαιμονίαν.
927 2090 943 2107 ιο
959 2072 1030 2111 Καὶ
1049 2074 1141 2125 Προ-

84 2132 235 2179 μαθίδας
252 2133 287 2170 δὲ
310 2134 344 2170 ἐν
365 2137 435 2175 τοῖς
467 2131 557 2183 Περὶ
576 2130 788 2184 Ἡρακλείας
806 2131 900 2182 λέγει
919 2131 999 2182 περὶ
1017 2131 1138 2170 Τιτίου

82 2189 175 2234 ὅστις
189 2185 244 2238 ἦν,
255 2191 315 2228 καὶ
329 2189 526 2243 Θεοφάνης.
539 2190 571 2228 Ἀ
578 2189 734 2238 πεΟεώθη
745 2190 780 2228 δὲ
789 2189 859 2228 ἀπὸ
870 2190 1138 2244 Μαριανδυνῶν.

136 2250 191 2287 Cf.
213 2251 316 2286 idem
335 2252 372 2286 ΙΙ
387 2278 398 2299 ,
431 2250 505 2296 780
526 2263 534 2286 :
555 2248 626 2287 Τὸν
655 2247 778 2287 Τιτίαν
799 2250 830 2287 οἳ
862 2247 925 2298 μέν
951 2263 1035 2301 φασι
1060 2247 1141 2292 Διὸς

84 2307 214 2357 παῖδα,
246 2308 303 2358 [οἱ
324 2306 385 2358 δὲ]
405 2305 464 2344 ἕνα
494 2309 563 2344 τῶν
587 2306 723 2346 Ἰδαίων
744 2306 948 2353 Δακτύλων,
975 2308 1006 2344 οἱ
1026 2306 1061 2344 δὲ
1080 2306 1139 2344 τὸν

85 2364 327 2417 πρεσὸύτατον
346 2368 413 2403 τῶν
430 2366 676 2417 Μαριανδυνοῦ
693 2365 843 2403 παίδων.
862 2365 909 2404 ‘O
926 2365 961 2403 δὲ
977 2367 1138 2417 Μαριαν-

86 2422 184 2466 δυνὸς
200 2422 373 2469 Φινέωςῆ
391 2422 524 2476 Φρίξου
540 2422 562 2469 ἢ
581 2423 778 2475 Κιμμερίου
793 2423 934 2475 λέγεται
945 2424 1027 2467 παῖς
1040 2418 1138 2462 εἶναι.

86 2480 171 2518 Ἀπὸ
189 2479 225 2518 δὲ
237 2480 360 2520 Τιτίου
378 2481 464 2534 φασὶ
481 2481 601 2520 Τίτιον
616 2482 678 2527 τὴν
696 2482 796 2520 πόλιν
813 2484 998 2529 κληθῆναι.
1017 2484 1141 2521 Verba

86 2540 139 2591 [οἵ
161 2538 221 2589 δὲ]
241 2541 356 2577 habet
381 2541 469 2577 cod.
493 2542 636 2586 Paris.;
659 2542 698 2576 in
717 2543 820 2590 vulg.
841 2543 998 2586 absunt,
1019 2549 1136 2578 recte.

87 2620 135 2625 —
151 2599 378 2647 Apollonius
398 2601 437 2635 II
450 2626 460 2643 ,
479 2598 553 2645 780
574 2600 710 2635 Titiam
732 2599 778 2635 ab
801 2601 964 2635 Hercule
980 2601 1020 2634 in
1040 2599 1140 2635 ludis

87 2658 310 2695 funebribus
324 2659 464 2694 Priolai
483 2659 521 2694 in
544 2659 732 2694 honorem
751 2659 949 2694 celebratis
970 2659 1139 2694 occisum

87 2730 165 2753 esse
179 2717 308 2755 tradit.
329 2717 416 2754 Lib.
434 2718 466 2762 Ι,
489 2730 503 2753 1
517 2717 588 2753 126
605 2718 741 2753 Titiam
767 2724 803 2753 et
816 2718 1026 2764 Cyllenum,
1045 2715 1137 2767 πρώ-

87 2789 165 2816 τους
176 2774 310 2811 πόλεων
325 2773 535 2825 μοιραγέτας
547 2773 608 2820 ἠδὲ
622 2773 813 2827 παρέδρους
829 2772 995 2826 Μητέρος
1005 2773 1137 2820 Ἰδαίης

89 2834 195 2871 dicit.
229 2837 356 2882 Atque
377 2836 428 2870 ita
449 2835 675 2883 Apollonius
695 2835 808 2880 dixit,
836 2841 994 2870 notante
1022 2834 1137 2869 scho—

133 2999 335 3032 Callistratus
350 2999 432 3032 libro
448 2999 488 3032 de
507 3001 662 3032 Heraclea
677 3000 834 3041 secundo,
853 3013 869 3029 «
883 3000 997 3040 Titias,
1013 3001 1069 3040 ait,
1084 3000 1140 3032 he-

91 3059 144 3082 ros
170 3050 231 3081 fuit
245 3050 408 3090 indigena,
425 3059 522 3091 quem
547 3051 600 3083 alii
626 3051 809 3083 fabulantur
827 3053 916 3084 Jovis
943 3060 1011 3084 esse
1037 3051 1140 3083 filium

92 3110 259 3141 unumque
274 3110 312 3132 ex
329 3101 422 3133 ldaeis
438 3103 580 3142 Dactylis
591 3127 600 3142 ‚
615 3103 667 3134 alii
681 3105 759 3134 natu
774 3104 953 3135 maximum
964 3103 1047 3135 inter
1061 3102 1142 3135 filios

91 3151 291 3192 Mariandyni
302 3153 474 3184 Cimmerio
490 3154 568 3185 nati.
585 3156 690 3194 Atque
705 3155 804 3186 Titias
817 3155 871 3186 ille
886 3158 933 3186 est
943 3178 951 3193 ,
975 3163 1031 3195 per
1043 3163 1141 3194 quem

92 3205 233 3238 maxime
253 3214 330 3245 gens
350 3207 484 3246 augetur
505 3208 538 3238 et
550 3206 736 3246 producitur
750 3207 925 3239 etiamnum
944 3207 983 3238 ad
1009 3207 1141 3239 felicita-

92 3262 172 3291 tem.
190 3271 206 3286 n
224 3258 446 3290 Promathidas
471 3268 600 3299 quoque
613 3259 644 3290 in
658 3261 724 3291 suis
737 3259 776 3292 de
794 3260 946 3292 Heraclea
959 3259 1049 3291 libris
1070 3259 1143 3299 quis

93 3311 190 3342 fuerit
199 3310 298 3342 Titias
311 3310 459 3350 exponit,
476 3319 535 3342 nec
548 3319 612 3342 non
629 3311 850 3351 Theophanes.
868 3312 1020 3344 Ceterum
1045 3310 1144 3343 Titias

94 3362 176 3394 inter
185 3361 262 3393 deos
271 3369 290 3393 a
304 3361 518 3401 Mariandynis
536 3362 655 3393 relatus
669 3364 727 3394 est.

138 3472 273 3514 Taphrae
284 3495 292 3511 ‚
323 3472 379 3503 aut
404 3471 531 3513 Taphre
554 3471 764 3512 singulariter,
793 3471 877 3512 regio
907 3472 989 3504 fossa
1019 3471 1144 3504 munita

865 262 1068 302 DOMlTIl
1097 261 1442 302 CALLlSTRATI'

1183 352 1290 387 liasta
1302 378 1312 396 ‚
1333 349 1528 387 ἀκολουθῶν
1545 347 1754 402 Μενάνδρῳ,
1775 349 1910 400 λέγοντι
1927 349 2132 396 Μιλησίους,
2146 347 2228 386 ὅταν

1184 407 1290 445 θύωσι
1305 410 1348 459 τῇ
1366 406 1464 459 Ῥέᾳ,
1481 406 1642 458 προθύειν
1656 409 1689 446 T
1694 407 1764 460 ιτίᾳ
1778 408 1838 446 καὶ
1854 408 2042 460 Κυλλήνῳ.
2058 409 2116 446 Cf.
2130 409 2232 445 Wel-

1185 468 1287 506 cker.
1311 469 1450 514 Trilog.
1470 479 1510 515 p.
1543 480 1614 513 172
1630 481 1640 512 ;
1659 468 1825 504 Lobeck.
1845 469 2032 518 Aglaoph.
2051 481 2092 516 p.
2113 466 2228 503 1165.

1186 526 1394 564 Menander
1407 527 1470 562 ille
1481 554 1492 574 ,
1508 526 1661 563 aliunde
1677 539 1755 562 non
1767 535 1896 572 notus,
1912 528 2068 563 fortasse
2081 533 2137 562 est
2151 528 2233 562 He-

1186 587 1370 630 racleota‚
1393 597 1506 632 quem
1521 585 1663 620 Plinius
1681 587 1729 623 H.
1746 587 1792 623 N.
1813 586 1854 621 in
1880 585 1995 623 indic.
2011 586 2066 621 lib
2085 585 2177 622 VIII
2195 589 2234 619 et

1185 645 1243 680 IX
1259 644 1433 692 apponit.
1458 643 1532 679 Sed
1559 642 1643 679 fieri
1668 644 1783 679 etiam
1802 650 1925 692 potest
1937 649 1980 679 ut
1991 654 2133 679 nomen
2148 653 2234 678 cor-

1186 710 1343 751 ruptum
1363 703 1411 737 sit
1423 729 1434 747 ‚
1459 714 1502 738 ac
1514 702 1674 750 intelligi
1692 701 1831 738 debeat
1843 699 2061 751 Μαιάνδριος
2080 702 2098 738 ὁ
2117 697 2235 746 Μιλή-

1189 774 1277 807 σιος,
1293 761 1340 797 de
1357 773 1434 809 quo
1450 772 1488 798 v.
1508 767 1604 798 tom.
1619 761 1675 806 ΙΙ,
1692 773 1734 810 p.
1755 760 1845 804 334.

1501 855 1531 890 E
1557 854 1708 893 LIBRO
1735 856 1916 892 TERTIO
1923 884 1931 891 .

1695 939 1730 976 3.

1243 1010 1422 1060 Stephan.
1442 1011 1528 1059 Byz.
1550 1022 1559 1046 :
1578 1007 1723 1061 Τάφραι
1738 1007 1799 1046 καὶ
1813 1008 1965 1062 Τάφρη,
1985 1009 2118 1061 ἑνικῶς,
2134 1008 2237 1062 χώρα

1190 1070 1421 1121 ταφρευθεῒσα
1436 1067 1517 1119 περὶ
1529 1066 1592 1114 τὴν
1609 1068 1774 1107 Μαιῶτιν
1787 1066 1915 1118 λίμνην
1933 1067 2000 1105 ὕπὸ
2016 1067 2147 1106 δούλων
2161 1069 2238 1112 ταῖς

1192 1126 1390 1169 δεσποίναις
1405 1125 1654 1176 συμμιγέντων
1667 1125 1760 1164 κατὰ
1777 1124 1835 1164 τὸν
1848 1125 2075 1179 πολυχρόνιον
2085 1126 2238 1179 πόλεμον

1191 1188 1260 1224 τῶν
1291 1186 1452 1234 Σκυθῶν,
1470 1186 1539 1222 τῶν
1551 1185 1737 1239 ἓεσποτῶν
1756 1185 1999 1235 πολεμούντων
2018 1190 2088 1229 τοῖς
2106 1183 2238 1238 Θρᾳξὶν

1191 1243 1214 1290 ἢ
1229 1249 1299 1288 τοῖς
1319 1243 1411 1287 ἐντὸς
1429 1241 1590 1295 Ἴστρου,
1607 1245 1654 1286 ὡς
1670 1242 1931 1295 Καλλίστρατος
1945 1244 1980 1282 ἐν
1996 1243 2117 1297 τρίτῳ.
2138 1245 2173 1283 Τ
2175 1242 2239 1282 αύ-

1193 1318 1256 1350 την
1275 1301 1339 1349 τὴν
1357 1301 1480 1355 χώραν
1499 1303 1709 1348 κατοικῆσαι
1728 1301 1982 1354 Σατορχαίους.
2006 1297 2054 1342 Oi
2069 1303 2241 1345 οἰκοῦντες

1194 1361 1425 1412 Σατορχαῖοι.
1450 1363 1549 1397 Rem
1568 1361 1685 1397 fusius
1710 1362 1868 1410 exponit
1893 1361 2111 1397 Herodotus
2130 1362 2195 1407 lv,
2219 1374 2236 1398 1

1193 1433 1279 1469 sqq.
1301 1422 1456 1457 Fossam
1477 1419 1631 1455 ductam
1648 1420 1742 1456 dicit
1761 1420 1818 1468 (c.
1843 1419 1890 1469 3)
1909 1419 1948 1456 ἐκ
1967 1420 2035 1456 τῶν
2054 1419 2240 1471 Ταυρικῶν

1194 1477 1320 1531 οὐρέων
1341 1478 1374 1520 ἐς
1398 1476 1461 1522 τὴν
1484 1479 1639 1523 Μαιῆτιν
1655 1475 1796 1526 λίμνην.
1821 1479 1878 1513 De
1901 1477 2059 1526 Taphris
2077 1477 2127 1515 cf.
2154 1478 2236 1513 Me-

1194 1538 1231 1573 la
1249 1539 1304 1582 11,
1336 1549 1370 1586 1,
1387 1536 1458 1586 393
1474 1537 1617 1572 Plinius
1633 1537 1702 1582 IX,
1725 1548 1792 1585 12,
1819 1535 1891 1581 263
1920 1535 2141 1571 Ptolemaeus
2163 1536 2243 1583 111,

1196 1596 1243 1640 63
1266 1595 1435 1632 Eustath.
1463 1594 1512 1630 ad
1531 1595 1644 1632 Dion.
1671 1593 1767 1641 1633
1790 1594 1927 1630 Strabo
1954 1593 2044 1638 VII,
2080 1606 2122 1642 p.
2148 1592 2239 1628 308.

1195 1654 1461 1701 Recentiores‚
1477 1654 1542 1700 qui
1556 1653 1604 1688 de
1620 1653 1678 1688 his
1694 1651 1889 1699 dixerunt,
1907 1651 2038 1688 laudat
2053 1651 2175 1689 Baehr.
2197 1651 2247 1687 ad

1197 1711 1385 1748 Herodot.
1406 1713 1431 1749 l.
1450 1712 1475 1747 l.
1491 1724 1532 1760 p.
1553 1723 1627 1757 277
1645 1723 1703 1759 sq.

1707 1797 1740 1836 ι..

1251 1875 1358 1911 Idem
1378 1887 1387 1912 :
1418 1873 1564 1921 Ψίλιον,
1582 1872 1741 1923 ποταμὸς
1759 1871 1888 1922 μεταξὺ
1910 1871 2043 1915 Θυνίας
2061 1871 2121 1909 καὶ
2138 1873 2245 1910 Βιθυ-

1199 1932 1288 1975 νίας.
1305 1931 1466 1982 Δομίτιος
1481 1931 1747 1984 Καλλίστρατος
1758 1933 1792 1969 ἐν
1801 1932 1907 1983 τρίτῳ
1919 1931 2010 1982 Περὶ
2021 1929 2246 1981 Ἡρακλείας·

1200 2009 1216 2026 «ι
1235 1991 1545 2042 Ἔγκυριεύσαντες
1559 1990 1628 2029 ἀπὸ
1651 1994 1711 2028 τοῦ
1737 1990 1937 2042 Σαγγαρίου
1955 1990 2087 2041 χωρίου
2107 1988 2171 2033 ἕως
2185 1992 2247 2027 τοῦ

1200 2049 1335 2090 Ψιλίου
1361 2053 1539 2100 ποταμοῦ·
1561 2067 1576 2084 υ
1604 2046 1713 2088 Ἔστι
1741 2048 1801 2087 καὶ
1822 2048 1924 2092 ἄλλος
1951 2049 2063 2092 Ψίλις
2092 2046 2247 2094 ποταμὸς

1200 2111 1261 2155 τῆς
1281 2106 1463 2157 Βιθυνίας,
1482 2105 1610 2158 ἐκρέων
1631 2108 1678 2151 εἷς
1695 2106 1752 2145 τὸν
1774 2105 1934 2151 Εὔξεινον
1950 2105 2088 2144 πόντον.

1255 2164 1591 2218 Ἐγκυριεύσαντες..
1621 2165 1702 2213 ἕως,
1729 2168 1914 2213 Holsten.;
1936 2166 2246 2217 ἔνκυριεσσαντος..

1201 2220 1240 2264 εῧ
1258 2228 1362 2267 libri.
1383 2229 1441 2264 De
1461 2229 1557 2264 Psilc·
1574 2228 1636 2263 vel
1648 2227 1776 2276 potius
1794 2228 1904 2264 Psilze·
1922 2225 2082 2276 (strabo
2099 2237 2141 2274 p.
2164 2222 2248 2266 >543

1202 2294 1238 2323 et
1252 2287 1348 2332 aliis,
1360 2284 1514 2328 Ψίλλιος
1527 2298 1590 2335 ap.
1602 2286 1831 2334 Marcian.p.
1841 2281 1909 2335 69)
1925 2290 2086 2328 constat3
2096 2283 2248 2319 Psilium

1202 2345 1402 2382 Callistrati
1415 2345 1543 2381 nescio
1556 2357 1604 2380 an
1618 2345 1712 2380 alius
1723 2343 2003 2379 memoraverit.
2017 2343 2149 2390 Neque
2158 2352 2250 2376 vero

1204 2403 1375 2440 diversus
1390 2410 1443 2440 est
1458 2401 1611 2448 fluvius,
1626 2403 1682 2438 uti
1693 2402 1903 2451 Stephanus
1918 2407 2042 2450 putat.

1491 2499 1521 2534 E
1547 2497 1699 2534 LIBRO
1728 2496 1947 2543 QUARTO.

1707 2583 1729 2619 5
1737 2612 1744 2619 .

1254 2658 1361 2694 Idem
1389 2669 1399 2695 :
1421 2655 1667 2708 Ἀρκιρόεσσα,
1695 2654 1794 2699 πόλις
1819 2657 1853 2693 ἐν
1874 2653 2018 2705 Πόντῳ,
2036 2649 2252 2704 Ἡρακλείας

1203 2714 1385 2762 ὓποτελής.
1422 2715 1582 2765 Δομίτιος
1607 2714 1872 2766 Καλλίστρατος
1905 2715 1940 2751 ἐν
1974 2711 2123 2763 τετάρτῃ
2158 2709 2250 2762 Περὶ

1201 2772 1424 2826 Ἡρακλείας.
1459 2775 1589 2811 Codex
1604 2776 1806 2813 Vossianus
1826 2773 1861 2809 ἐν
1887 2771 1924 2814 ς’
1955 2769 2046 2822 Περὶ
2067 2768 2129 2809 Ἥ.
2151 2772 2252 2807 Num

1203 2833 1355 2869 aliunde
1373 2833 1418 2869 de
1437 2833 1510 2869 hae
1535 2834 1635 2869 urbe
1655 2832 1830 2868 constat?

1204 2942 1288 2974 circa
1305 2941 1437 2974 Maeotin
1450 2941 1601 2982 paludem
1614 2949 1633 2972 a
1645 2940 1762 2979 servis,
1779 2939 1835 2980 qui
1855 2947 1928 2971 cum
1945 2938 2150 2970 dominorum
2168 2945 2251 2968 uxo-

1204 2993 1290 3025 ribus
1308 2992 1466 3033 congressi
1485 2994 1577 3024 erant
1603 2993 1748 3032 tempore
1774 2990 1918 3023 diuturni
1935 2988 2128 3029 Scytharum
2151 2987 2251 3025 belli,

1203 3055 1304 3087 quum
1320 3045 1440 3077 domini
1453 3045 1610 3078 bellarent
1622 3054 1697 3076 cum
1712 3043 1888 3076 Thracibus
1900 3043 1950 3075 vel
1963 3051 2039 3074 cum
2052 3041 2090 3073 iis
2099 3040 2156 3082 qui
2169 3040 2252 3072 intra

1203 3099 1323 3130 Istrum
1335 3098 1430 3137 sunt,
1447 3098 1484 3129 ut
1497 3096 1698 3129 Callistratus
1711 3095 1792 3127 libro
1810 3094 1917 3127 tertio.

1706 3150 1742 3183 4.

1246 3206 1398 3246 Psilium,
1416 3205 1534 3237 fluvius
1549 3205 1642 3245 inter}
1657 3203 1815 3245 Thyniam
1835 3203 1868 3235 et
1884 3202 2078 3242 Bithyniam.
2095 3200 2254 3233 Domitius

1204 3258 1405 3291 Callistratus
1420 3257 1453 3289 in
1470 3257 1566 3288 tertio
1581 3256 1621 3288 de
1640 3256 1793 3288 Heraclea
1808 3267 1816 3287 ε
1837 3267 1853 3283 «ι
1869 3254 2006 3295 Regione
2021 3253 2115 3294 potiti
2137 3254 2248 3285 asan-

1205 3309 1292 3351 gario
1306 3309 1436 3342 castello
1449 3317 1551 3349 usque
1566 3307 1606 3339 ad
1620 3307 1751 3339 Psilium
1768 3306 1916 3338 fluvium.
1935 3318 1950 3333 υ

1712 3362 1747 3394 5.

1246 3417 1524 3458 Arciroessa,urbs
1540 3417 1645 3456 Ponti,
1663 3415 1918 3448 Heracliensibus
1926 3413 2082 3454 subjecta,
2094 3411 2253 3446 Domitius

1205 3472 1405 3504 callistratus
1418 3471 1499 3503 libro
1512 3470 1552 3503 de
1565 3469 1718 3503 Heraclea
1733 3469 1861 3509 quarto.
