2326 3724
1009 115 1023 127 Q

109 218 178 251 136

100 300 393 352 μηχανησάμενος
406 301 551 349 Ζήνωνα
564 303 621 342 τὸν
633 305 789 358 γαμὸρὸν
808 307 957 346 ἀνειπεῖν
975 309 1134 360 βασιλέα,

98 361 167 396 τῶν
186 359 346 405 ὑπηκόων
365 360 413 411 μὴ
440 362 745 413 παραδεχομένων,
762 365 824 402 οὐκ
842 363 978 416 ἴσχυσε.
1000 367 1070 405 Καὶ
1089 369 1135 411 ὡς

97 416 165 469 πρὸ
181 419 340 464 τελευτῆς
356 420 458 456 αὐτοῦ
479 419 536 457 τὸν
556 416 691 471 ἔγγονον
711 420 772 471 μὲν
799 423 901 460 αὐτοῦ
923 425 962 462 ἐκ
979 425 1134 471 Ζήνωνος

98 474 207 527 φύντα
228 479 271 529 τῇ
292 476 473 529 Ἀριάδνῃ·
505 477 565 515 καὶ
599 480 643 521 ὡς
675 479 763 528 μετὰ
793 480 954 528 τελευτὴν
988 482 1133 526 Λέοντος

97 537 115 571 ὃ
137 534 219 577 παῖς
238 534 336 573 Λέων
353 535 498 581 Ζήνωνα
518 535 576 574 τὸν
593 537 747 589 πατέρα,
768 538 957 577 συναινέσει
976 543 1037 587 τῆς
1059 544 1135 592 βου-

95 592 178 639 λῆς,
215 593 360 645 βασιλέα
391 594 526 646 ἔστεψε.
562 595 789 648 Λεπτομερής
817 612 853 634 τε
877 599 937 644 τ’ἧς
965 597 1132 652 Ἰσαόρων

97 652 316 702 γενεαλογίας
347 651 535 704 ἀφήγησις,
565 652 624 690 καὶ
655 655 702 696 ὡς
732 653 852 700 εἴησαν
883 655 1043 707 ἀπόγονοι
1072 661 1132 695 τοῦ

97 708 231 757 Ἡσαῦ,
250 710 362 757 πολλὴ
385 710 514 757 σπουδὴ
538 711 598 749 καὶ
618 711 790 762 διήγησις.
808 711 934 756 “Ome
953 729 988 751 τε
1011 714 1132 761 Ζήνων

96 767 163 805 ὕπὸ
177 767 328 819 Βηρίνης
345 768 551 819 ἀπατηθεὶς,
569 769 684 822 φεύγει
698 769 833 820 γυναικὶ
854 769 929 820 ἅμα
945 770 1004 809 καὶ
1024 772 1131 823 μητρὶ

94 829 158 873 τῆς
174 826 306 870 πόλεως
326 826 384 864 καὶ
403 830 462 873 τ’ἧς
484 828 674 879 βασιλείας.
695 827 766 866 Καὶ
783 830 827 872 ὡς
844 831 976 880 Βηρῐνα
990 859 1000 876 ,
1017 830 1131 867 ἐλπίδι

94 888 155 922 τοῦ
170 887 383 936 συναφθῆναι
398 884 579 938 Πατρικίῳ
594 888 642 938 τῷ
659 885 838 938 μαγίστρῳ
857 887 915 924 καὶ
937 887 1131 938 βασιλεύειν

95 942 198 980 αὐτὸν
219 942 276 980 τὸν
292 942 449 994 γαμὸρὸν
465 944 570 988 αὐτῆς
584 942 827 995 φυγαδεύσασα
846 943 879 988 ἐξ
897 944 1032 991 ἀπάτης
1045 974 1055 992 ,
1074 945 1132 983 καὶ

93 1002 181 1048 αὐτὴ
214 1005 276 1048 τῆς
300 1003 436 1046 ἐλπίδος
464 1003 618 1055 ἐσφάλη,
640 1006 708 1041 τῶν
736 1005 770 1041 ἔν
802 1004 892 1042 τέλει
922 1005 1131 1044 Βασιλίσκον

92 1061 150 1099 τὸν
176 1062 282 1107 αὖτ’ῆς
301 1060 446 1111 ἀδελφὸν
475 1061 683 1098 ἀνειπόντων
704 1061 865 1112 βασιλέα.
902 1063 991 1115 Περί
1010 1079 1046 1101 τε
1070 1067 1131 1110 τῆς

93 1119 263 1171 Ἰσαύρων
296 1120 330 1156 ἐν
366 1118 728 1158 Κωνσταντινουπόλει
761 1119 935 1169 ἀμυθήτου
978 1125 1126 1174 σφαγῆς.

93 1177 166 1216 Καὶ
186 1180 231 1220 ὡς
253 1176 340 1228 μετὰ
365 1176 518 1215 Νέπωτα
539 1175 685 1227 βασιλέα
705 1177 847 1227 Ῥώμης
869 1179 1128 1229 Δῦγούστουλον

91 1237 110 1271 ὃ
137 1235 254 1285 πατὴρ
285 1235 454 1286 Ὀρέστης
483 1234 626 1284 Ῥώμης
656 1235 895 1288 κατεπράξατο
917 1236 1127 1288 βασιλεύειν.

91 1293 215 1331 Ταῦτα
237 1295 254 1329 ὁ
273 1295 407 1343 πρῶτος
425 1292 537 1343 λόγος.

145 1349 189 1388 Ὁ
206 1348 242 1387 δὲ
257 1349 431 1402 δεύτερος,
449 1350 540 1393 ὅπως
561 1350 750 1404 Πατρίκιος
769 1353 786 1389 ὁ
803 1350 992 1404 μάγιστρος
1015 1355 1032 1391 ὁ
1056 1355 1127 1403 Βη-

92 1407 166 1460 ρίνῃ
189 1407 497 1460 συμφθειρόμενος,
524 1409 872 1460 ἐπαγανακτήσαντος
896 1412 990 1463 αὐτῷ
1017 1414 1125 1450 Βασι-

89 1466 210 1504 λίσκου
223 1496 233 1513 ,
253 1467 400 1507 anselm.
421 1467 493 1506 Καὶ
511 1466 567 1505 διὰ
585 1471 685 1506 τοῦτο
704 1471 836 1520 Βηρῖνα
851 1470 894 1507 δι’
909 1469 1032 1522 ἔχθρας
1045 1470 1128 1522 πρὸς

89 1524 147 1562 τὸν
166 1525 310 1577 ἀδελφὸν
325 1532 549 1573 καταστᾶσα,
560 1526 619 1564 καὶ
635 1526 770 1573 Ζήνωνι
787 1527 842 1564 διὰ
857 1528 1047 1580 χρημάτων
1062 1528 1125 1575 τὴν

89 1586 151 1629 τῆς
187 1583 366 1635 βασιλείας
402 1584 574 1637 ἀνάληψιν
605 1585 897 1637 συμπράττουσα,
922 1585 967 1624 τὰ
995 1585 1126 1638 ἔσχατα

90 1639 243 1692 ἔπασχεν
270 1640 336 1678 ὑπὸ
355 1644 414 1678 τοῦ
439 1642 603 1693 ἀδελφοῦ·
625 1642 728 1680 καὶεί
753 1643 800 1692 μὴ
822 1643 997 1696 διέκλεψεν
1018 1642 1124 1691 αὐτὴν

89 1697 257 1750 Ἄρμάτος
276 1701 314 1737 ἐκ
330 1703 389 1737 τοῦ
409 1703 510 1747 ναοῦ,
528 1701 621 1751 τάχα
638 1699 677 1738 ἂν
695 1701 754 1738 καὶ
772 1701 950 1753 διεφθάρη.
968 1702 1031 1746 ζΩς
1050 1702 1126 1754 Ἀρ-

90 1755 200 1806 μάτος
221 1759 262 1808 τῇ
283 1760 418 1809 γαμετῇ
441 1758 782 1809 συνδιαφθειρόμενος
808 1761 1037 1807 Βασιλίσκου,
1068 1760 1125 1798 ἐπὶ

970 222 1177 264 CANDlDl
1207 225 1379 270 ISAURI

1196 327 1299 357 νωνος
1329 314 1519 360 πιστευθεὶς
1546 315 1714 368 πόλεμον,
1743 318 1924 357 ἀπέκλινεν
1957 319 2014 358 ἐπὶ
2042 321 2227 369 συνθήκαις

1195 371 1237 408 δι’
1261 370 1379 411 Ἴλλου
1398 374 1484 427 πρὸς
1512 375 1627 415 αὐτόν.
1661 375 1732 415 Καὶ
1761 378 1951 428 εὐδοκιμῶν
1972 378 2028 416 ἐπὶ
2046 379 2223 426 Ζήνωνος,

1193 430 1239 472 ὡς
1266 430 1325 468 καὶ
1353 430 1411 468 τὸν
1446 432 1516 469 υἱὸν
1544 432 1752 472 Βασιλίσκον
1782 435 1935 488 καίσαρα
1958 437 2053 483 ἰδεῖν,
2083 436 2226 490 ὕστερον

1193 487 1444 540 ε’κρεουργήθη,
1464 490 1523 527 καὶ
1543 492 1659 535 ὀπαῖς
1679 493 1717 529 ἐκ
1741 496 1800 530 τοῦ
1825 493 1988 546 καίσαρος
2014 496 2061 539 εἰς
2087 493 2166 539 τοὺς
2190 497 2225 534 ἐν

1194 544 1409 597 Βλαχέρναις
1424 547 1645 599 ἀναγνώστας
1663 549 1830 588 ἐτέλεσεν.
1850 549 1911 594 Ὡς
1924 551 1991 603 πρὸ
2007 551 2135 590 τούτων
2152 555 2226 591 Βα-

1191 603 1342 644 σιλίσκος
1361 604 1508 656 Μάρκον
1534 605 1591 644 τὸν
1608 606 1692 645 ἴδιον
1712 608 1782 646 υἱὸν
1809 608 1960 661 καίσαρα
1981 610 2130 658 ἀνεῖπεν,
2149 605 2225 649 εἶτα

1191 659 1249 697 καὶ
1269 661 1429 711 βασιλέα.
1450 663 1520 702 Καὶ
1534 665 1580 707 ὡς
1594 663 1729 709 Ἴλλους
1745 666 1870 714 συνέὸη
1885 667 2018 714 Ζήνωνι
2035 670 2081 712 εἷς
2093 669 2224 722 φιλίαν,

1190 718 1249 755 καὶ
1266 719 1372 757 πάλιν
1389 721 1575 759 ἀναλαὸεῖν
1594 724 1832 775 παρεσκεύασε
1852 727 1913 771 τὴν
1933 726 2127 777 βασιλείαν.
2151 727 2225 766 Καὶ

1190 778 1236 818 ὡς
1256 779 1566 822 καταστασιασθεὶς
1584 781 1788 826 Βασιλίσκος
1803 782 1864 820 σὺν
1883 785 1926 834 τῇ
1943 784 2080 835 γυναικὶ
2099 787 2223 831 Ζηνω-

1189 833 1253 871 νίδι
1273 834 1332 872 καὶ
1347 835 1476 880 τέκνοις
1490 838 1699 890 καταφεύγει
1711 841 1758 883 εἷς
1775 841 1835 886 τὴν
1854 841 2054 890 ἐκκλησίαν,
2068 845 2224 881 κάκεῖθεν

1190 891 1308 944 ἀπάτῃ
1329 892 1500 945 Ἀρμάτου
1525 895 1721 946 ε’κὸληθεὶς,
1748 897 1932 950 ἐξορίζεται
1951 901 1998 943 εἷς
2026 901 2224 939 Καππαδο-

1189 949 1278 997 κίαν,
1307 945 1381 989 εἶτα
1406 953 1569 1003 παγγενεὶ
1596 954 1868 1007 κατασφάζεται.
1903 956 1965 1001 Ὡς
1995 958 2131 1010 Πέτρου
2161 961 2221 997 τοῦ

1190 1008 1376 1053 δυσσεὸοῧς
1394 1009 1455 1053 τὰς
1485 1014 1546 1057 τῆς
1572 1013 1740 1059 ἀνατολῆς
1759 1013 1989 1065 ταράσσοντος
2019 1016 2222 1066 ἐκκλησίας,

1191 1067 1422 1106 Καλανδίωνα
1439 1069 1559 1116 Ζήνων
1575 1072 1593 1108 ὃ
1614 1070 1774 1121 βασιλεὺς
1794 1074 1840 1115 εἰς
1856 1071 1895 1110 τὸ
1910 1074 2069 1125 ἱερᾶσθαι
2094 1074 2222 1113 Ἀντιο-

1189 1124 1287 1176 χείας
1307 1125 1509 1174 ἀπέστειλε,
1534 1127 1593 1165 καὶ
1614 1128 1771 1178 δεόμενος
1790 1131 1982 1181 χρημάτων
2002 1133 2041 1170 ἐκ
2060 1132 2222 1183 μηνυμά-

1188 1199 1255 1221 των
1271 1183 1431 1235 ἐπέτυχε.
1454 1185 1525 1224 Καὶ
1539 1187 1660 1225 πολλοὶ
1675 1188 1938 1239 νεωτερίσαντες
1950 1189 2028 1227 κατ’
2041 1191 2145 1228 αὐτοῦ
2162 1190 2223 1229 καὶ

1189 1242 1380 1286 ἑαλωκότες
1397 1243 1493 1290 δίκην
1515 1244 1651 1284 ἔδοσαν.
1674 1245 1738 1289 (Ως
1763 1244 1899 1291 Ἴλλους
1925 1247 2038 1286 πολλὰ
2062 1251 2106 1301 τῇ
2126 1247 2223 1288 Ῥω-

1188 1300 1299 1350 μαίων
1318 1301 1504 1353 συνήνεγκε
1525 1303 1701 1357 πολιτείᾳ,
1721 1310 1796 1349 ταῖς
1814 1320 1851 1342 τε
1879 1305 1970 1343 κατὰ
1988 1307 2138 1357 πόλεμον
2159 1310 2222 1344 ἀν-

1187 1358 1404 1410 δραγαθίαις,
1437 1360 1496 1398 καὶ
1527 1366 1602 1404 ταῖς
1631 1361 1720 1399 κατὰ
1739 1362 1838 1401 πόλιν
1869 1363 2078 1416 φιλοτιμίαις
2101 1380 2138 1402 τε
2158 1363 2222 1403 καὶ

1187 1412 1478 1463 δικαιοπραγίαις.
1497 1413 1562 1457 (Ως
1583 1413 1670 1464 μετὰ
1689 1414 1751 1462 τὴν
1776 1415 1951 1467 ἀναίρεσιν
1971 1420 2031 1454 τοῦ
2054 1417 2224 1469 βασιλέως

1163 1517 1166 1521 .
1185 1469 1350 1513 Νέπωτος
1366 1470 1510 1521 Ῥώμης
1529 1472 1587 1510 καὶ
1606 1472 1664 1511 τὸν
1687 1473 1837 1523 διωγμὸν
1858 1478 1917 1512 τοῦ
1934 1477 2010 1524 μετ’
2029 1474 2130 1513 αὐτὸν
2148 1477 2222 1514 Αὖ-

1186 1530 1418 1580 γουστούλου,
1448 1530 1635 1582 Ὀδόακρος
1655 1530 1807 1575 Ἰταλίας
1828 1533 1888 1570 καὶ
1919 1534 2024 1580 αὐτῆς
2053 1532 2223 1585 ἐκράτησε

1186 1585 1346 1636 εΡώμης.
1368 1588 1435 1626 Καὶ
1453 1589 1715 1628 στασιασάντων
1733 1592 1825 1642 αὐτῷ
1847 1593 1914 1628 τῶν
1945 1592 2122 1641 δυσμικῶν
2148 1593 2221 1630 Γα-

1184 1645 1311 1691 λατῶν,
1334 1646 1704 1698 διαπρεσὸευσαμένων
1736 1664 1772 1685 τε
1799 1650 1913 1686 αὐτῶν
1940 1648 1998 1686 καὶ
2027 1648 2221 1701 Ὀδοάκρου

1187 1701 1272 1754 πρὸς
1291 1703 1462 1754 Ζήνωνα,
1483 1704 1667 1757 Ὀδοάκρῳ
1689 1707 1820 1756 μᾶλλον
1842 1709 1859 1744 ὃ
1883 1706 2002 1752 Ζήνων
2024 1706 2220 1748 ἀπέκλινεν.

1185 1759 1252 1804 εΩς
1270 1761 1410 1804 Ἀλανός
1428 1777 1479 1805 τις
1499 1762 1633 1801 Ἴλλουν
1650 1765 1779 1801 ἀνελεῖν
1804 1763 1980 1815 βουληθεὶς
1996 1764 2055 1802 καὶ
2076 1763 2221 1811 πλήξας,

90 1813 181 1864 μέγα
203 1815 404 1858 δυναστείας
419 1815 520 1867 ἤρθη.
548 1816 619 1855 Καὶ
639 1819 684 1859 ὡς
703 1815 842 1869 ὕστερον
862 1816 918 1855 τὸν
939 1817 1029 1855 κατὰ
1050 1818 1126 1865 Ζή-
1183 1819 1373 1857 Ἐπινίκιον
1399 1823 1504 1868 εἶπεν,
1525 1820 1558 1863 ὃς
1575 1815 1616 1867 ἦν
1643 1822 1762 1865 οἰκεῖος
1789 1821 1939 1873 Βηρίνῃ,
1956 1821 2018 1868 τὴν
2045 1822 2220 1873 ἀναίρεσιν

88 1950 211 1981 abesset
226 1951 296 1981 tum
312 1950 392 1982 sorte
408 1958 427 1982 a
439 1952 547 1990 patre,
571 1951 692 1982 caedem
715 1951 845 1992 perinde
864 1953 985 1994 effugit.
1029 1955 1124 1985 Tara-

87 2003 267 2034 sicodissam
282 2011 354 2042 ergo
367 2003 426 2034 sibi
438 2012 602 2043 generum,
614 2003 688 2035 data
704 2005 841 2036 Ariadna
854 2005 918 2036 filia
927 2029 936 2045 ,
951 2006 1124 2046 imperator

88 2055 242 2094 adscivit,
260 2058 483 2095 Zenonemque
504 2056 726 2095 nominatum,
751 2057 911 2089 exercitus
935 2057 967 2089 in
994 2058 1124 2090 Oriente

87 2107 201 2138 ducem
214 2107 343 2139 creavit.
386 2107 494 2139 Refert
509 2107 622 2139 deinde
647 2116 718 2148 quae
734 2108 767 2139 in
795 2108 899 2139 Africa
918 2109 1055 2140 secunda
1068 2109 1123 2140 ad-

87 2165 242 2198 versaque
256 2157 383 2198 gesserit
408 2158 584 2190 Basiliscus.
603 2160 742 2190 Leonem
756 2167 883 2198 quoque
904 2159 1004 2191 multa
1017 2159 1123 2191 volen-

86 2209 152 2240 tem
177 2204 442 2249 molientemque,
457 2218 520 2249 quo
544 2211 703 2241 Zenonem
723 2218 872 2250 generum
901 2210 1123 2250 imperatorem

88 2263 304 2301 renuntiaret,
333 2261 466 2293 subditis
486 2262 753 2302 repugnantibus,
778 2263 910 2294 minime
936 2263 968 2295 id
993 2263 1123 2304 quidem

87 2313 213 2345 efficere
227 2313 376 2353 potuisse,
391 2313 443 2344 sed
452 2313 547 2353 paulo
557 2315 630 2345 ante
642 2313 764 2345 obitum
775 2315 923 2354 nepotem
936 2322 975 2345 ex
989 2314 1124 2346 Ariadna

87 2367 119 2396 et
134 2366 260 2395 Zenone
273 2365 383 2395 natum
394 2373 514 2396 creasse
528 2377 535 2397 :
550 2365 593 2396 ita
606 2366 677 2405 post
686 2365 798 2397 Leonis
811 2373 975 2397 excessum
987 2374 1006 2397 a
1019 2368 1124 2398 Leone

88 2416 154 2447 lilio
167 2418 323 2447 Zenonem
338 2417 472 2456 patrem,
488 2417 676 2448 assentiente
685 2419 809 2458 senatu,
824 2426 890 2449 esse
900 2417 1123 2458 imperatorem

87 2467 286 2499 coronatum.
303 2468 382 2500 Hinc
401 2471 580 2500 isaurorum
607 2471 742 2501 stemma
759 2478 816 2510 per
839 2471 934 2502 series
959 2469 1123 2510 descripsit

86 2521 211 2559 auctor,
226 2522 323 2559 atque
337 2519 408 2551 illos
424 2528 491 2551 esse
510 2522 592 2552 Esau
613 2522 754 2560 posteros
769 2529 806 2552 ac
819 2521 963 2553 sobolem
984 2521 1123 2554 studiose

86 2571 274 2611 persuadere
284 2572 425 2602 conatur.
440 2572 483 2603 Ut
499 2580 518 2603 a
533 2571 650 2604 Vei-ina
666 2572 818 2613 deceptus
831 2574 915 2604 Zeno
925 2573 1038 2613 fugerit
1048 2582 1122 2605 cum

88 2631 188 2655 uxore
206 2631 243 2654 ac
256 2624 357 2654 matre
375 2632 414 2655 ex
432 2623 510 2656 urbe
524 2624 719 2665 imperioque
733 2635 740 2657 ε
755 2628 854 2665 utque
865 2625 983 2657 Verina
995 2634 1050 2666 spe
1065 2625 1121 2657 ad-

85 2674 236 2714 jungendi
257 2674 315 2706 sibi
333 2675 504 2706 Patricium
519 2676 701 2716 magistrum
715 2700 724 2716 ,
742 2677 872 2717 foreque
882 2678 919 2709 ut
930 2677 1120 2717 imperaret,

86 2735 238 2766 generum
254 2735 346 2758 suum
355 2729 512 2759 Zenonem
527 2728 681 2768 fugaverit
693 2738 747 2770 per
759 2730 916 2770 s1·audem;
926 2739 999 2772 quae
1014 2733 1121 2763 tamen

87 2786 157 2817 spes
169 2786 241 2808 eam
255 2777 417 2816 fefellerit,
434 2787 534 2819 quum
546 2779 566 2810 ii
578 2780 634 2820 qui
649 2781 681 2811 in
697 2781 881 2821 magistratu
893 2783 1000 2820 erant,
1015 2782 1124 2814 Basili·

87 2837 187 2868 scum,
195 2831 263 2869 ejus
272 2829 412 2868 fratrem,
420 2830 642 2871 imperatorem
652 2833 879 2865 renuntiarent.
886 2835 932 2865 De
938 2835 1121 2865 Isaurorum

88 2880 267 2912 incredibili
291 2882 640 2923 constantinopolitana
662 2883 694 2915 in
711 2884 789 2916 urbe
813 2884 900 2916 caede
912 2908 921 2923 ,
935 2886 1035 2925 utque
1051 2885 1122 2926 post

86 2933 241 2972 Nepotem
255 2956 263 2972 ,
283 2935 498 2966 Romanorum
525 2935 746 2976 imperatorem
759 2959 768 2976 ,
799 2938 925 2968 Orestes
949 2939 1037 2977 pater
1058 2941 1120 2969 Au·

86 2985 250 3024 gustulum
271 2987 411 3016 Romano
438 2986 614 3025 praefecerit
638 2987 781 3028 imperio.
801 2989 840 3019 Et
867 2987 937 3019 liaec
953 2988 1018 3020 sere
1039 2988 1121 3020 libro

86 3035 189 3075 primo
202 3031 309 3067 narrat
325 3036 495 3068 Candidus.

127 3087 235 3118 Altero
248 3095 324 3118 vero
349 3087 430 3118 libro
443 3087 512 3119 ista.
555 3089 708 3121 Patricius
725 3090 885 3130 magister,
900 3090 954 3131 qui
972 3099 1046 3122 cum
1061 3093 1122 3124 Ve-

86 3139 155 3170 rina
180 3138 442 3170 consuetudinem
476 3138 631 3179 babebat,
658 3140 839 3181 indignante
869 3141 927 3181 ipsi
950 3142 1099 3174 Basilisco
1111 3165 1120 3182 ,

86 3190 190 3230 periit.
236 3191 407 3230 Eapropter
430 3190 462 3222 in
481 3191 610 3223 fratrem
637 3192 754 3223 Veriua
778 3192 851 3224 odio
882 3195 1057 3234 concepto,
1083 3203 1121 3226 ac

86 3243 245 3273 Zenonem
273 3241 384 3280 opibus
407 3241 447 3272 ad
474 3243 726 3282 recuperandum
752 3243 920 3283 imperium
946 3245 1119 3285 adjuvans,

86 3294 230 3325 extrema
244 3295 380 3331 quaeque
395 3301 412 3322 a
428 3293 521 3324 fratre
538 3294 679 3332 pertulit,
694 3303 730 3325 ac
748 3294 806 3325 nisi
819 3303 836 3325 e
849 3295 968 3334 templo
987 3297 1119 3326 Harma-

86 3345 138 3374 tus
157 3342 322 3374 camelam
348 3342 567 3382 subduxisset,
595 3344 675 3375 sorte
691 3346 722 3375 rt
746 3345 812 3384 ipsa
831 3354 849 3376 e
870 3345 974 3376 medio
995 3346 1119 3378 sublata

87 3395 206 3427 suisset.
253 3397 336 3427 Cum
366 3395 502 3428 Basilisci
525 3405 625 3428 uxore
650 3397 846 3429 adulteratus
863 3399 1051 3438 llarmatus,
1080 3399 1118 3430 ad

1183 1963 1338 1986 summam
1353 1958 1538 1995 pervenerat
1554 1956 1726 1996 potentiam
1737 1981 1746 1996 ,
1761 1956 1841 1988 adeo
1855 1958 1890 1988 ut
1899 1957 2026 1989 tandem
2038 1957 2066 1989 ei
2078 1957 2196 1988 bellum
2208 1979 2219 1996 ‚

1183 2006 1272 2045 quod
1297 2006 1447 2038 adversus
1465 2010 1622 2039 Zenonem
1651 2008 1829 2047 gerebatur,
1855 2008 2013 2040 creditum
2040 2008 2135 2040 suerit
2148 2031 2158 2047 ‚
2179 2008 2222 2041 ad

1183 2065 1277 2097 quem
1292 2059 1399 2089 tamen
1415 2058 1509 2090 certis
1538 2059 1638 2099 pactis
1667 2059 1714 2090 llli
1731 2068 1826 2099 opera
1839 2059 2074 2091 conditionibus
2089 2059 2218 2092 defecit.

1183 2109 1249 2141 Sub
1264 2112 1390 2141 Zenone
1401 2110 1496 2149 igitur
1523 2111 1603 2142 tanti
1617 2120 1716 2151 quum
1733 2112 1815 2143 esset
1829 2111 1966 2143 nominis
1978 2111 2151 2143 Harmatus
2161 2136 2171 2151 ,
2183 2113 2222 2145 ut

1183 2162 1216 2192 et
1231 2161 1329 2192 tilium
1346 2161 1530 2193 Basiliscum
1555 2163 1713 2194 Caesarem
1729 2158 1863 2201 viderit,
1879 2163 1950 2203 post
1968 2163 2173 2195 nihilominus
2186 2163 2220 2196 iu

1184 2212 1284 2243 frusta
1296 2212 1471 2252 discerptus
1484 2214 1551 2252 est,
1568 2214 1600 2244 et
1614 2222 1690 2253 puer
1709 2213 1775 2253 ipse
1789 2222 1828 2245 ex
1845 2215 1972 2245 Caesare
1990 2214 2071 2245 inter
2083 2214 2220 2247 lectores

1183 2263 1215 2294 in
1229 2263 1411 2295 Blachernis
1423 2263 1561 2304 profiteri
1576 2264 1683 2304 coepit.
1727 2264 1894 2296 Basiliscus
1905 2266 1979 2296 ante
1991 2265 2062 2296 haec
2075 2267 2219 2298 Marcum

1184 2314 1285 2346 tilium
1302 2317 1461 2347 Caesarem
1480 2316 1620 2355 crearat,
1637 2323 1675 2347 ac
1692 2316 1764 2355 post
1783 2315 1877 2347 etiam
1899 2315 2134 2356 imperatorem.
2178 2316 2221 2348 11-

1183 2365 1248 2405 lus,
1269 2374 1340 2397 cum
1360 2368 1484 2398 Zenone
1500 2366 1665 2398 conciliata
1684 2366 1842 2406 amicitia,
1858 2367 2027 2407 imperium
2039 2367 2142 2398 eidem
2167 2375 2218 2399 re-

1183 2425 1333 2457 cuperare
1346 2417 1479 2449 studuit.
1523 2417 1690 2449 Basiliscus
1702 2418 1809 2458 itaque
1825 2426 1843 2449 a
1858 2417 2014 2450 seditiosis
2029 2420 2219 2458 superatus,

1183 2477 1257 2500 cum
1267 2469 1424 2500 Zenonide
1437 2468 1569 2508 conjuge
1577 2478 1616 2500 ac
1624 2469 1731 2501 liberis
1739 2469 1771 2502 in
1782 2469 1936 2510 templum
1948 2478 1982 2501 se
1994 2469 2122 2510 recepit,
2134 2470 2220 2503 unde

1182 2520 1326 2552 Harmati
1341 2520 1506 2552 fraudibus
1521 2521 1695 2560 extractus,
1713 2523 1744 2553 et
1756 2521 1788 2552 in
1803 2520 2035 2562 Cappadociam
2048 2521 2218 2569 relegatus,

1182 2581 1259 2604 mox
1273 2581 1347 2604 cum
1363 2574 1432 2604 tota
1446 2572 1542 2613 stirpe
1564 2581 1667 2606 caesus
1683 2574 1740 2605 est.
1771 2574 1879 2610 Quum
1896 2574 2009 2605 Petrus
2034 2573 2087 2605 ille
2104 2573 2220 2612 impius

1181 2623 1319 2656 Orientis
1330 2624 1473 2656 turbaret
1485 2624 1653 2665 ecclesias,
1669 2625 1752 2656 misit
1765 2626 1850 2656 Zeno
1864 2625 2036 2664 imperator
2052 2624 2219 2656 calandio-

1181 2685 1254 2708 nem
1262 2698 1272 2715 ,
1286 2677 1322 2708 ut
1333 2676 1538 2708 Antiochenae
1550 2676 1632 2708 sedis
1647 2676 1812 2716 episcopus
1823 2678 2013 2708 sacraretur.
2031 2678 2138 2714 Quum
2155 2685 2215 2707 au-

1181 2728 1246 2759 tem
1262 2727 1395 2768 pecunia
1410 2727 1562 2767 indigeret
1580 2727 1760 2767 imperator,
1780 2736 1850 2759 eam
1868 2736 1907 2759 ex
1924 2726 2218 2759 denuntiationibus

1181 2779 1242 2811 sibi
1259 2779 1466 2820 comparavit.
1492 2779 1582 2811 Multi
1594 2779 1688 2811 rebus
1703 2779 1794 2810 novis
1808 2782 1918 2810 contra
1930 2778 2020 2810 illum
2033 2778 2216 2818 studentes,

1181 2831 1265 2871 capti
1282 2840 1390 2871 poenas
1404 2830 1572 2862 dederuut.
1615 2830 1717 2862 Multa
1730 2830 1807 2862 lllus
1830 2831 1982 2861 Romanae
2007 2829 2052 2861 rei
2080 2829 2218 2869 publicae

1181 2883 1338 2922 contulit,
1351 2891 1451 2922 quum
1467 2882 1589 2914 militi-‘n
1601 2881 1696 2913 rebus
1711 2881 1834 2912 sortiter
1849 2880 1956 2920 gestis,
1969 2883 2040 2912 tum
2053 2880 2139 2911 domi
2157 2880 2217 2911 ho-

1181 2936 1276 2967 nestis
1288 2935 1400 2967 studiis
1415 2942 1451 2966 ac
1463 2934 1594 2974 justitiae
1607 2933 1704 2965 cultu.
1721 2935 1795 2965 Post
1807 2933 2033 2973 interemptum
2044 2933 2215 2972 Nepotem,

1182 2986 1403 3027 imperatorem
1421 2988 1611 3025 Romanum,
1628 2985 1660 3017 et
1681 2984 1748 3024 ejus
1769 2992 1983 3016 successorem
2000 2983 2216 3022 Augustulum

1181 3038 1347 3078 expulsum
1358 3060 1366 3076 ‚
1377 3036 1520 3068 odoacer
1535 3035 1626 3068 ltalia
1641 3036 1738 3075 atque
1750 3035 1816 3075 ipsa
1831 3033 1910 3066 adeo
1928 3034 2007 3065 urbe
2023 3033 2142 3073 potitus
2154 3034 2214 3065 est.

1181 3088 1417 3122 Rebellantibus
1431 3089 1537 3119 autem
1549 3087 1623 3119 huic
1638 3085 1818 3118 Occidentis
1834 3084 1944 3123 Gallis,
1958 3085 1990 3116 et
2004 3083 2157 3123 legatione
2173 3084 2215 3116 ab

1181 3140 1254 3180 ipsis
1263 3163 1272 3179 ,
1292 3139 1416 3179 aliaque
1431 3139 1472 3170 ab
1482 3139 1625 3170 odoacro
1637 3137 1675 3168 ad
1688 3139 1846 3169 Zenonem
1859 3135 1968 3174 missa,
1983 3137 2016 3166 in
2031 3134 2213 3166 odoacrum

1181 3192 1279 3232 magis
1301 3190 1434 3223 Zenonis
1459 3190 1585 3221 animus
1608 3188 1783 3221 inclinavit.
1829 3187 1948 3219 Alanus
1972 3185 2103 3226 quidam
2129 3186 2213 3216 occi-

1181 3244 1255 3276 dere
1269 3244 1361 3275 inum
1377 3243 1527 3281 conatus,
1544 3250 1645 3282 quum
1662 3249 1735 3273 eum
1755 3239 1976 3280 percussisset,
1993 3238 2034 3270 ab
2050 3238 2214 3278 Epinicio‚

1181 3297 1235 3336 qui
1249 3297 1316 3327 erat
1332 3296 1454 3327 Verinae
1466 3294 1676 3332 domesticus,
1689 3293 1897 3324 subornatum
1913 3300 1946 3322 se
1960 3290 1997 3322 ad
2014 3290 2134 3322 caedem
2149 3290 2213 3330 ait;

1181 3348 1287 3388 itaque
1313 3346 1450 3378 traditus
1474 3346 1531 3377 lllo
1547 3345 1705 3385 Epinicius
1718 3345 1785 3382 est,
1799 3343 1854 3384 qui
1871 3342 1946 3373 data
1960 3341 2021 3373 tide
2034 3344 2066 3373 et
2081 3341 2212 3372 oblivio·

1180 3399 1227 3431 nis
1239 3400 1270 3431 ct
1283 3398 1487 3438 praemiorum
1496 3421 1505 3437 ‚
1519 3396 1629 3429 ordine
1654 3396 1769 3428 cunc-ta
1782 3393 1959 3432 enarravit,
1975 3401 2046 3434 quae
2073 3391 2106 3423 in
2118 3391 2211 3423 illum
