2372 3704
107 257 180 290 330

96 335 256 388 ἀδελφὸν,
276 337 334 375 καὶ
354 337 595 391 ὑποστρέψας,
609 338 649 377 τὸ
665 338 868 390 σύμπτωμα
890 340 994 393 τύχης
1016 336 1133 391 εἶπεν,

92 394 131 431 οὐ
146 394 312 446 κρίσεως,
327 394 518 446 γεγονέναι.
535 395 578 435 Ὁ
595 395 630 434 δὲ
649 397 746 447 γνοὺς
762 395 926 446 τάληθὲς,
945 400 1134 452 ἐφυγάδευ-

93 466 150 488 σεν
166 466 175 475 ·
192 453 238 496 ὡς
257 451 479 506 Ἀριστοκλῆς
495 455 530 492 ἐν
548 453 653 507 τρίτῳ
669 454 866 494 Ἰταλικῶν.

600 560 634 584 2.

145 626 205 664 Id.
221 626 317 663 ibid.
337 639 372 663 c.
393 631 438 671 41
460 641 468 663 z
485 626 678 678 Τηλέγονος
691 627 890 671 Ὀδυσσέως
907 627 966 666 καὶ
985 628 1136 681 Κίρκης,

94 681 149 719 ἐπ’
167 683 378 730 ἀναζήτησιν
393 688 454 722 τοῦ
473 685 603 737 πατρὸς
618 685 803 738 πεμφθεὶς,
822 685 929 735 ἔμαθε
948 686 1047 725 πόλιν
1068 687 1137 725 κτί-

93 755 171 788 σαι,
193 740 274 780 ἔνθα
296 741 336 780 ἂν
356 741 412 794 ἴδῃ
429 742 600 796 γεωργοὺς
619 744 918 796 ἐστεφανωμένους
934 744 994 782 καὶ
1012 745 1136 797 χορεύ-

93 813 206 843 οντας.
225 800 412 851 Γενόμενος
433 799 468 839 δὲ
489 801 580 839 κατά
598 817 675 839 τινα
691 802 796 840 τόπον
812 805 874 849 τῆς
893 802 1061 850 Ἰταλίας,
1077 803 1136 842 καὶ

93 858 305 908 θεασάμενος
321 859 500 912 ἀγροίκους
513 859 678 911 πρινίνοις
687 860 825 904 κλοίδοις
839 862 1138 913 ἐστεφανωμένους

92 915 154 953 καὶ
172 916 316 968 ὀρχήσει
334 921 693 970 προσευκαιροῦντας,
712 918 826 957 ἔκτισε
853 918 969 966 πόλιν,
990 919 1060 957 ἀπὸ
1077 923 1136 957 τοῦ

93 975 358 1027 συγκυρήματος
382 976 566 1029 Πρίνιστον
585 976 782 1027 ὀνομάσας,
805 977 848 1024 ἣν
869 977 1043 1026 Ῥωμαῖοι
1066 993 1135 1016 πα-

94 1032 260 1085 ραγώγως
278 1033 492 1086 Πραίνεστον
511 1035 691 1083 καλοῦσιν,
709 1037 755 1086 ὥς
770 1037 901 1088 ἱστορεῖ
916 1036 1139 1089 Ἀριστοκλῆς

93 1093 128 1128 ἐν
143 1091 249 1144 τρίτῳ
265 1092 461 1132 Ἰταλικῶν.

474 1215 764 1256 ΠΑΡΑΔΟΞΑ.

597 1309 633 1348 3.

412 1402 442 1437 Ε
468 1402 620 1438 LIBRO
647 1402 818 1439 PRIMO.

147 1495 315 1532 Stobaeus
327 1474 458 1530 Floril.
475 1493 541 1538 64,
559 1492 605 1540 37
625 1506 633 1529 :
649 1490 905 1543 Ἀριστοκλέους
917 1492 950 1530 ἐν
969 1491 1001 1530 α’
1020 1494 1139 1545 Παρα·

95 1551 214 1596 δόξων,
236 1550 398 1603 Ἐφέσιος
423 1551 473 1602 τῷ
494 1549 585 1601 γένει
604 1549 739 1593 νεανίας
765 1553 834 1588 τῶν
852 1550 1049 1602 ἐπισήμων,
1068 1553 1139 1595 υἱὸς

95 1610 369 1662 Δημοστράτου,
385 1614 460 1652 ταῖς
476 1608 504 1646 δ’
521 1607 699 1654 ἀληθείαις
715 1607 843 1660 Ἄρεως
858 1638 867 1655 ,
885 1612 981 1653 οὗτος
997 1609 1035 1647 τὸ
1053 1613 1137 1657 θῆλυ
1186 1614 1190 1618 ’

95 1672 207 1720 μισῶν
226 1668 343 1720 γένος,
365 1665 484 1710 νυκτὸς
507 1666 646 1718 βαθείας
666 1668 713 1710 εἷς
732 1666 794 1709 τὰς
811 1667 979 1720 πατρῴας
999 1667 1136 1721 ἔτρεχεν

94 1726 241 1778 ἀγέλας,
261 1726 321 1764 καὶ
340 1724 406 1778 ὄνῳ
421 1722 618 1775 συνεγένετο
637 1724 771 1776 θηλείᾳ.
789 1723 835 1763 Ἡ
853 1724 888 1762 δὲ
908 1725 1028 1777 ἔγκυος
1042 1741 1137 1777 γενο-

95 1785 184 1836 μένη
209 1785 303 1823 ἔτεκε
325 1783 431 1836 κόρην
460 1782 701 1829 εὐειδεστάτην
720 1782 947 1822 Ὀνοσκελίαν
968 1783 1137 1836 τοῦνομα,

94 1847 157 1892 τὴν
172 1844 409 1897 προσηγορίαν
425 1842 602 1881 λαὸοῧσαν
621 1841 690 1880 ἀπὸ
705 1845 766 1880 τοῦ
783 1842 1056 1894 συμπτώματος.

147 1905 293 1941 Eadem
309 1903 530 1939 Plutarchus
548 1903 686 1939 Parall.
713 1903 805 1939 min.
824 1915 859 1938 c.
883 1915 948 1952 29,
972 1911 1010 1939 et
1034 1906 1138 1953 Apo-

94 1964 181 2000 stol.
199 1975 310 2012 prov.
327 1963 431 2007 XIV,
459 1974 506 2008 70
522 1975 532 2008 ;
559 1968 720 2008 uterque
738 1973 810 2010 pro
827 1959 1050 2012 Ἀριστοκλῆς
1067 1976 1141 2012 po—

93 2024 152 2059 nit
182 2023 308 2058 notius
330 2033 471 2056 nomen
490 2018 742 2071 Ἀριστοτέλης.
779 2021 1003 2057 Aristoclem
1027 2023 1141 2058 etiam

94 2082 271 2118 Arsenius
295 2079 449 2116 exhibet
475 2092 516 2128 p.
551 2077 641 2115 385.
672 2078 830 2114 Librum
853 2079 1078 2116 Plutarchus
1105 2087 1142 2116 et

94 2140 275 2176 Arsenius
289 2138 452 2174 afferunt
461 2138 674 2180 secundum,
692 2137 912 2185 Apostolius
924 2142 1137 2186 septimum.

95 2200 279 2234 Juvenem
307 2197 529 2233 Plutarchus
554 2196 726 2231 nominat
756 2194 1055 2244 Aristonymum.
1090 2218 1141 2225 —

96 2254 354 2305 Ὀνοσκελίαν]
377 2253 580 2293 Ὀνόσκελιν
599 2254 790 2290 Plutarch.

1016 234 1308 298 Amsrocms

1698 373 1733 412 4.

1248 445 1377 484 Schol.
1398 446 1509 484 Pind.
1537 447 1691 497 Olymp.
1718 450 1810 497 VII,
1837 450 1887 487 66
1916 463 1924 486 :
1954 449 2001 489 Οἱ
2027 449 2091 501 μὲν
2110 453 2234 491 Παλα·

1197 500 1310 550 μοίονα
1327 501 1466 553 λέγουσι
1482 502 1581 555 ῥῆξαι
1598 503 1662 552 τὴν
1682 509 1742 543 τοῦ
1761 505 1840 550 Διὸς
1859 507 2025 558 κεφαλὴν,
2041 507 2096 547 ὅτε
2111 509 2236 556 Ἀθηνᾶ
2263 511 2265 513 ’

1199 560 1356 609 ἔγεννᾶτο
1369 575 1377 584 ·
1398 562 1429 598 οἳ
1447 560 1482 598 δὲ
1500 560 1650 614 Ἑρμῆν·
1670 565 1702 601 οἱ
1724 563 1760 601 δὲ
1784 565 1997 616 Προμηθέα·
2017 566 2239 618 Ἀριστοκλῆς

1197 615 1232 654 δὲ
1260 617 1447 669 ὑφίσταται
1463 618 1525 665 τὴν
1544 619 1700 670 γέννησιν
1717 621 1860 669 Ἀθηνᾶς
1887 624 1921 660 ἐν
1946 624 2086 675 Κρήτῃ·
2108 625 2236 679 νεφέλῃ

1197 673 1266 726 γάρ
1287 689 1371 726 φησι
1387 675 1577 730 κεκρύφθαι
1595 678 1658 725 τὴν
1679 678 1766 728 θεὸν,
1782 679 1840 718 τὸν
1861 679 1896 718 δὲ
1916 680 1983 720 Δία
2000 681 2180 730 πλήξαντα
2198 683 2238 722 τὸ

1196 732 1293 785 νέφος
1313 736 1487 785 προφῆναι
1502 736 1624 782 αὐτήν.

1250 790 1493 844 Ἀριστοκλῆς]
1513 796 1565 831 sic
1586 797 1740 834 Boeckh.
1764 811 1810 835 ex
1833 800 1981 836 Vratisl.
2009 802 2057 836 D.
2080 807 2118 837 et
2142 801 2240 838 Got-

1198 851 1292 898 ting.
1319 851 1407 887 cod.
1424 853 1564 902 3vulgo
1587 851 1824 908 Ἀρίσταρχος.
1848 859 1895 893 In
1913 859 2033 895 schol.
2051 866 2160 906 vett„
2174 861 2241 896 ubi

1198 909 1352 954 eadem,
1377 923 1450 958 pro
1468 908 1690 961 Ἀριστοκλῆς
1708 923 1764 951 est
1778 914 2030 967 Ἀριστοτέλης.
2051 918 2112 956 Ad
2126 920 2241 955 Para-

1199 966 1300 1002 doxa
1314 967 1361 1003 fr.
1381 968 1496 1004 refert
1509 971 1815 1009 Westermannus
1837 987 1924 1010 cum
1938 975 2130 1014 Boeckhio.
2149 977 2242 1014 For-

1199 1031 1292 1061 tasse
1309 1034 1462 1074 praestat
1478 1027 1615 1064 referre
1642 1029 1691 1065 ad
1712 1031 1896 1080 scriptum
1917 1035 2128 1082 argumenti
2152 1047 2242 1083 my-

1200 1083 1404 1133 thologici3
1421 1086 1532 1134 quale
1551 1086 1645 1123 illud
1665 1087 1712 1124 de
1727 1087 1950 1138 Gigantibus
1967 1091 2028 1141 (v.
2047 1091 2093 1130 fr.
2113 1090 2174 1141 6).

1252 1252 1394 1291 AElian.
1419 1255 1469 1291 H.
1492 1257 1565 1291 An.
1586 1256 1663 1301 XI,
1689 1261 1709 1299 4
1735 1254 1839 1302 τΤὴν
1855 1256 2029 1311 Δήμητρα
2048 1257 2244 1311 Ἑρμιονεῖς

1201 1308 1360 1358 σέὸουσι,
1377 1310 1437 1349 καὶ
1451 1309 1587 1349 θύουσιν
1608 1313 1697 1365 αὐτῇ
1716 1315 1991 1366 μεγαλοπρεπῶς
2005 1331 2042 1353 τε
2059 1315 2118 1354 καὶ
2134 1316 2243 1355 <506oe-

1202 1369 1282 1421 ρῶς.
1306 1368 1379 1408 Καὶ
1395 1368 1459 1415 τὴν
1479 1368 1600 1421 ἑορτὴν
1615 1370 1748 1410 Χθόνια
1768 1374 1948 1412 καλοῦσιν.
1967 1371 2160 1423 Μεγίστους
2185 1369 2243 1412 οὖν

1201 1425 1316 1464 ἀκούω
1334 1429 1413 1478 βοῦς
1436 1426 1503 1464 ὑπὸ
1522 1430 1583 1474 τῆς
1603 1427 1731 1480 ἱερείας
1753 1431 1814 1475 τῆς
1836 1429 2021 1482 Δήμητρος
2040 1430 2186 1482 ἄγεσθαί
2206 1448 2242 1471 τε

1199 1484 1284 1537 πρὸς
1302 1483 1420 1545 Εωμὸν
1435 1486 1474 1522 ἐκ
1492 1487 1554 1531 τῆς
1573 1486 1709 1537 ἀγέλης,
1727 1487 1786 1525 καὶ
1807 1486 1898 1525 θύειν
1921 1487 2045 1532 ἑαυτὰς
2061 1489 2239 1542 παρέχειν.

1202 1543 1338 1587 Καὶοῑς
1355 1541 1446 1594 λέγω
1466 1543 1598 1597 μάρτυς
1618 1544 1857 1597 Ἀριστοκλῆς,
1883 1545 1919 1591 ὅς
1938 1546 2004 1585 πού
2024 1562 2130 1600 φησι·

1282 1659 1426 1701 Δάματερ
1438 1660 1616 1701 πολύκαρπε
1626 1685 1635 1700 ,
1650 1660 1689 1693 σὺ
1707 1661 1764 1700 κήν
1778 1662 1948 1694 Σικελοῖσιν
1964 1663 2109 1705 ἐναργὴς,

1326 1708 1380 1738 καὶ
1400 1707 1471 1748 παρ’
1487 1699 1690 1748 Ἐρεχθείδαις
1703 1719 1710 1726 ·
1729 1709 1760 1740 ἓν
1773 1709 1806 1741 δέ
1818 1721 1847 1740 τι
1860 1709 1988 1751 [τοῦτο]
2002 1711 2082 1751 μέγα

1281 1753 1392 1795 κρίνετ’
1403 1755 1434 1785 ἐν
1449 1754 1657 1795 Ἑρμιονεῦσι·
1670 1755 1722 1786 τὸν
1735 1755 1766 1792 ἐξ
1778 1756 1887 1797 ἀγέλης
1899 1757 1958 1798 γὰρ
1972 1757 2080 1799 ἀφειδῆ

1323 1803 1447 1841 ταῦρον,
1461 1801 1495 1848 δν
1507 1800 1565 1842 οὐχ
1578 1802 1698 1842 αἱροῦσ’
1713 1802 1813 1843 ἀνέρες
1829 1803 1898 1835 οὐδὲ
1910 1804 1998 1843 δέκα,

1283 1850 1390 1878 τοῦτον
1409 1850 1502 1888 γραῦς
1516 1847 1686 1888 στείχουσα
1702 1849 1782 1887 μόνα
1798 1849 1890 1889 μόνον
1903 1851 2013 1887 οὔατος
2033 1851 2114 1883 ἕλκει

1328 1893 1408 1924 τόνδ’
1426 1894 1476 1925 ἐπὶ
1491 1894 1596 1934 βωμόν
1606 1903 1615 1910 ·
1630 1895 1647 1926 ὁ
1659 1894 1685 1926 δ’
1699 1897 1740 1931 ὡς
1754 1896 1860 1937 ματέρι
1873 1899 1944 1933 παῖς
1962 1898 2080 1929 ἕπεται.

1284 1940 1342 1972 Σὸν
1354 1939 1440 1979 τόδε,
1457 1940 1618 1981 Δάματερ,
1634 1942 1689 1972 σὸν
1707 1942 1743 1974 τὸ
1759 1942 1862 1979 σθένος
1874 1951 1882 1959 ”
1902 1943 1988 1980 ἵλαος
2004 1944 2086 1984 εἴης,

1327 1987 1381 2019 καὶ
1394 1987 1518 2018 πάντων
1531 1987 1635 2019 θάλλοι
1648 1989 1759 2029 κλᾶρος
1778 1989 1809 2020 ἐν
1823 1989 1978 2031 Ἑρμιόνῃ.

1254 2082 1312 2117 De
1323 2093 1365 2117 re
1382 2080 1431 2116 cf.
1447 2081 1651 2117 Pausanias
1666 2083 1703 2117 II
1716 2109 1726 2127 ‚
1750 2080 1797 2118 35
1810 2109 1820 2128 ‚
1838 2082 1875 2119 5.
1892 2083 2090 2132 Templum
2107 2083 2245 2121 Chtho-

1204 2139 1274 2174 niae
1291 2139 1436 2176 Cereris
1449 2151 1471 2176 a
1482 2140 1615 2188 piratis
1633 2140 1801 2176 dirutum
1814 2141 1987 2190 Pompeii
2000 2143 2245 2190 temporibus.

1202 2199 1247 2234 V.
1265 2197 1453 2234 Plutarch.
1474 2199 1610 2246 Pomp.
1626 2211 1660 2235 c.
1680 2202 1745 2241 24.
1761 2200 2034 2248 Argumentum
2048 2199 2247 2249 fragmenti

1205 2255 1415 2292 Paradoxis
1443 2263 1595 2305 aptum3
1624 2257 1795 2293 versibus
1823 2269 1868 2294 ea
1884 2259 2114 2306 scripserunt
2131 2259 2246 2307 Poly-

97 2367 228 2399 l'ratrem
240 2365 376 2405 occidit,
386 2365 584 2405 domumque
593 2373 739 2396 reversus
748 2389 757 2404 ‚
767 2365 910 2403 fortuito,
924 2373 989 2396 non
996 2366 1143 2398 consulto

98 2428 166 2452 rem
187 2419 233 2450 ita
248 2419 427 2450 consectam
443 2418 535 2449 dixit.
553 2419 648 2449 Pater
661 2425 738 2449 vero
757 2425 830 2448 eum
841 2441 850 2456 ,
868 2426 902 2449 re
920 2419 1083 2458 comperta
1107 2418 1143 2450 ut

98 2471 184 2511 erat,
197 2471 359 2502 extorrem
368 2469 441 2510 egit.
459 2469 629 2501 Aristocles
650 2468 745 2500 tertio
761 2470 881 2500 Rerum
895 2469 1092 2501 Italicarum.

601 2523 638 2554 2.

138 2578 316 2619 Telegonus
332 2575 453 2617 Ulyssis
480 2583 498 2607 e
513 2575 605 2608 Circe
630 2575 715 2607 filius
733 2576 848 2607 missus
866 2575 906 2607 ad
930 2576 1143 2616 indagandum

99 2631 222 2671 patrem
232 2652 241 2668 ,
255 2627 396 2660 monitus
408 2627 456 2659 est
479 2627 516 2658 ut
543 2626 588 2663 ibi
603 2626 716 2658 urbem
730 2626 900 2666 conderet,
921 2626 975 2658 ubi
994 2628 1077 2659 serta
1089 2636 1141 2667 ge·

99 2683 205 2715 rentes
214 2680 366 2722 agricolas
374 2680 491 2712 saltare
501 2678 633 2711 videret.
646 2681 818 2719 Quumque
829 2679 861 2710 in
873 2679 1032 2719 quendam
1043 2679 1145 2711 ltaliae

100 2735 207 2766 locum
224 2732 374 2771 venisset,
387 2729 521 2763 offendit
534 2730 663 2762 colonos
673 2730 770 2762 ramis
779 2730 881 2770 ilignis
892 2730 1053 2762 redimitos
1066 2730 1144 2761 cho-

100 2786 161 2818 reis
176 2784 424 2823 vacare.1taque
439 2782 552 2813 urbem
566 2781 609 2813 ibi
622 2781 779 2822 condidit,
793 2785 826 2814 et
838 2781 879 2813 ab
891 2782 1006 2813 eventu
1024 2781 1144 2813 Printi-

100 2840 186 2869 stum
211 2837 276 2876 (est
292 2836 377 2868 enim
398 2835 480 2874 ilex,
500 2834 622 2866 Graecis
631 2834 771 2875 prinas)
799 2834 986 2866 nominavit.
1013 2834 1146 2866 Romani

101 2898 172 2921 eam
190 2888 303 2920 urbem
325 2895 403 2918 voce
421 2886 548 2918 detorta
571 2887 734 2918 Praeneste
748 2885 918 2926 appellant.
936 2885 986 2918 Sic
1002 2893 1144 2918 comme-

101 2940 205 2973 morat
217 2938 386 2972 Aristocles
402 2938 496 2971 tertio
506 2940 625 2970 Rerum
639 2937 836 2970 Italicarum.

476 3027 768 3067 PARADOXA.

606 3113 639 3145 3.

143 3181 193 3211 Ex
218 3177 417 3211 Aristoclein
445 3176 548 3217 primo
567 3177 819 3209 Paradoxorum.
840 3177 996 3218 Ephesius
1019 3176 1145 3216 juvenis

103 3231 238 3271 nobilis,
267 3229 525 3270 (Aristonymus)
554 3230 746 3261 Demostrati
771 3230 871 3269 silius,
901 3237 1013 3261 revera
1034 3229 1144 3260 autem

103 3284 206 3316 Marte
220 3282 328 3320 satus,
355 3280 510 3312 muliebre
535 3289 634 3320 genus
653 3289 785 3318 exosus,
811 3282 904 3312 nocte
920 3279 1081 3320 profunda
1104 3279 1144 3311 ad

106 3337 252 3376 paternas
267 3333 431 3366 contendit
443 3341 551 3372 greges
566 3334 661 3372 atque
674 3333 794 3364 asinam
810 3332 913 3364 inivit.
925 3334 1005 3369 Quae
1017 3331 1144 3371 gravida

106 3387 189 3418 sacta
201 3386 339 3427 puellam
353 3385 472 3425 peperit
485 3384 742 3424 pulcherrimam,
757 3384 808 3416 cui
824 3384 1000 3418 Onosceliae
1014 3392 1142 3422 nomen,

107 3438 147 3470 de
159 3438 196 3470 iis
212 3445 285 3479 quae
301 3435 501 3475 acciderant,
519 3435 653 3468 inditum
670 3437 727 3468 est.

1706 2381 1744 2415 4.

1243 2445 1394 2478 Nonnulli
1409 2445 1632 2478 Palamaonem
1642 2468 1651 2484 ,
1667 2445 1720 2478 alii
1730 2445 1923 2479 Mercurium
1931 2469 1941 2486 ,
1954 2445 2008 2478 alii
2021 2445 2246 2479 Prometheum

1203 2497 1315 2529 dicunt
1328 2498 1424 2537 caput
1441 2497 1601 2538 aperuisse
1615 2498 1688 2530 Jovi
1710 2497 1887 2529 Minervam
1909 2497 2111 2538 parturienti.
2127 2499 2247 2531 Aristo-

1204 2550 1269 2581 cles
1281 2558 1358 2582 vero
1382 2549 1560 2582 Minervam
1575 2550 1608 2581 in
1632 2550 1726 2582 creta
1740 2550 1850 2582 natam
1867 2558 1937 2582 esse
1955 2550 2085 2591 statuit,
2106 2549 2247 2591 dicitque

1205 2600 1297 2632 deam
1322 2601 1355 2632 in
1379 2601 1466 2633 nube
1484 2601 1629 2640 latuisse,
1645 2609 1746 2642 quam
1761 2601 1881 2634 nubem
1901 2603 1920 2634 J
1924 2602 2049 2643 uppiter
2066 2601 2247 2642 percutiens

1205 2651 1298 2684 deam
1314 2652 1346 2684 in
1362 2652 1468 2684 lucem
1480 2651 1638 2685 edidisset.

1708 2736 1744 2768 5.

1246 2800 1395 2832 Cererem
1412 2798 1657 2831 Hermionenses
1672 2798 1799 2837 colunt,
1819 2799 1852 2830 et
1874 2797 2039 2839 splendida
2050 2799 2079 2831 ei
2101 2798 2246 2840 magnili-

1205 2859 1307 2891 caque
1334 2858 1423 2882 sacra
1444 2850 1566 2882 faciunt
1594 2859 1602 2880 :
1631 2850 1749 2881 festum
1763 2849 1844 2880 illud
1859 2849 2052 2881 Chthonium
2074 2850 2246 2890 appellant.

1205 2903 1306 2936 Audio
1319 2912 1394 2935 sanc
1410 2903 1566 2934 maximos
1579 2901 1676 2934 boves
1688 2910 1708 2933 a
1723 2901 1868 2941 muliere,
1882 2901 2005 2934 Cereris
2016 2901 2192 2941 sacerdote,
2205 2901 2245 2933 ad

1205 2964 1293 2987 aram
1303 2964 1320 2987 e
1329 2964 1420 2996 grege
1432 2963 1465 2987 se
1476 2954 1592 2987 abduci
1601 2955 1696 2994 atque
1706 2954 1838 2986 mactari
1847 2954 2041 2995 permittere.
2050 2956 2127 2987 Hoec
2138 2955 2247 2987 autem

1204 3007 1385 3040 testimonio
1398 3006 1586 3047 comprobat
1602 3005 1773 3038 Aristocles
1782 3027 1793 3046 ,
1806 3005 1863 3046 qui
1875 3005 1960 3037 canit
1976 3017 1984 3037 ε

1276 3113 1301 3140 0
1314 3111 1442 3141 fecunda
1455 3111 1561 3144 ceres,
1576 3109 1687 3138 siculas
1700 3108 1869 3137 veneranda
1883 3115 1937 3144 per
1949 3114 2030 3139 oras,

1310 3157 1527 3193 Cecropiosque
1536 3156 1636 3191 agros!
1652 3154 1709 3183 hoc
1726 3161 1782 3189 ego
1794 3154 1943 3190 praecipue

1276 3204 1379 3238 miror,
1390 3204 1420 3231 in
1434 3202 1595 3230 Hermione
1613 3200 1695 3237 quod
1708 3207 1816 3236 magno
1828 3199 1937 3228 robore
1950 3201 2068 3228 taurum
2077 3220 2085 3234 ,

1310 3256 1456 3287 quemque
1466 3248 1521 3277 viri
1534 3249 1652 3284 possent
1663 3247 1711 3275 vix
1723 3246 1869 3275 domuisse
1887 3246 1989 3275 decem
1997 3266 2006 3281 ‚

1276 3305 1292 3327 e
1305 3304 1392 3333 grege
1404 3295 1566 3324 deductum
1578 3294 1640 3323 sola
1657 3301 1729 3323 aure
1741 3293 1862 3322 adduxit
1875 3293 1911 3321 ad
1924 3300 2006 3321 aram

1310 3345 1410 3372 sancta
1420 3342 1473 3371 tibi
1490 3342 1612 3374 mulier;
1631 3342 1681 3377 qui
1699 3347 1773 3377 puer
1788 3342 1823 3368 ut
1833 3339 1974 3376 sequitur.

1277 3392 1348 3419 llaec
1365 3391 1415 3418 tua
1428 3389 1485 3424 vis,
1499 3389 1602 3421 Ceres,
1617 3389 1676 3419 σείς
1692 3390 1724 3416 tu
1737 3387 1821 3415 nobis
1833 3387 1895 3414 esto
1907 3385 2051 3422 benigna,

1311 3443 1364 3472 per
1378 3438 1463 3471 teque
1482 3434 1641 3463 Hermione
1654 3434 1718 3462 laeta
1731 3432 1814 3461 beata
1832 3431 1903 3460 ruat.
