2372 3704
556 282 808 331 DAMONIS,
838 282 1150 333 DAMOCRlTI,
1180 282 1411 324 DEMADIS
1440 283 1769 326 FRAGMENTA.

83 370 273 417 Βυζαντίου
291 372 452 422 scripsit,
468 373 656 421 siquidem
672 380 775 409 recte
791 373 852 408 hic
867 385 889 408 a
903 373 1042 409 Nostro
1064 372 1126 408 di-

82 443 206 468 versus
226 443 303 468 esse
313 438 484 480 putatur.

497 554 715 569 m·—

459 661 552 717 DA
561 661 745 719 MON.

378 795 410 833 11
420 794 515 832 Epi.
529 793 833 832 ΒΥΖΑΝΤιοΥ.

135 905 336 942 Athenaeus
354 906 407 951 X,
425 919 467 955 p.
493 912 585 957 442,
601 906 630 945 C
647 918 656 944 2
685 905 877 958 Φύλαρχος
891 907 925 944 ἐν
951 905 1034 958 ἕκτῃ
1062 908 1130 945 Bu-

84 961 257 1012 ζαντίους,
278 961 482 1016 οἰνόφλυγας
511 963 630 1011 ὄντας,
647 965 681 1003 ἐν
701 966 772 1007 τοῖς
791 964 995 1011 καπηλείοις
1011 966 1130 1012 οἰκεῖν,

83 1016 369 1071 ἐκμισθώσαντας
397 1020 476 1065 τοὺς
501 1023 632 1060 ἑαυτῶν
665 1021 843 1074 θαλάμους
864 1023 954 1073 μετὰ
974 1025 1041 1061 τῶν
1068 1039 1128 1074 γυ·

89 1081 221 1118 ναικῶν
240 1081 311 1123 τοῖς
331 1078 453 1127 ξένοις,
475 1080 644 1131 πολεμίας
664 1080 855 1133 σάλπιγγος
875 1081 946 1120 οὐδ’
964 1083 998 1120 ἐν
1014 1080 1133 1126 ὕπνοις

83 1137 319 1189 ὖπομένοντας
337 1139 498 1179 ἀκοῦσαι.
514 1139 577 1178 Διὸ
597 1139 658 1178 καὶ
677 1140 950 1191 πολεμουμένων
967 1139 1051 1179 ποτὲ
1067 1141 1130 1178 αὖ·

82 1199 166 1248 τῶν,
186 1197 246 1235 καὶ
265 1198 680 1259 οὖ.προσκαρτερούντων
700 1202 770 1243 τοῖς
784 1199 935 1251 τείχεσι,
956 1199 1133 1247 Λεωνίδης

86 1259 104 1294 ὁ
122 1256 316 1309 στρατηγὸς
329 1255 490 1295 ἐκέλευσε
503 1255 548 1294 τὰ
561 1258 738 1304 καπηλεῖα
754 1257 811 1296 ἐπὶ
825 1260 892 1295 τῶν
903 1260 1028 1311 τειχῶν
1045 1274 1143 1305 σκη-,

83 1319 263 1368 νοπηγεῖν,
293 1315 354 1354 καὶ
375 1315 474 1367 μόλις
493 1316 576 1354 ποτὲ
598 1315 798 1355 ἐπαύσαντο
817 1317 1106 1361 λιποτακτοῦντες
1119 1347 1130 1368 ,

84 1374 129 1419 ὥς
150 1390 235 1428 φησι
249 1375 382 1426 Δάμων
397 1376 431 1414 ἓν
448 1377 499 1428 τῷ
514 1374 602 1429 Περὶ
622 1376 830 1420 Βυζαντίου.

137 1436 279 1472 Eadem
294 1448 340 1472 ex
368 1435 550 1472 Athenaeo
565 1436 744 1472 hauriens
762 1437 838 1472 suis
864 1436 991 1472 verbis
1004 1444 1135 1472 narrat

82 1495 220 1532 AElian.
238 1496 282 1532 V.
299 1495 349 1530 H.
372 1494 446 1539 ΙΙΙ,
473 1498 534 1538 14.
553 1492 614 1532 Cf.
637 1493 842 1543 Phylarch.
872 1493 941 1543 (fr.
971 1495 1042 1543 10)
1066 1507 1129 1544 ap.

82 1554 218 1591 Athen.
234 1553 260 1591 l.
279 1553 304 1590 l.
320 1554 417 1588 Rem
431 1552 480 1589 ad
504 1565 549 1589 ea
576 1559 754 1602 tempora
775 1554 969 1602 pertinere
995 1554 1135 1602 quibus

81 1612 291 1650 Antiochus
318 1612 519 1659 Byzantios
533 1612 636 1647 bello
657 1613 840 1662 petiverit
868 1612 920 1660 (c.
944 1625 1007 1649 an.
1033 1613 1134 1648 262-

85 1670 160 1708 258
178 1670 208 1720 ),
248 1671 414 1719 suspicio
463 1678 518 1706 est
550 1671 752 1719 Droysenii
790 1670 801 1720 (
818 1673 1037 1707 Hellenism.
1074 1673 1131 1716 ΙΙ,

81 1743 123 1779 p.
151 1728 264 1779 285).
282 1730 424 1775 Contra
449 1729 714 1778 Bernhardyus
739 1730 788 1766 ad
810 1731 916 1768 Suid.
948 1743 986 1769 v.
1014 1728 1128 1775 Λέων,

81 1787 290 1825 Leonidem
319 1788 483 1824 eundem
509 1801 586 1825 esse
615 1796 727 1838 putat
752 1802 840 1825 cum
867 1785 1012 1826 Leonte
1041 1791 1135 1825 rhe—

82 1853 165 1883 tore
187 1847 430 1895 Philippique
447 1847 679 1884 adversario.
703 1848 799 1885 Vide
825 1848 958 1898 fragm.
979 1850 1136 1885 Leontis

83 1905 194 1957 (tom.
214 1907 267 1952 ΙΙ,
282 1919 320 1955 p.
337 1906 440 1956 330).

139 1967 342 2001 Damonem
364 1966 602 2013 Cyrenoeum,
631 1967 698 2013 qui
721 1968 777 2002 De
798 1966 1034 2015 philosophis
1052 1968 1137 2002 scri·

85 2025 226 2073 pserit‚
251 2032 441 2060 memorat
459 2025 573 2072 Diog.
598 2026 644 2061 L.
667 2027 706 2070 Ι,
735 2030 779 2068 14
800 2036 808 2062 :
828 2023 959 2073 Δάμων
978 2027 996 2061 ὁ
1014 2026 1135 2076 Κυρη-

85 2087 201 2129 ναῖος,
223 2080 405 2134 γεγραφὼς
427 2080 517 2133 Περὶ
536 2083 605 2120 τῶν
628 2081 836 2135 φιλοσόφων,
853 2088 959 2121 πᾶσιν
975 2083 1134 2134 ἐγκαλεῖ,

85 2139 248 2191 μάλιστα,
262 2138 297 2179 δὲ
316 2142 386 2184 τοῖς
406 2140 508 2178 ἑπτά.

503 2268 722 2284 -φοοο-ο

355 2373 854 2433 DAMOCRITUS.

139 2500 273 2537 Suidas
303 2512 312 2538 τ
337 2498 576 2551 Δαμόκριτος,
606 2497 788 2550 ἱστορικός.
821 2498 983 2537 Τακτικὰ
1011 2499 1045 2536 ἐν
1081 2502 1137 2551 βι-

86 2556 192 2601 ὅλίοις
223 2556 269 2610 β’.
302 2556 391 2609 Περὶ
425 2557 626 2596 Ἰουδαίων
664 2551 749 2610 ἐνῷ
785 2556 887 2609 φησὶν
915 2555 967 2595 ὅτι
1004 2560 1139 2610 χρυσῆν

85 2615 163 2655 ὄνου
187 2614 342 2668 κεφαλὴν
362 2615 594 2668 προσεκύνουν
623 2614 683 2653 καὶ
711 2614 803 2653 κατὰ
829 2615 1016 2654 ἑπταετίαν
1047 2615 1138 2660 ξένον

87 2677 287 2726 ἀγρεύοντες
314 2673 538 2727 προσέφερον,
567 2674 626 2712 καὶ
659 2673 750 2712 κατὰ
781 2673 893 2712 λεπτὰ
918 2675 979 2718 τὰς
1009 2675 1140 2727 σάρκας

26 2756 34 2759 «
88 2732 264 2780 διέξαινον,
281 2733 341 2771 καὶ
361 2732 467 2777 οὕτως
491 2732 652 2786 ἀνῄρουν.

141 2794 313 2829 Eudocia
327 2807 368 2843 p.
390 2793 461 2830 128
470 2801 558 2843 post
568 2807 606 2832 v.
617 2792 794 2831 Ἰουδαίων
804 2795 952 2843 pergit:
973 2793 1134 2831 Αἰθιοπι-

87 2849 151 2897 κὴν
166 2850 320 2903 ἱστορίαν
335 2851 394 2889 καὶ
415 2851 520 2892 ἄλλα.
540 2874 593 2881 -—
611 2851 689 2890 ὄνου
709 2851 887 2905 κεφαλὴν]
904 2853 1046 2890 Eadem
1065 2854 1136 2890 sub

85 2923 126 2948 v.
144 2909 279 2954 Ἰούδας
295 2913 447 2960 repetit.
471 2928 486 2944 «
509 2914 566 2948 De
582 2912 721 2948 fabella
730 2926 765 2949 v.
776 2913 936 2962 interp).
949 2912 998 2948 ad
1011 2913 1135 2950 Tacit.

90 2970 187 3007 nist.
209 2972 255 3018 V,
276 2974 298 3014 4
315 2978 353 3006 et
372 2969 548 3007 Paullum
563 2969 711 3007 Comm.
728 2968 768 3006 ifi
781 2973 828 3010 N.
843 2973 886 3010 T.
906 2973 985 3017 ΙΙΙ,
1003 2984 1042 3020 p.
1063 2970 1136 3006 152

426 3099 492 3137 DE
521 3099 792 3138 BYZANTIO.

131 3182 329 3223 Phylarchus
346 3185 426 3217 libro
442 3186 532 3218 sexto
550 3186 721 3227 Byzantios
734 3186 778 3218 ait
794 3186 839 3218 ita
853 3186 981 3218 vinosos
999 3194 1084 3224 esse,
1102 3186 1139 3217 ut

92 3232 125 3264 in
146 3235 299 3274 cauponis
314 3235 479 3276 habitent,
493 3246 567 3269 suas
583 3237 668 3270 aedes
687 3237 782 3269 simul
806 3246 882 3268 cum
901 3237 1056 3268 uxoribus
1071 3237 1138 3268 elo-

93 3285 202 3317 cantes
215 3287 403 3328 peregrinis;
414 3289 537 3321 bellicae
550 3289 638 3322 tuboe
651 3299 766 3322 sonum
780 3299 821 3322 ne
833 3290 866 3321 in
882 3298 995 3321 somno
1009 3289 1138 3329 quidem

93 3336 246 3370 exaudire
268 3340 470 3374 sustinentes.
503 3343 614 3382 ltaque
639 3341 812 3382 aliquando
837 3351 940 3382 quum
957 3341 1042 3373 bello
1067 3340 1141 3381 ipsis

93 3387 182 3420 illato
196 3389 337 3423 laborem
351 3401 527 3434 curamque
541 3394 733 3426 tuendorum
746 3403 914 3425 murorum
931 3403 995 3425 non
1010 3394 1139 3432 ferrent,

96 3439 250 3473 Leonides
258 3441 323 3474 dux
337 3434 431 3483 iussit
447 3447 484 3477 ut
498 3454 681 3486 cauponum
693 3446 830 3478 tentoria
846 3454 942 3485 super
955 3445 1030 3485 ipsis
1041 3444 1141 3475 muris

97 3491 287 3536 figet-eumn
313 3505 378 3536 quo
401 3498 484 3530 facto
500 3507 583 3539 aegre
599 3499 727 3531 tandem
746 3499 886 3530 obtinuit
904 3500 938 3530 ut
961 3497 1140 3529 desinerent

2155 298 2229 331 377

1190 384 1274 419 sqq.
1293 387 1309 404 »
1325 372 1467 408 Bernh.
1489 394 1541 400 -—
1553 372 1762 424 ἑπταετίαν]
1780 374 1929 425 τριετίαν
1942 378 2010 413 sub
2030 392 2066 414 v.
2084 377 2230 423 Ἰούδας.

1244 431 1509 467 Damocritum
1518 431 1621 467 hunc
1636 433 1787 467 Jonsius
1804 434 1885 471 Ser.
1904 435 1954 472 H.
1978 437 2071 483 phil.
2097 450 2132 485 1,
2154 443 2192 485 4,
2212 438 2233 474 5

1194 487 1252 537 (et
1269 488 1447 526 Mullach.
1473 491 1538 526 ‘De
1563 491 1786 526 Democrito
1815 504 1854 539 p.
1883 493 1954 540 92)
1975 495 2136 531 eundem
2158 509 2236 534 esse

1190 547 1322 584 statuit
1335 560 1422 583 cum
1436 549 1630 584 Demetrio
1646 561 1758 595 quem
1773 551 1829 585 De
1841 551 1979 586 Judaeis
1991 552 2129 588 librum
2144 557 2236 591 scri-

1190 607 1306 654 psisse
1343 606 1474 642 dicunt
1504 607 1718 643 Alexander
1746 609 1964 656 Polyhistor
2001 618 2039 646 et
2067 612 2238 650 Clemens

1191 665 1299 700 Alex.
1326 665 1505 702 Stromat.
1532 666 1551 701 I
1564 693 1573 710 ‚
1600 678 1641 714 p.
1675 665 1762 710 146.
1794 668 1906 714 Quod
1930 681 2068 716 parum
2093 672 2237 718 proba-

1192 723 1281 761 bile.
1302 724 1395 760 Vide
1410 731 1492 762 not.
1510 724 1559 760 ad
1574 725 1777 763 Alexandr.
1796 725 1929 774 Polyh.
1948 740 1988 775 p.
2014 727 2102 764 208.
2115 730 2237 775 Quam

1192 781 1298 818 addit
1309 782 1477 818 Eudocia
1491 780 1700 827 Αἷθιοπικὴν
1714 781 1884 834 ἱστορίαν,
1898 797 1942 820 ea
1955 787 2083 821 nescio
2098 798 2145 821 an
2155 795 2237 824 orta

1191 841 1239 876 sit
1255 853 1300 876 ex
1316 842 1529 877 Democriti
1545 842 1736 887 Abderitae
1748 842 1848 878 libro
1861 844 1926 891 qui
1944 843 2135 880 ferebatur
2149 844 2237 897 Περὶ

1191 900 1259 936 τῶν
1277 900 1311 936 ἐν
1329 898 1452 951 Μερόῃ
1473 900 1573 951 ἱερῶν
1587 899 1820 952 γραμμάτων.

1610 1036 1828 1052 ψ

1537 1142 1897 1201 DEMADES.

1248 1272 1404 1309 Suidas:
1428 1270 1622 1321 Δημάδης,
1645 1270 1841 1320 Ἀθηναῖος,
1859 1271 1976 1326 ῥήτωρ
1996 1274 2055 1312 καὶ
2076 1275 2242 1326 δημαγω-

1198 1327 1255 1379 γὸς
1264 1332 1456 1381 πανοῦργος
1466 1329 1525 1366 καὶ
1536 1328 1703 1380 εὐτυχὴς,
1718 1329 1882 1382 πρότερον
1896 1330 2022 1378 ναύτης
2033 1331 2094 1370 ὤν.
2108 1330 2243 1386 Ἔγρα-

1194 1390 1256 1440 ψεν
1276 1387 1529 1438 Ἀπολογισμὸν
1548 1388 1633 1440 πρὸς
1652 1388 1884 1439 Ὀλυμπιάδα
1909 1392 1971 1435 τῆς
1993 1393 2118 1430 ἑαυτοῦ
2135 1394 2242 1431 δωδε-

1194 1446 1353 1494 καετίας,
1370 1445 1598 1499 Ἱστορίαν
1620 1447 1719 1498 περὶ
1751 1447 1897 1494 Δήλου
1929 1448 2002 1486 καὶ
2032 1453 2106 1497 τῆς
2131 1452 2242 1503 γενέ-

1195 1521 1298 1548 σεως
1317 1507 1396 1542 τῶν
1413 1507 1580 1551 Λητοῦς
1599 1505 1785 1545 παίδων.

1246 1565 1436 1603 Demades
1464 1565 1697 1614 demagogus
1727 1567 1911 1615 scriptum
1938 1568 2094 1616 reliquit
2123 1571 2237 1614 nihil,

1194 1626 1251 1660 uti
1269 1624 1425 1660 tradunt
1442 1624 1576 1662 Cicero
1604 1625 1707 1660 Brut.
1734 1638 1757 1672 9
1780 1632 1817 1660 et
1833 1626 2076 1672 Quinctilian.
2101 1629 2153 1673 ΙΙ,
2181 1642 2244 1675 17,

1202 1683 1267 1729 133
1285 1685 1363 1720 XII
1377 1712 1388 1733 ‚
1411 1696 1456 1719 10
1472 1710 1482 1728 ‚
1499 1688 1563 1731 49.
1580 1685 1706 1730 Quare
1721 1684 1825 1731 quod
1843 1693 2030 1733 superstes
2038 1694 2092 1723 est
2109 1690 2247 1724 oratio-

1196 1743 1253 1778 nis
1276 1742 1366 1792 Περὶ
1392 1740 1624 1784 δωδεκαετίας
1644 1741 1861 1792 (338-326)
1884 1743 2136 1793 fragmentum
2161 1760 2247 1796 sup-

1196 1801 1416 1849 positicium
1432 1813 1509 1837 esse
1528 1801 1601 1837 viri
1619 1801 1723 1837 docti
1733 1801 1960 1849 judicarunt
1983 1803 2035 1852 (v.
2060 1817 2155 1852 quos
2171 1807 2248 1842 lau-

1199 1860 1265 1896 dat
1281 1861 1558 1898 Westermann.
1592 1860 1725 1898 Gesclz.
1754 1862 1792 1897 d.
1819 1874 1876 1908 gr.
1895 1863 2047 1898 Beredr.
2077 1862 2141 1908 54,
2165 1865 2243 1914 16).

1198 1919 1318 1954 Multo
1332 1920 1456 1954 minus
1468 1919 1688 1967 persuaderi
1701 1920 1774 1955 sibi
1788 1921 1925 1968 aliquis
1939 1922 2105 1969 patietur
2116 1925 2248 1960 Dema-

1199 1978 1286 2014 dem
1312 1978 1426 2014 istum
1453 1979 1510 2014 De
1536 1979 1632 2013 Delo
1658 1979 1781 2014 insula
1807 1977 1964 2026 ejusque
1993 1979 2129 2016 sabulis
2153 1995 2248 2030 opus

1199 2037 1469 2085 composuisse.
1484 2036 1652 2072 Dubium
1666 2037 1732 2072 vix
1744 2044 1799 2072 est
1813 2037 1928 2072 alium
1939 2038 2132 2084 quendam
2145 2040 2177 2087 ej
2183 2054 2244 2076 us-

1201 2095 1286 2131 dem
1299 2096 1358 2131 vel
1371 2096 1501 2130 similis
1513 2095 1677 2130 nominis
1695 2094 1822 2130 virum
1834 2109 1919 2131 cum
1932 2104 2084 2133 oratore
2100 2110 2121 2133 a
2132 2099 2248 2135 Suida

1198 2148 1393 2187 confundi.
1407 2149 1465 2196 (V.
1476 2148 1718 2184 FabriciusB.
1732 2147 1796 2185 Gr.
1806 2150 1869 2194 IV,
1881 2162 1921 2197 p.
1933 2154 1981 2192 42
1993 2162 2004 2184 ι
2020 2151 2245 2195 3Rul1nken.

1199 2207 1295 2244 Hist.
1319 2207 1402 2244 crit.
1421 2213 1518 2244 orat.
1537 2206 1558 2255 §
1576 2205 1661 2255 73.)
1683 2207 1956 2256 Fragmentum
1972 2206 2096 2244 habeo
2111 2222 2243 2249 unum.

1252 2266 1379 2305 Schol.
1396 2265 1550 2303 Hesiod.
1564 2265 1707 2314 Theog.
1722 2265 1796 2313 913
1808 2296 1817 2312 ‚
1829 2266 1876 2302 de
1890 2268 2139 2315 Proserpina:
2155 2266 2247 2319 Ἥρ-

1199 2322 1334 2360 πάσθαι
1357 2321 1393 2360 δὲ
1417 2321 1524 2368 αὐτήν
1540 2337 1643 2375 φασιν
1661 2323 1692 2359 οἱ
1714 2321 1777 2371 μὲν
1801 2323 1840 2360 ἐκ
1861 2322 2043 2370 Σικελίας,
2063 2325 2248 2377 Βακχυλί-

1199 2381 1261 2427 δης
1276 2380 1311 2419 δὲ
1328 2383 1367 2420 ἐκ
1390 2380 1549 2433 Κρήτης,
1581 2379 1730 2433 Ὀρφεὺς
1750 2382 1789 2419 ἐκ
1816 2383 1884 2419 τῶν
1902 2381 1981 2434 περὶ
2006 2382 2064 2420 τὸν
2096 2384 2249 2425 ὠκεανὸν

1199 2440 1327 2488 τόπων,
1347 2439 1559 2491 Φανόδημος
1579 2438 1615 2477 δὲ
1645 2439 1715 2478 ἀπὸ
1733 2443 1795 2487 τῆς
1812 2439 1985 2488 Ἀττικῆς,
2014 2442 2184 2492 Δημάδης
2212 2443 2247 2482 δὲ

1200 2499 1235 2536 ἐν
1254 2498 1395 2543 νάπαις.

1253 2557 1449 2607 Δημάδης]
1462 2570 1546 2596 var.
1563 2559 1652 2595 lect.
1671 2556 1827 2608 Δημέας,
1839 2557 2016 2608 Δημαίας.
2031 2558 2177 2610 (Etym.
2192 2564 2246 2600 M.

1199 2631 1240 2667 p.
1264 2617 1360 2664 265,
1387 2630 1430 2653 12
1453 2631 1461 2653 :
1482 2615 1551 2653 ἀπὸ
1570 2620 1630 2654 τοῦ
1647 2617 1791 2666 Δημέας
1802 2617 1933 2668 γίνεται
1952 2618 2161 2667 Δημεάδης,
2189 2619 2248 2657 καὶ

1201 2674 1292 2713 κατὰ
1306 2675 1500 2725 συναίρεσιν
1517 2673 1718 2727 Δημάδης.)
1738 2675 1813 2713 Pro
1831 2677 1865 2713 ἐν
1883 2675 2007 2719 νάπαις
2024 2678 2154 2715 Ebert.
2173 2678 2250 2729 (Σι-

1201 2732 1325 2771 κελιών
1345 2748 1386 2784 p.
1414 2735 1481 2782 10)
1506 2735 1711 2783 proposuit
1737 2734 1772 2770 ἐν
1792 2733 1934 2777 Νάπαις
1961 2736 2023 2772 vel
2051 2736 2090 2772 ἐκ
2121 2735 2250 2781 Νάπης

1203 2794 1354 2843 (steph.
1377 2795 1421 2831 B.
1442 2791 1572 2842 Νάπη,
1587 2790 1685 2835 πόλις
1711 2791 1885 2840 Λέσὸου).
1905 2795 1975 2831 Cui
2007 2802 2133 2831 tamen
2152 2808 2248 2831 con-

1198 2853 1358 2901 jecturae
1372 2853 1610 2902 mythologia
1630 2864 1709 2888 non
1721 2852 1833 2889 favet.
1854 2851 1986 2889 Posses
2004 2866 2012 2889 :
2030 2853 2062 2889 ἐν
2084 2851 2247 2904 [”Εννας]

1203 2911 1340 2954 νάπαις.
1364 2914 1461 2949 Nam
1496 2912 1530 2948 ἐν
1551 2910 1619 2953 τοῖς
1634 2912 1782 2959 λειμῶσι
1804 2915 1874 2954 τοῖς
1902 2910 1994 2948 κατὰ
2027 2910 2090 2958 τὴν
2119 2910 2249 2950 Ἔνναν

1204 2972 1433 3019 Proserpina
1451 2977 1562 3019 rapta
1593 2982 1665 3006 sec.
1687 2970 1850 3009 Diodor.
1878 2973 1923 3016 V,
1944 2971 1982 3020 3,
2009 2972 2164 3007 Aristot.
2182 2973 2249 3007 Mi-

1199 3080 1243 3111 ini
1268 3079 1396 3111 ordines
1422 3079 1566 3111 deserere
1578 3103 1588 3119 ,
1616 3079 1710 3112 sicuti
1743 3081 1852 3112 narrat
1883 3082 2009 3112 Damon
2033 3081 2066 3112 in
2093 3080 2176 3112 libro
2204 3083 2249 3112 De

1201 3131 1365 3171 Byzantio.

1243 3183 1458 3222 Damocritus,
1474 3183 1660 3223 historicuS,
1680 3183 1805 3224 scripsit
1821 3184 2024 3216 Tacticorum
2040 3184 2136 3216 libros
2149 3184 2248 3222 duos,

1201 3235 1277 3267 item
1290 3234 1330 3266 de
1342 3236 1360 3266 J
1365 3234 1465 3266 udaeis
1484 3247 1490 3266 :
1506 3234 1538 3266 in
1551 3244 1616 3275 quo
1625 3244 1720 3275 opere
1730 3235 1826 3267 tradit
1839 3244 1893 3267 eos
1909 3245 2043 3267 aureum
2060 3236 2136 3266 asini
2154 3236 2249 3274 eaput

1201 3286 1352 3326 adorare,
1367 3287 1400 3318 et
1421 3286 1556 3326 septimo
1577 3295 1706 3327 quoque
1724 3295 1808 3318 anno
1829 3287 2029 3327 peregrinum
2050 3288 2178 3326 captum
2195 3294 2247 3317 sa-

1202 3338 1344 3370 crificare
1360 3339 1391 3370 et
1408 3337 1586 3370 interficere
1597 3363 1606 3378 ‚
1623 3347 1720 3371 carne
1737 3338 1805 3378 ejus
1818 3339 2003 3370 minutatim
2017 3338 2163 3369 dissecta.

1245 3391 1464 3431 Proserpinam
1481 3392 1606 3431 raptam
1620 3399 1690 3422 esse
1699 3391 1844 3422 nonnulli
1859 3390 1970 3421 dicunt
1988 3399 2006 3421 e
2026 3389 2132 3421 Sicilia
2143 3413 2152 3427 ‚
2167 3390 2248 3420 Bac-

1202 3442 1343 3483 chylides
1355 3452 1373 3474 e
1386 3444 1480 3475 Creta
1491 3467 1499 3483 ,
1513 3443 1657 3483 Orpheus
1674 3451 1691 3474 e
1705 3442 1783 3473 locis
1796 3442 1835 3472 ad
1847 3443 2008 3473 Oceanum
2026 3440 2093 3472 sitis
2102 3464 2110 3479 ,
2130 3439 2247 3471 Phano-

1202 3496 1314 3527 demus
1328 3505 1367 3527 ex
1386 3497 1489 3527 Attica
1501 3520 1510 3535 ‚
1532 3495 1686 3530 Demades
1700 3503 1775 3526 vero
1792 3503 1809 3525 e
1822 3493 1866 3522 **.
