2372 3704
131 223 207 256 462
425 215 802 256 NICANDRORUM
832 215 1200 268 anLcssnoau,

150 337 518 395 NICANDER
560 337 1144 402 CHALCEDONIUS.

472 461 825 501 ΠΕΡῙΠΕΤΕΙΑῙ.

418 646 448 681 Ε
481 645 633 682 Lumo
662 645 879 692 QUARTO.

355 744 578 796 Προυσίου
611 759 936 795 συμπτωματα.

178 846 377 882 Athenaeus
392 846 462 890 XI,
478 859 518 894 p.
531 845 622 893 496,
637 847 696 881 D:
716 842 950 895 Προυσιάς.
964 842 1174 882 εΌτιτὸττο-

124 903 243 955 τήριον
251 918 352 941 τουτο
364 901 524 975 ἔξορθόν’
510 918 596 950 εστι,
608 901 825 954 προείρηται.
841 900 946 940 Kal‘'
924 917 976 940 οτι
988 902 1051 949 τὴν
1062 918 1171 954 προσ-

126 961 271 1014 ηγορίαν
300 961 382 1013 ἔσχε
413 960 481 999 ἀπὸ
506 961 704 1012 Προυσίου,
731 963 792 998 τοῦ
818 960 980 1004 Βιθυνίας
1008 961 1173 1013 βασιλεύ-

124 1035 247 1064 σαντος
272 1019 332 1058 καὶ
364 1019 421 1057 ἐπὶ
452 1022 566 1072 τρυφῇ
594 1019 653 1057 καὶ
678 1018 837 1070 μαλακίᾳ
863 1019 1051 1066 διαὸοήτου
1081 1036 1177 1072 γενο-

125 1078 249 1129 μένου,
271 1080 400 1130 ἱστορεῖ
420 1078 611 1130 Νίκανδρος
630 1080 647 1115 ὁ
666 1077 904 1123 Χαλκηδόνιος
926 1079 964 1128 (ὁ
986 1078 1177 1131 Καλχηδό-

124 1153 193 1181 νιος
222 1152 291 1176 ms.
323 1140 371 1176 A.
383 1135 393 1188 )
425 1138 461 1174 ἐν
494 1135 650 1188 τετάρτῳ
680 1134 855 1188 Προυσίου
884 1137 1172 1187 συμπτωμάτων.

123 1198 296 1233 Prusiam
328 1197 496 1245 intellige
526 1196 737 1232 secundum
769 1195 883 1243 hujus
919 1198 1084 1233 nominis
1111 1211 1175 1234 re-

123 1267 228 1304 gem,
250 1254 307 1292 τὸν
327 1253 490 1303 κυνηγὸν,
503 1256 653 1291 luxuria
673 1267 741 1291 sua
760 1261 798 1290 et
815 1267 967 1291 morum
986 1257 1176 1304 pravitate

122 1312 573 1364 infamem(180-1l,9a.
592 1314 634 1351 C.
650 1326 726 1352 sec.
742 1313 908 1352 Clinton.
924 1315 967 1351 F.
989 1316 1038 1353 H.
1057 1322 1085 1350 t.
1106 1316 1177 1365 ΙΙΙ,

121 1385 161 1421 Ι)
186 1377 276 1419 417

636 1449 671 1473 2.

447 1538 477 1572 F
504 1537 655 1573 LIBRO
684 1537 858 1574 SEXTO.

177 1630 282 1667 Idem
309 1631 430 1680 XIII,
451 1643 492 1679 p.
517 1630 618 1678 606,
648 1632 714 1667 B:
739 1627 809 1668 Καὶ
826 1629 936 1680 ἄλογα
963 1626 999 1667 δὲ
1028 1630 1136 1681 ζῳα’
1118 1645 1175 1667 αν-

125 1688 273 1742 θρώπων
292 1688 452 1740 ἠράσθη·
474 1687 669 1726 Σεκούνδου
689 1686 751 1736 μέν
769 1703 858 1731 τινος
877 1689 1060 1739 βασιλικοῦ
1084 1690 1172 1726 οἰνο-

61 1768 77 1779 ν
125 1748 209 1800 χόου
239 1745 459 1819 ἀλεκτρυών·
488 1747 646 1784 ἐκαλεῖτο
675 1746 710 1784 δὲ
739 1748 757 1784 ὃ
784 1745 846 1796 μὲν
868 1746 1087 1818 ἀλεκτρυὼνΝ
1089 1746 1175 1786 Κέν

124 1821 268 1858 ταυρος,
289 1807 344 1843 ὃ
327 1805 361 1843 οὲ
377 1806 602 1848 Σεκοῦνδος’
584 1821 626 1852 ην
640 1805 776 1851 οἰκέτης
789 1805 1013 1856 Νικομήδους
1028 1821 1087 1844 του
1110 1809 1172 1845 Bt·

126 1868 235 1904 θυνων
257 1864 450 1917 βασιλέως,
466 1865 511 1907 ὡς
527 1865 657 1915 ἱστορεῖ
677 1864 904 1915 Νίκανδρος’
889 1879 923 1902 εν
950 1863 1041 1916 ἕκτῳ
1062 1866 1175 1917 Περι-

130 1926 289 1961 πετειῶν.
314 1924 456 1960 Eadem
476 1936 496 1960 e
522 1925 681 1960 Philone
699 1931 830 1960 narrat
850 1925 1015 1960 AElianus
1031 1927 1080 1963 Η
1101 1926 1175 1962 An.

124 1986 223 2029 XII,
248 1983 311 2030 37.
333 1983 559 2019 Nicomedes
590 1982 842 2031 probabiliter
867 1990 922 2019 est
949 1984 997 2019 N
1027 1984 1066 2019 II
1091 1983 1178 2032 Epi-

125 2043 266 2092 phanes
298 2041 420 2091 (148-
403 2054 470 2090 -91
504 2054 538 2080 a.
569 2042 610 2080 C.
621 2041 645 2090 ).
674 2042 826 2077 Jonsius
851 2042 966 2077 scribi
993 2042 1116 2078 voluit
1144 2041 1178 2078 ἐν

126 2101 216 2152 ἕκτῳ
229 2099 310 2151 περὶ
324 2101 504 2146 πετεινῶν,
520 2100 617 2136 adeo
631 2107 674 2135 ut
686 2113 829 2136 novum
843 2100 890 2136 de
904 2101 992 2139 hist.
1015 2101 1179 2136 naturali

127 2173 223 2209 opus
250 2159 435 2197 Nicandri
466 2159 698 2208 Colophonii
738 2160 1056 2195 nancisceremur.
1098 2161 1179 2208 Ego

125 2221 172 2258 N.
199 2219 500 2258 chalcedonium
526 2219 712 2267 intelligo.
739 2219 913 2254 Auctor'
904 2231 943 2253 in
971 2217 1046 2260 ταῖς
1068 2218 1179 2269 Περι-

125 2277 279 2320 πετείαις
298 2285 363 2314 aut
382 2279 419 2313 in
439 2278 657 2314 universum
674 2278 750 2326 egit
769 2277 816 2313 de
841 2277 1081 2313 fortunarum
1100 2290 1180 2312 mu

128 2338 273 2374 tatione
316 2350 430 2385 quam
468 2349 572 2385 leges
619 2337 761 2385 experti
796 2343 909 2382 sunt,
945 2343 1031 2384 aut,
1076 2336 1182 2384 quod

126 2397 276 2441 malim,
301 2403 424 2431 totum
441 2407 536 2444 opus
556 2403 636 2431 erat
660 2395 706 2431 de
725 2395 885 2431 historia
901 2408 1034 2444 regum
1052 2396 1180 2443 Bithy-

126 2456 219 2499 niae,
238 2466 339 2502 quae,
362 2466 481 2501 quum
505 2466 637 2502 regum
655 2453 740 2489 fatis
767 2466 971 2502 rerumque
993 2454 1181 2489 vicissitu-

129 2513 306 2549 dinibus‘
297 2513 451 2561 insignis
467 2519 582 2557 esset,
604 2513 762 2548 inscribi
783 2520 935 2577 poterat
956 2512 1006 2549 Πε
994 2509 1180 2562 εριπέτειαι

129 2571 197 2607 τῶν
211 2572 271 2616 τῆς
285 2568 444 2612 Βιθυνίας
461 2569 647 2620 βασιλέων.
665 2572 756 2606 Pars
770 2570 801 2617 ej
810 2583 850 2606 us
862 2571 988 2619 operis
1002 2571 1182 2606 laudatur

327 2711 463 2750 FATA
493 2710 678 2750 REGUM
707 2710 985 2761 BITHYNIAE.

642 2787 674 2819 1.

419 2859 485 2898 DE
501 2858 705 2898 PRUSIAE
722 2858 883 2899 FATIS.

175 2947 333 2979 Prusias.
351 2948 426 2978 Esse
443 2946 505 2978 hoc
523 2947 667 2978 erectum
683 2945 857 2986 poculum,
871 2952 965 2985 supra
982 2943 1104 2976 dictum
1122 2945 1179 2976 est.

131 3000 256 3032 Nomen
277 2999 385 3030 autem
410 2998 568 3030 invenisse
588 3007 607 3029 a
626 2998 737 3030 Prusia
763 2997 920 3038 Bithyniae
946 3005 1036 3037 rege,
1062 2996 1118 3037 qui
1138 2996 1180 3028 ob

130 3049 301 3082 luxuriam
308 3051 339 3082 et
352 3049 518 3081 mollitiem
531 3049 592 3080 fuit
606 3049 761 3089 famosus,
771 3049 870 3081 tradit
882 3048 1038 3082 Nicander
1049 3048 1180 3082 Chalce

131 3102 263 3142 donius,
276 3102 357 3135 libro
373 3105 488 3143 quarto
501 3103 549 3133 De
565 3101 685 3134 Prusiae
702 3101 783 3133 fatis.

175 3212 237 3245 Sed
265 3213 297 3244 et
326 3212 416 3244 muta
438 3211 614 3243 animantia
640 3211 785 3243 homines
809 3212 971 3243 amarunt.
995 3210 1180 3244 Secundum

132 3266 333 3306 quempiam,
362 3263 485 3305 regium
514 3264 717 3304 pincernam,
749 3263 852 3303 gallus
879 3263 1098 3304 gallinaceus.
1117 3271 1178 3294 no-

134 3319 319 3352 minabatur
345 3318 371 3349 is
391 3318 492 3358 gallus
516 3317 713 3355 Centaurus;
741 3316 906 3348 Secundus
936 3325 1014 3348 vero
1037 3316 1181 3348 minister

133 3372 202 3403 erat
214 3369 394 3403 Nicomedis
413 3368 494 3409 regis
507 3368 737 3409 Bithynorum,
761 3369 795 3399 ut
807 3368 903 3400 uadit
921 3367 1077 3400 Nicander
1089 3369 1180 3400 sexto

136 3423 217 3454 libro
236 3425 282 3454 Dc
299 3423 321 3454 1·
324 3423 449 3453 ortunae
466 3420 600 3452 casibus.

1230 218 1611 270 ALEXANDRINI,
1643 219 1986 266 THYATIRENI,

1234 307 1278 346 fr.
1304 321 1344 354 1,
1369 309 1437 345 uhi
1452 321 1525 358 pro
1545 308 1579 345 ἐν
1601 306 1628 345 δ’
1649 309 1717 346 τῶν
1737 310 1809 362 Πρ.
1833 308 2117 360 συμπτωμάτων,
2136 295 2285 348 mallen-i

1233 366 1268 403 ἐν
1287 364 1314 403 δ’
1335 365 1415 419 περὶΙ
1437 367 1510 419 Πρ
1533 381 1668 416 συμπτ.

1647 479 1864 495 ⁴000-—

1255 595 1626 654 NICANDER
1666 596 2254 657 ALEXANDRINUS.

1290 714 1407 753 ΠΕΡι
1429 713 1531 752 mn
1557 712 1952 758 ApizToraAorz
1973 713 2234 754 ΜΑΘΗἹῺΝ.

1290 800 1470 837 suidasv.
1486 798 1701 868 Ain-piton„
1695 798 1948 846 Μυτιληναῖος,
1942 798 2146 872 uinonoibffi
2163 799 2198 844 ὃς
2211 814 2291 839 συν·-

1238 857 1396 908 εξεδήμει
1415 857 1628 931 Ἀλεξάνδριξ)
1655 859 1704 896 τῶ
1722 858 1920 896 Φιλίππου.
1942 851 2013 897 Ἠν
2034 858 2124 897 δὲἈ
2096 858 2288 911 Αριστοτέ-

1236 918 1317 959 λους
1333 915 1503 968 γνώριμος
1519 915 1580 954 καὶ
1604 916 1794 969 ἐρώμενος,
1811 917 1856 960 ὡς
1873 916 2065 970 Νίκανδρος
2086 919 2105 955 ὃ
2126 916 2289 962 Ἀλεξαν-

1239 972 1371 1026 δρευς’
1355 989 1391 1012 εν
1410 976 1460 1027 τῷ
1481 974 1570 1026 Περὶ
1589 990 1658 1014 των
1677 975 1933 1028 Ἀριστοτέλους
1954 977 2136 1026 μαθητῶν.

1287 1202 1337 1259 Ν
1340 1201 1656 1265 ICANDER
1699 1203 2239 1290 THYATIRENUS.

1293 1325 1473 1373 Stephan.
1495 1326 1615 1373 Byz.:
1636 1323 1947 1385 Θυατειρα,πόλις
1963 1325 2120 1370 Λυδίας..
2137 1325 2188 1366 Τὸ
2205 1329 2290 1366 ἐθνι-

1239 1381 1299 1420 κὸν
1311 1382 1578 1435 Θυατειρηνός..
1599 1384 1658 1435 ἀφ’
1671 1386 1710 1421 οὑ
1727 1384 1925 1437 Νίκανδρος
1935 1384 2180 1437 γραμματικὸς
2192 1387 2287 1426 Θυα-

1239 1441 1394 1493 τειρηνὸς
1415 1439 1460 1495 [ἢ
1482 1441 1718 1494 Κολοφώνιος.
1731 1440 1744 1495 ]

1293 1503 1599 1538 Postremauncis
1615 1503 1750 1538 inclusi
1755 1510 1917 1552 ‚utpote
1932 1516 2016 1552 quae
2039 1504 2195 1540 indocta
2205 1517 2284 1540 ma-

1239 1573 1309 1596 nus
1329 1560 1521 1597 addidisse
1540 1561 1729 1599 videatur.
1761 1562 1870 1598 Certe
1899 1563 1929 1598 si
1948 1563 2216 1611 Thyatirenum
2251 1570 2289 1599 et

1239 1620 1521 1668 Colophonium
1552 1632 1670 1656 unum
1696 1633 1770 1657 esse
1800 1621 2041 1669 eundemque
2075 1623 2288 1670 Stephanus

1240 1678 1408 1714 indicare
1425 1679 1623 1725 voluisset,
1645 1680 1709 1715 vix
1721 1692 1800 1715 uno
1815 1681 2050 1728 grammatici
2079 1682 2189 1716 titulo
2217 1682 2283 1717 Ni-

1240 1737 1426 1773 candrum
1459 1745 1637 1775 ornasset.
1675 1738 1834 1774 Accedit
1869 1739 1975 1785 quod
2002 1739 2200 1775 Athenaeus
2225 1747 2290 1775 aut

1239 1790 1520 1856 Colophonium
1542 1790 1672 1826 laudat
1691 1798 1756 1826 aut
1769 1791 2066 1839 Thyatirenum,
2083 1791 2217 1839 quod
2203 1804 2290 1838 Jure

1239 1849 1449 1898 mharesss,
1493 1849 1564 1885 nisi
1599 1850 1698 1886 inter
1731 1856 1938 1898 utrumque
1977 1850 2287 1900 distinguendum

1241 1907 1419 1944 duxisset.

1525 2005 1646 2044 ΠΕΡΙ
1675 2005 1781 2044 ΤΩΝ
1811 2005 2002 2045 ΔΗΜΩΝ.

1751 2111 1781 2134 1.

1296 2172 1587 2220 Harpocratio:
1605 2171 1813 2209 Τιτακίδαι·
1831 2169 1980 2221 δημός’
1964 2185 2038 2209 εστι
2058 2187 2119 2218 της
2145 2170 2290 2211 Αἰαντί-

1242 2229 1297 2272 δος
1316 2231 1429 2282 φυλης
1445 2230 1476 2267 οἳ
1502 2228 1712 2276 Τιτακίδαι,
1731 2231 1778 2272 ὡς
1798 2229 1991 2283 Νίκανδρος
2017 2231 2035 2267 ὁ
2054 2229 2290 2283 Θυατειρηνὸς

1242 2289 1278 2325 ἐν
1293 2290 1342 2325 τῶ
1362 2287 1451 2339 Περι
1464 2303 1530 2325 των
1549 2286 1670 2346 δήμων
1688 2288 1800 2335 δηλοῖ.
1821 2287 1972 2333 Μήποτε
1992 2286 2067 2326 δὲ’
2048 2288 2118 2326 απὸ
2131 2287 2285 2330 Τιτάκου

1242 2345 1512 2396 ὠνομάσθησαν,
1531 2348 1569 2382 οὗ
1588 2343 1780 2394 μνημονεύε
1766 2360 1794 2382 ει
1809 2343 1994 2396 Ἡρόδοτος
2016 2346 2106 2396 (ΙΧ,
2126 2346 2206 2396 73).

1749 2446 1787 2472 2.

1297 2511 1575 2559 llarpociatio:
1595 2507 1833 2560 Θυργωνίδαι.
1862 2507 2057 2560 Νίκανδρος
2085 2511 2103 2546 ὁ
2131 2509 2287 2547 Θυατει-

1243 2583 1342 2620 ρηνος
1359 2570 1394 2606 ἐν
1424 2583 1475 2605 τι)
1503 2565 1579 2619 περὶ
1606 2569 1673 2604 τῶν
1695 2565 1865 2615 δήμων,«ι
1884 2566 2146 2615 Μετετέθησαν,
2163 2565 2284 2619 φησὶν,

1398 2708 1466 2746 DE
1484 2707 1812 2746 ARISTOTELIS
1829 2706 2125 2749 DISCIPULIS.

1280 2795 1463 2835 AEschrion‚
1477 2795 1698 2837 Mytilenaeus,
1712 2798 1805 2836 poeta
1817 2795 1942 2836 epicus,
1953 2796 2008 2837 qui
2022 2795 2202 2828 Alexandro
2217 2795 2286 2828 Phi

1242 2847 1318 2888 lippi
1333 2848 1399 2879 lilio
1420 2856 1527 2879 comes
1546 2848 1614 2879 erat
1629 2847 1847 2887 expeditionis.
1866 2849 1942 2879 Erat
1958 2857 2033 2879 vero
2047 2847 2222 2879 Aristotelis
2236 2847 2286 2878 di-

1242 2899 1383 2939 scipulus
1396 2900 1428 2931 et
1452 2899 1612 2938 amasius,
1628 2900 1665 2930 ut
1681 2898 1838 2931 Nicander
1856 2898 2108 2931 Alexandrinus·
2100 2907 2132 2930 m
2147 2898 2228 2930 libro
2240 2900 2288 2931 De

1239 2951 1415 2984 Aristotelis
1426 2951 1588 2992 discipulis
1600 2951 1706 2983 refert.

1526 3038 1594 3077 DE
1617 3035 1820 3075 ATTICAE
1846 3036 2005 3076 PAGIS.

1751 3126 1781 3157 1.

1281 3191 1451 3231 Titacidae,
1464 3199 1563 3232 pagus
1580 3189 1732 3223 AEantidis
1744 3190 1868 3231 tribus,
1885 3190 1923 3222 ut
1937 3189 2095 3223 Nicander
2117 3189 2285 3230 Thyatire-

1239 3254 1300 3277 nus
1314 3244 1358 3277 ait
1381 3245 1414 3276 in
1430 3244 1512 3276 libro
1525 3246 1571 3276 De
1597 3243 1693 3284 pagis.
1714 3244 1861 3276 Fortasse
1876 3251 1993 3275 nomen
2014 3242 2143 3275 habeta
2154 3242 2276 3284 Titaco,

1241 3298 1334 3339 quus
1347 3297 1527 3330 Herodotus
1540 3295 1696 3329 meminit.

1747 3351 1779 3384 2.

1282 3417 1480 3458 Tyrgonidoe.
1505 3415 1661 3449 Nicander
1694 3415 1903 3456 Thyatirenus
1937 3414 1970 3447 in
1993 3414 2074 3447 libro
2097 3416 2143 3447 De
2161 3412 2265 3452 pagis:

2365 508 2372 583 ἑ

2359 739 2372 803 ἓ
