2326 3724
35 236 59 281 J

1016 177 1358 218 FRAGMENTA.

112 279 221 305 σοντι.
244 262 434 309 Ὡσαύτως
453 263 489 303 δὲ
505 263 564 302 καὶ
583 265 602 302 ὁ
621 263 820 316 Ταχοσδρὼ
839 264 984 312 κινήσας
1000 263 1044 303 τὰ
1063 266 1154 317 Περ-

108 323 190 362 σικὰ
221 323 469 377 στρατεύματα
495 322 709 375 ἐπαγόμενος
739 322 794 374 ᾔει
819 324 852 367 ἐς
878 323 923 362 τὰ
945 323 1024 376 περὶ
1053 325 1157 363 Κων-

105 381 302 431 σταντίνην.

593 453 659 490 61.

159 555 250 590 Exc.
270 555 328 591 De
349 560 446 590 sent.
468 566 510 603 p.
537 552 627 591 363.
650 552 725 597 364
750 566 758 588 :
780 550 866 591 ’Ότι
883 550 983 604 φήμη
1003 552 1055 590 ἀεὶ
1075 567 1153 604 χει-

107 626 227 664 ρουται
258 611 302 650 τὰ
333 626 548 664 πραγματα,
579 609 639 649 καὶ
663 610 708 648 τὰ
740 610 907 649 δοκοῦντά
936 627 1010 655 πως
1038 611 1152 658 ἄδηλα

105 670 350 723 [καθεσ]τάναι
369 669 553 721 προτίθησι
573 675 648 714 ταῖς
669 671 807 716 ἀκοαῖς,
823 685 942 723 ωσπερ
956 671 1011 708 ἐπ’
1027 671 1153 724 ἀγορᾶς

102 731 138 768 ἐν
159 731 296 782 φανερῷ
314 730 364 766 τῶ
387 727 587 781 βουλομένῳ
603 727 773 781 πρίασθαι
792 727 927 780 ων[ια].

139 787 344 835 ,ἠλλάξατο
357 790 417 826 τοῦ
434 788 550 825 πονεῖν
568 787 642 838 βίον
662 786 741 825 τινὰ
756 803 809 826 α..
835 787 1042 838 ,μενόντων
1067 788 1154 843 φησι

101 847 162 886 καὶ
180 851 242 886 τοῦ
258 845 473 899 ἐνδοξοτέρου
489 848 529 885 τὸ
550 846 685 892 ἄδοξον.

151 905 240 947 Ὀτι
255 908 318 944 οὐκ
337 908 372 944 ἐν
398 904 499 958 ῥώμῃ
517 906 698 956 σώματος,
719 906 797 943 ἀλλ’
822 906 858 943 ἐν
885 905 1010 959 ἀνδρίᾳ
1035 907 1152 959 ψυχῆς

102 969 123 1013 ἡ
143 969 203 1004 τοῦ
224 964 380 1016 πολέμου
400 964 490 1019 ῥοπὴ
507 964 754 1003 κινδυνεύεται.

151 1024 239 1065 ιὌτι
257 1025 354 1064 οὐδὲν
371 1024 462 1063 οὕτω
478 1024 657 1077 ῥᾳστώνης
675 1023 698 1071 ἢ
715 1026 847 1077 τρυφῆς
866 1022 926 1062 καὶ
947 1023 1152 1072 ἀναπαύλης

99 1087 146 1128 ὡς
158 1083 310 1123 κίνδυνοι
322 1083 382 1122 καὶ
398 1082 496 1122 πόνοι
514 1082 727 1130 καθέστηκεν
746 1082 855 1121 αἴτιον
868 1098 876 1106 ·
890 1082 990 1121 πόνοι
1005 1082 1068 1133 μὲν
1083 1082 1150 1135 γὰρ

99 1146 169 1182 τῶν
194 1143 458 1197 προκτηθέντων
480 1141 691 1192 ἀπόλαυσιν,
720 1141 840 1194 ὥσπερ
866 1141 1009 1192 ταμεῖόν
1029 1157 1063 1180 τι
1090 1145 1152 1190 τῆς

99 1202 259 1246 εὐκλείας
276 1201 533 1248 καθεστήκασι·
551 1201 663 1254 τρυφὴ
683 1200 719 1239 δὲ
739 1201 820 1239 ἄνευ
838 1204 898 1238 τοῦ
915 1200 1149 1253 προπαιδεύε-

98 1266 180 1301 σθαι
205 1260 334 1304 παντὸς
364 1261 524 1312 (πάντως
546 1261 609 1311 Β.)
639 1263 700 1298 τοῦ
720 1260 873 1298 κάκιστα
895 1262 957 1307 ζῆν
985 1259 1148 1310 ἡγεμών·

98 1321 173 1360 ἔστι
193 1320 230 1359 δὲ
249 1319 360 1372 (ἔστιν
378 1318 434 1358 ὅτε
450 1320 511 1371 Β.)
528 1319 588 1358 καὶ
609 1320 714 1357 αὐτοῦ
732 1323 793 1358 τοῦ
813 1320 876 1366 ζῆν
890 1318 980 1370 μετὰ
998 1321 1059 1366 τῆς
1073 1321 1150 1358 ἀδο-

98 1379 171 1425 ξίας
193 1377 400 1430 ἀπαλλαγή.

149 1436 235 1478 ’Ότι
265 1435 488 1488 Ταγχοσδρὼ
516 1435 648 1483 ἐὸλήθη
678 1434 746 1474 ὑπό
766 1451 857 1480 τινος
883 1435 1041 1488 ὀλεθρίαν
1072 1435 1150 1474 τινὰ

96 1496 253 1549 πληγήν.
277 1496 352 1535 Καὶ
369 1495 447 1546 ἐμοί
468 1511 507 1546 γε
527 1496 590 1534 οὐκ
608 1494 806 1547 ἀπότροπον
826 1494 916 1546 (ἀπὸ
939 1495 1068 1547 τρόπου
1085 1497 1147 1546 Β.)

97 1557 257 1611 φαίνεται
285 1555 325 1595 τὸ
347 1554 476 1594 τοιόνδε
497 1554 676 1606 γενέσθαι·
699 1554 837 1606 ἐργάτις
850 1553 918 1607 γὰρ
941 1557 1011 1593 τῶν
1031 1554 1149 1593 τοιού-

96 1632 166 1656 των
183 1618 205 1663 ἡ
223 1614 328 1668 τύχη.
349 1613 481 1654 Πολλοὶ
495 1613 562 1667 γὰρ
579 1614 750 1657 πολλάκις
768 1616 837 1651 τῶν
852 1613 931 1651 λίαν
952 1613 1149 1665 εὐδοκίμων

97 1675 318 1727 ἐσφάλησαν,
339 1673 400 1713 καὶ
417 1673 518 1727 φύσει
531 1672 597 1711 τινὶ
617 1672 662 1711 τὰ
676 1672 857 1726 παράδοξα
875 1675 924 1725 τῷ
942 1674 1149 1728 ἀνθρωπείῳ

98 1733 393 1787 συμπεριφέρεται
413 1733 516 1783 γε’νει

148 1793 235 1835 ‘'Ott
258 1792 451 1852 Μαυρίκιος
466 1790 657 1838 ἡττηθεὶςε
644 1789 711 1829 υπὸ
733 1791 881 1842 Περσῶν
905 1789 1053 1843 μεγίστη
1078 1806 1148 1829 κα-

96 1853 232 1907 τείχετο
255 1852 356 1905 ἀνία’
385 1845 434 1895 οἶς
461 1849 529 1902 γὰρ
549 1865 688 1902 παρεν.
697 1878 723 1890 .
745 1866 780 1887 τι
800 1848 1001 1887 ἀποὸαίνει·
1027 1849 1149 1888 καὶέν

99 1913 162 1965 μὲν
182 1914 232 1950 τῶ
251 1913 363 1963 καιρῷ
377 1926 438 1957 της
454 1909 613 1962 πράξεως
638 1908 865 1947 ἀνθέλκονται
883 1911 926 1960 τῇ
947 1912 1007 1947 τοῦ
1028 1924 1150 1961 περισ-

98 1951 260 2009 σεύεσθαι
287 1968 446 2020 ἀνάγκῃ,
473 1967 690 2021 παραπάσης
719 1966 976 2019 (παραπτάσης
1007 1968 1148 2019 Class.)

99 2029 135 2069 δὲ
155 2032 216 2077 τῆς
234 2030 338 2080 τιμῆς
351 2030 411 2065 τοῦ
430 2026 531 2079 ἔργου
551 2028 586 2064 ἐν
612 2024 744 2078 ἡσυχία
767 2025 945 2076 γενόμενοι
971 2024 1010 2063 τὸ
1027 2025 1148 2064 λοιπὸν

97 2135 206 2168 literas
221 2132 365 2173 monuit,
386 2133 423 2163 ut
439 2131 470 2162 in
484 2131 648 2172 planitiem
659 2154 668 2171 ,
685 2139 758 2171 quae
774 2131 823 2163 est
837 2131 878 2163 ad
891 2131 1148 2171 Constantinam,

96 2187 318 2225 descenderet,
332 2187 365 2218 et
377 2185 526 2226 proelium
539 2184 767 2215 committeret.
780 2183 934 2216 Similiter
947 2183 1150 2216 Tachosdrus

98 2249 232 2274 movens
256 2248 331 2271 cum
348 2235 501 2270 omnibus
516 2239 686 2270 Persarum
714 2236 826 2278 copiis,
840 2245 894 2270 eas
911 2237 952 2269 ad
969 2237 1149 2270 Constanti-

96 2303 174 2327 nam
186 2292 330 2326 adduxit.

595 2344 654 2376 61.

138 2405 237 2436 Fama
249 2401 283 2434 in
302 2399 453 2433 omnibus
471 2398 568 2430 rebus
581 2398 780 2438 dominatur,
798 2399 830 2431 et
843 2398 892 2431 vel
909 2407 959 2438 ea,
977 2407 1051 2439 quae
1075 2398 1148 2430 abs-

98 2455 227 2489 condita
240 2462 307 2486 esse
316 2452 508 2484 videbantur
521 2450 691 2482 hominum
709 2451 859 2491 auribus,
874 2450 959 2483 sicut
974 2459 1096 2483 merces
1117 2451 1149 2482 in

98 2510 167 2542 soro
181 2506 390 2548 emptoribus,
404 2504 547 2544 exponit.

139 2560 297 2593 Laborem
323 2555 537 2589 commutavit
560 2564 635 2587 cum
651 2555 718 2587 vita
733 2579 740 2587 .
760 2579 768 2587 .
787 2578 795 2587 .

97 2613 224 2646 decore.

139 2664 218 2698 Belli
234 2661 331 2695 cardo
346 2669 412 2693 non
438 2659 472 2692 in
491 2667 665 2700 corporum
684 2658 818 2700 robore,
844 2658 900 2691 sed
918 2658 951 2690 in
966 2658 1149 2692 animorum

98 2715 285 2750 fortitudine
296 2714 443 2746 vertitur.

140 2769 226 2803 Nihil
240 2775 351 2809 aeque,
365 2768 403 2798 ut
416 2764 556 2807 pericula
569 2772 607 2797 ac
621 2764 747 2797 labores
756 2788 765 2804 ‚
785 2765 902 2805 quietis
917 2766 949 2797 et
962 2765 1149 2797 deliciarum

99 2823 131 2856 et
140 2822 196 2854 otii
214 2821 400 2853 facultatem
428 2818 605 2858 comparat.
625 2818 664 2849 Et
682 2817 814 2858 quidem
828 2818 952 2849 labores
973 2818 1073 2858 ipsam
1099 2826 1150 2849 ac·

99 2874 291 2915 quisitorum
314 2872 472 2903 bonorum
489 2870 708 2910 voluptatem,
732 2878 790 2901 ceu
816 2869 969 2909 praeclara
984 2869 1126 2901 custodia
1139 2893 1149 2910 ‚

100 2926 302 2958 conservant.
315 2925 396 2956 Nam
409 2922 557 2962 voluptas
569 2945 578 2961 ,
592 2929 666 2961 quae
675 2920 842 2962 disciplina
854 2929 919 2952 non
936 2922 1065 2962 regitur,
1078 2930 1149 2962 pes-

100 2978 192 3010 simae
207 2977 284 3008 vitae
296 2975 364 3007 dux
377 2975 425 3006 est
440 2987 447 3006 :
462 2973 543 3014 quin
555 2972 634 3004 adeo
644 2973 744 3004 vitam
755 2982 885 3014 quoque
899 2973 999 3014 ipsam
1014 2974 1151 3014 turpiter

100 3030 207 3071 eripit.

142 3080 368 3116 Tanchosdrus
383 3079 425 3111 ab
443 3079 565 3111 incerto
591 3077 721 3110 bomine
747 3077 843 3110 letale
860 3078 980 3110 vulnus
999 3078 1123 3118 accepit
1141 3090 1149 3110 ε

102 3143 175 3176 quae
188 3143 239 3166 res
250 3132 330 3165 mibi
344 3131 429 3163 baud
444 3130 572 3162 insolita
587 3130 731 3170 videtur;
748 3129 862 3161 talium
878 3130 996 3170 quippe
1018 3138 1151 3162 casuum

104 3189 231 3219 fortuna
246 3185 409 3227 operatrix
425 3185 473 3216 est
497 3195 504 3215 :
523 3182 618 3214 multi
633 3183 719 3215 enim
739 3183 817 3214 clari
843 3182 990 3214 homines
1005 3183 1046 3214 ab
1064 3183 1153 3223 igno-

102 3239 219 3271 bilibus
228 3235 409 3277 interempti
427 3235 569 3268 fuerunt.
583 3236 684 3266 Casus
699 3235 785 3266 enim
795 3234 999 3266 admirabiles
1012 3236 1044 3266 et
1055 3235 1151 3274 vulgo

104 3291 222 3331 inopini
236 3291 384 3321 naturam
401 3288 575 3319 humanam
585 3286 792 3318 comitantur.

146 3343 318 3376 Mauricius
333 3351 352 3374 a
362 3341 464 3374 Persis
474 3341 577 3372 victus
587 3364 595 3379 ‚
605 3342 636 3371 in
647 3349 763 3380 magno
774 3339 963 3371 versabatur
973 3347 1149 3370 moerore...

106 3398 184 3429 Nam
202 3396 233 3428 in
260 3395 327 3436 ipso
343 3393 478 3426 actionis
494 3393 658 3424 momento
684 3391 833 3423 vincendi
856 3390 1043 3423 necessitate
1071 3390 1154 3423 abri-

814 2580 821 2587 .
837 2556 870 2587 et
890 2554 990 2587 decus
1004 2563 1078 2587 cum
1092 2555 1148 2588 de-

2187 192 2260 225 2133

1219 265 1424 316 ἀθυμότατα
1451 267 1665 305 διατελοῦσιν
1689 267 1760 321 ἄρα
1795 270 2051 320 λογιζόμενοι...
2094 274 2263 311 Primum

1218 324 1332 373 hujus
1347 326 1481 376 fragm.
1498 327 1628 363 locum
1647 328 1765 364 modo
1786 329 1944 378 legimus
1960 331 1999 366 in
2015 331 2148 381 fragm.
2169 333 2234 370 60.

1629 414 1693 451 62.
1728 414 1860 466 (580.)

1270 495 1362 530 Exc.
1394 497 1451 532 De
1481 496 1554 545 leg.
1584 503 1682 545 gent.
1705 509 1746 546 p.
1782 498 1895 534 126:
1928 495 2012 536 “On
2039 497 2175 537 Ἰταλία
2207 501 2264 539 ἐπι

1218 550 1365 601 (ὗπὸΝ.
1377 552 1388 604 )
1405 554 1473 590 τῶν
1490 553 1743 605 Λογγιὸάρδων
1760 553 1884 606 σχεδὸν
1896 553 2019 593 ἅπασα
2033 557 2260 610 ἐπεπόρθητο.

1215 609 1279 649 Διὸ
1299 609 1341 657 δὴ
1360 626 1421 649 και
1441 613 1480 649 ἐκ
1499 626 1561 657 της
1580 610 1777 662 συγκλήτου
1808 614 1935 664 βουλῆς
1951 617 2012 660 τῆς
2028 616 2265 671 πρεσὸυτέρας

1215 667 1359 719 Ῥώμης
1376 668 1451 720 ἅμα
1470 670 1648 721 ἱερεῦσιν’
1633 685 1672 708 εκ
1688 674 1746 709 τοῦ
1762 686 1980 724 προεστωτος
1997 675 2031 712 ἓν
2049 674 2174 727 Ῥώμῃ
2194 679 2262 715 τῶν

1217 729 1319 780 ἱερῶν
1338 727 1565 781 πεμφθέντων
1592 744 1715 777 τινων,
1740 730 1972 782 παρεγένοντο
1990 732 2264 785 πρεσὸευόμενοι

1215 789 1262 830 ὡς
1287 786 1345 825 τὸν
1368 787 1631 840 αὐτοκράτορα,
1660 793 1730 832 τοῖς
1751 789 1863 828 ἐκεῖσε
1893 789 2033 843 μέρεσιν
2054 793 2260 846 ἐπαρκέσαι.

1215 845 1307 884 Ἀλλ’
1328 848 1346 884 ὃ
1367 845 1540 897 Περσικὸς
1561 846 1744 897 πόλεμος’
1729 863 1764 885 εν
1787 847 1952 902 Ἀρμενίᾳ
1976 866 2013 888 τε
2029 850 2121 889 κατὰ
2138 852 2264 890 ταύτὸν

1214 904 1274 942 καὶ
1294 906 1327 948 ἐς
1341 904 1386 943 τὰ
1402 905 1482 959 περὶ
1501 904 1564 952 τὴν
1583 904 1674 958 ἑῴαν
1693 906 1908 955 ξυνεστηκώς
1919 924 1957 947 τε
1974 909 2034 947 καὶ
2050 911 2113 948 οὐκ
2127 909 2265 958 ἀπολή-

1213 978 1296 1014 γων,
1318 965 1451 1014 μᾶλλον
1474 963 1536 1013 μὲν
1560 944 1619 1002 οὖν
1637 964 1693 1002 ἐπὶ
1713 963 1757 1003 τὰ
1771 965 1912 1015 μείζονα
1936 967 2089 1020 δυσχερῆ
2111 969 2263 1008 ἐκτεινό-

1215 1037 1330 1072 μενος,
1362 1022 1525 1072 οὐδεμίαν
1555 1023 1731 1074 ἀξιόλογον
1769 1025 1993 1077 συνεχώρησε
2023 1027 2191 1080 στρατιάν
2226 1045 2264 1066 τε

1213 1080 1271 1119 τὸν
1305 1082 1574 1135 αὐτοκράτορα,
1607 1082 1685 1120 οὐδὲ
1715 1081 1785 1133 μὴν
1813 1084 2026 1136 ἀποχρῶσαν
2054 1086 2124 1129 τοῖς
2152 1088 2264 1125 ἐκεῖσε

1213 1139 1399 1192 πράγμασι
1417 1141 1563 1192 δύναμιν
1584 1142 1734 1179 στεῖλαι.
1753 1139 1883 1192 ’Όμως
1908 1142 1944 1180 δὲ
1969 1142 2029 1181 καὶ
2048 1145 2087 1182 ἐκ
2108 1147 2177 1182 τῶν
2194 1161 2264 1182 πα-

1219 1196 1348 1249 ρόντων
1383 1215 1420 1237 τε
1461 1199 1521 1238 καὶ
1550 1198 1785 1252 ἐνδεχομένων
1822 1199 2022 1252 στράτευμα
2064 1200 2264 1255 ξυναγείρας

1213 1256 1376 1296 ἔστελλεν
1397 1260 1415 1296 ὃ
1434 1258 1614 1310 βασιλεύς·
1629 1259 1689 1297 καὶ
1702 1257 1764 1305 τὴν
1784 1258 1894 1307 ἄλλην
1913 1259 2041 1298 ἐτίθετο
2061 1262 2263 1310 ἐπιμέλειάν

1214 1331 1251 1354 τε
1266 1316 1326 1354 καὶ
1342 1316 1511 1364 σπουδὴν,
1530 1316 1563 1355 εἴ
1571 1317 1646 1361 πώς
1658 1333 1753 1361 τινας
1762 1319 1831 1355 τῶν
1844 1317 2047 1370 ἡγουμένων
2058 1323 2118 1358 τοῦ
2132 1323 2262 1372 Λογγι-

1214 1374 1354 1428 ὅάρδων
1375 1373 1490 1419 ἔθνους
1505 1375 1710 1423 δεξιώσηται
1730 1375 1854 1429 δώροις
1870 1378 2065 1416 ὓποπείθων
2084 1378 2145 1416 καὶ
2165 1378 2263 1429 μεγί·

1213 1448 1297 1477 στας
1316 1433 1614 1485 ἐπαγγελλόμενος
1632 1434 1794 1487 χάριτας.
1825 1433 1920 1482 Ἤδη
1944 1451 1982 1473 τε
2010 1436 2170 1475 πλεῖστοι
2193 1439 2262 1475 τῶν

1213 1492 1369 1530 δυνατῶν
1387 1492 1603 1542 μετετίθεντο
1626 1495 1674 1537 ὡς
1693 1493 1916 1544 Ῥωμαίους,
1938 1492 2001 1541 τὴν
2017 1496 2057 1533 ἐκ
2082 1498 2142 1534 τοῦ
2160 1496 2262 1534 αὐτο·

1212 1550 1380 1603 κράτορος
1399 1551 1572 1604 ὠφέλειαν
1586 1551 1876 1604 προσδεχόμενοι.

1628 1647 1844 1699 63.(580)

1265 1733 1414 1770 Ibidem
1435 1747 1476 1784 p.
1506 1733 1713 1783 126—129
1736 1746 1745 1772 ε
1768 1730 1855 1773 ’Ότι
1870 1733 2017 1778 Βαιανὸς
2034 1736 2052 1772 ὃ
2068 1736 2136 1773 τῶν
2158 1734 2263 1774 Ἀδά-

1214 1806 1282 1844 ρων
1302 1790 1465 1843 Χαγάνος
1483 1792 1645 1842 οὐδεμιᾶς
1661 1793 1819 1845 ἀφορμῆς
1835 1790 1856 1839 ἢ
1879 1792 2039 1845 σκήψεως
2055 1793 2263 1845 λαὸόμενος,
2296 1834 2299 1836 μ

1214 1849 1292 1889 οὐδὲ
1315 1851 1426 1903 ψευδῆ
1446 1853 1528 1902 γοῦν
1548 1849 1640 1888 κατὰ
1667 1850 1856 1901 Ῥωμαίων
1886 1851 1999 1889 αἰτίαν
2020 1851 2170 1896 ἀξιώσας
2186 1852 2262 1890 τινὰ

1215 1909 1412 1960 συνθεῖναι,
1442 1908 1534 1947 ἀλλὰ
1564 1908 1632 1961 γὰρ
1661 1909 1720 1947 καὶ
1746 1908 1838 1948 κατὰ
1865 1910 1943 1948 τόδε
1969 1911 2096 1962 ὁμοίως
2122 1911 2161 1950 τὸ
2190 1911 2263 1954 ἔτος

1216 1966 1406 2020 Ταργίτιον
1431 1967 1517 2020 πρὸς
1543 1967 1692 2020 βασιλέα
1712 1968 1871 2016 στείλας,
1896 1970 1942 2013 ὥς
1960 1968 2003 2006 τὰ
2027 1969 2262 2021 συνταχθέντα

1213 2026 1398 2078 κομίσαιτο
1432 2029 1501 2065 τῶν
1533 2026 1727 2079 χρημάτων
1770 2027 2004 2078 (ὀγδοήκοντα
2037 2027 2072 2067 δὲ
2106 2028 2262 2080 χιλιάδες

1208 2132 1340 2173 piuntur
1351 2142 1360 2164 ε
1374 2132 1430 2165 sed
1441 2132 1574 2165 ubilaus
1583 2132 1728 2166 victoriae
1738 2132 1894 2173 avolavit,
1906 2132 1939 2164 in
1950 2131 2104 2165 desidiam
2116 2132 2199 2164 incid
2205 2135 2262 2165 unt

1208 2185 1240 2216 et
1253 2183 1399 2215 animum
1419 2183 1628 2225 despondent.

1251 2288 1342 2320 ltalia
1359 2289 1428 2320 tota
1442 2288 1506 2321 sere
1518 2297 1537 2320 a
1548 2288 1766 2329 Longobardis
1779 2288 1828 2320 est
1846 2296 1956 2320 eversa
1969 2288 2002 2320 et
2013 2287 2132 2320 diruta.
2149 2289 2262 2329 Itaque

1208 2340 1352 2372 nonnulli
1370 2349 1410 2372 ex
1428 2341 1541 2372 senatu
1572 2340 1687 2373 veteris
1708 2342 1820 2372 Roma>
1844 2348 1920 2371 cum
1940 2339 2131 2380 quibusdam
2157 2348 2262 2372 sacer-

1208 2391 1355 2429 dotibus,
1372 2401 1454 2433 quos
1467 2392 1522 2433 qui
1535 2400 1672 2424 summae
1694 2400 1860 2424 sacrorum
1883 2393 2020 2432 praeerat
2037 2391 2261 2432 delegaverat,

1208 2443 1248 2475 ad
1275 2443 1501 2484 imperatorem
1522 2444 1618 2484 legati
1642 2444 1823 2483 venerunt,
1852 2445 1981 2475 orantes
1997 2443 2097 2475 uthis
2120 2442 2263 2483 partibus

1208 2497 1402 2529 subveniret.
1417 2496 1478 2530 Sed
1496 2498 1660 2530 Persicum
1683 2497 1805 2529 bellum
1822 2496 1883 2528 hoc
1898 2498 2043 2537 tempore
2065 2496 2098 2528 in
2114 2496 2263 2528 Armenia

1209 2551 1242 2582 et
1260 2549 1292 2581 in
1303 2550 1434 2582 Oriente
1446 2551 1528 2590 erat,
1541 2549 1626 2590 quod
1642 2559 1707 2581 non
1720 2549 1818 2581 modo
1826 2558 1889 2581 non
1906 2549 2151 2588 intermittebat,
2163 2549 2262 2579 immo

1209 2602 1242 2634 in
1260 2602 1474 2634 ardentiorem
1486 2601 1724 2634 contentionem
1741 2601 1992 2641 ingravescebat.
2009 2604 2055 2633 Eo
2073 2601 2192 2632 factum
2213 2601 2262 2631 est

1209 2656 1245 2687 ut
1258 2655 1431 2695 imperator
1456 2653 1562 2685 nullas
1576 2653 1707 2685 idoneas
1734 2653 1860 2694 copias,
1878 2662 1952 2694 quae
1975 2652 2103 2684 illarum
2121 2652 2261 2692 partium

1210 2706 1306 2738 rebus
1321 2705 1528 2738 sublevandis
1551 2705 1756 2745 sufficerent,
1775 2706 1928 2737 mitteret.
1954 2705 2188 2736 Verumtamen
2205 2702 2260 2735 de-

1209 2759 1313 2799 lectu,
1332 2759 1368 2790 ut
1386 2766 1435 2790 res
1448 2757 1542 2797 tulit,
1559 2757 1669 2789 habito
1681 2780 1691 2796 ,
1707 2758 1904 2797 exercitum,
1922 2765 2018 2797 quem
2034 2756 2149 2796 potuit,
2162 2758 2260 2795 misit,

1209 2814 1307 2853 atque
1319 2812 1416 2844 etiam
1441 2819 1537 2842 omne
1567 2810 1711 2842 studium
1734 2811 1767 2842 et
1793 2810 1990 2850 diligentiam
2015 2809 2172 2851 adhibuit,
2198 2819 2262 2851 qno

1209 2863 1492 2905 Longobardorum
1505 2862 1604 2894 duc-es
1622 2861 1714 2893 donis
1727 2861 1957 2901 demereretur,
1975 2869 2060 2901 quos
2073 2870 2186 2902 magna
2201 2863 2263 2894 illis

1210 2917 1343 2959 praemia
1373 2915 1610 2954 retributurus,
1635 2914 1676 2946 ad
1700 2923 1775 2946 suas
1798 2916 1906 2955 partes
1935 2914 2129 2947 traduceret.
2151 2917 2263 2956 ltaque

1212 2969 1353 3010 plerique
1362 2977 1402 3000 ex
1417 2966 1700 3007 Longobardorum
1720 2966 1935 3006 principibus,
1949 2966 2114 3007 largitione
2126 2967 2260 3008 impera-

1210 3021 1289 3054 toris
1302 3020 1431 3061 accepta
1441 3043 1450 3060 ‚
1465 3018 1505 3050 ad
1525 3020 1687 3050 Romanos
1699 3017 1897 3050 defecerunt.

1253 3131 1408 3171 Baianus,
1426 3133 1567 3163 Avarum
1581 3129 1768 3168 Cbaganus,
1794 3127 1908 3160 eodem
1925 3136 2009 3160 anno
2029 3127 2203 3167 Targitium
2220 3126 2260 3158 ad

1212 3183 1457 3224 imperatorem,
1475 3181 1531 3222 qui
1545 3181 1689 3222 praestari
1711 3179 1805 3211 solita
1826 3179 1984 3220 stipendia
1998 3179 2156 3219 exigeret,
2173 3178 2259 3210 misit

1214 3236 1226 3275 (
1240 3235 1332 3267 erant
1347 3235 1456 3266 autem
1469 3233 1631 3273 octoginta
1646 3231 1746 3263 millia
1755 3239 1964 3262 nummorum
1975 3253 1984 3269 ‚
2000 3239 2074 3269 quae
2089 3229 2259 3270 quotannis

1213 3286 1433 3327 pendebantur
1448 3286 1471 3325 ),
1487 3285 1520 3316 et
1541 3284 1596 3316 ubi
1618 3292 1691 3314 cum
1704 3283 1832 3322 reliquis
1848 3281 2018 3320 mercibus,
2032 3289 2111 3320 quas
2126 3282 2257 3318 emerat,

1213 3340 1246 3371 et
1267 3347 1342 3369 cum
1358 3346 1436 3369 auro
1455 3336 1494 3368 ad
1519 3336 1610 3367 illum
1628 3334 1785 3373 redierat,
1800 3333 1971 3371 barbarus,
1991 3332 2078 3363 nulla
2093 3331 2258 3362 occasione

1214 3391 1269 3422 aut
1282 3398 1377 3421 causa
1390 3388 1545 3428 conficta,
1564 3396 1602 3420 ne
1618 3386 1729 3419 falsam
1743 3385 1873 3426 quidem
1893 3383 2125 3415 accusationem
2146 3382 2176 3413 in
2191 3384 2256 3414 Ro-
