2326 3724
138 217 207 249 ¹1⁴

130 298 340 350 Θευδέριχον
370 298 427 336 τὸν
454 299 676 352 κατάρχοντα
705 303 817 340 αὐτῶν
847 302 908 349 τὴν
939 305 1170 356 κληρονομίαν

131 357 386 405 ἀπολαὸεἷν,ἣν
405 360 534 410 ἀφῆκεν
554 360 647 414 αὐτῷ
664 357 699 398 Ἄ
708 375 801 413 σπαρ
814 391 823 408 ,
837 361 992 414 δεύτερον
1008 362 1171 412 νέμεσθαι

130 415 190 461 τὴν
217 415 364 470 Θρᾴκην
384 421 652 469 συγχωρηθῆναι
673 420 785 472 αὐτῷ,
812 420 924 473 τρίτον
942 420 1001 459 καὶ
1019 437 1175 474 στρατη-γ

127 473 238 522 λοίτην
269 476 428 527 γενέσθαι
460 479 528 514 τῶν
559 477 765 528 ταγμάτων,
801 473 915 531 ῶνπερ
948 479 1007 516 καὶ
1031 477 1170 532 Ἄσπαρ

128 533 299 584 ἡγήσατο.
326 534 395 573 Καὶ
423 537 440 572 ὁ
471 533 534 584 μὲν
557 535 719 586 βασιλεὺς
747 535 830 588 πρὸς
850 537 893 574 τὰ
915 537 973 574 δύο
994 540 1171 582 παντελῶς

128 592 300 631 ἀπείπατο
313 623 322 640 ,
352 593 453 643 μόνον
474 593 510 631 δὲ
539 593 619 645 περὶ
638 597 699 640 τῆς
720 595 928 646 στρατηγίας
957 596 1170 644 κατένευσεν,

127 651 156 687 εἰ
177 650 272 702 φίλος
291 653 395 689 αὐτοῦ
410 651 550 702 γένηται
566 652 710 696 ἀδόλως.
730 653 800 691 Καὶ
815 652 905 691 οὕτω
920 653 998 697 τοὺς
1012 654 1172 705 πρέσὸεις

127 709 346 762 ἀπέπεμψεν.
376 710 420 749 eO
438 709 474 748 δὲ
493 710 704 763 Θευδέριχος
725 713 742 749 ὁ
762 714 828 749 τῶν
854 711 1039 764 βαρὸάρων
1061 715 1171 764 ἄρχη-

126 767 200 818 γὸς,
221 768 299 811 τοὺς
327 768 490 821 πρέσὸεις
520 771 626 807 αὑτοῦ
648 768 830 819 δεξάμενος
850 773 888 808 ἐκ
908 774 967 808 τοῦ
1002 771 1171 822 βασιλέως

127 826 343 878 ἀπράκτους,
360 826 398 864 τὸ
415 826 477 877 μὲν
494 830 554 874 τ’ῆς
571 827 748 878 δυνάμεως
778 829 884 865 αὐτοῦ
913 830 944 872 ἐς
972 829 1171 872 Φιλίππους

126 885 315 934 ἐκπέμπει,
332 888 382 938 τῷ
400 885 434 923 δὲ
453 885 693 938 προσεκάθητο
709 878 771 932 τὴν
793 886 1075 938 Ἀρκαδιούπολιν
1098 904 1171 937 μη-

125 947 217 995 χανῇ
237 944 334 995 πάσῃ
355 946 565 996 πολιορκῶν.
587 944 658 983 Καὶ
673 945 802 992 ταύτην
820 945 1093 997 παραλαμὸάνει
1107 948 1172 998 οὐχ

127 1001 245 1046 ὅπλοις
258 1032 268 1051 ,
289 1002 379 1045 ἀλλὰ
396 1004 488 1054 λιμῶ
504 1002 581 1045 τοὺς
598 1002 692 1040 ἔνδον
713 1006 771 1040 τοῦ
793 1003 912 1046 ἄστεος
927 1005 1079 1055 ἰσχυρῶς
1096 1019 1171 1041 στε-

126 1060 383 1113 νοχωρήσαντι.
409 1061 480 1099 Καὶ
500 1059 566 1112 γὰρ
586 1060 646 1099 καὶ
667 1059 783 1098 ἵππων
809 1059 869 1098 καὶ
893 1061 1086 1111 ὑποζυγίων
1112 1061 1171 1099 καὶ

126 1122 255 1171 νεκρῶν
277 1119 451 1169 σωμάτων
474 1119 629 1170 ἥψαντο,
652 1123 896 1171 καρτεροῦντες
923 1118 955 1156 εἴ
981 1123 1082 1156 ποθεν
1113 1121 1172 1157 αὐ-

125 1183 196 1221 τοῖς
216 1177 305 1216 ἔλθοι
329 1178 483 1230 βοήθεια.
503 1181 578 1224 Τῆς
606 1177 641 1215 δὲ
663 1176 712 1228 μὴ
739 1177 940 1230 παρούσης,
963 1178 1169 1224 ἀπήλπισαν

125 1236 183 1273 καὶ
213 1236 396 1274 ἐνέδωκαν.
419 1237 464 1274 Οἱ
485 1235 520 1274 δὲ
541 1235 793 1289 ἐκπεμφθέντες
823 1236 880 1273 ἐπὶ
899 1236 1100 1280 Φιλίππους
1127 1236 1171 1274 τὰ

126 1293 191 1344 πρὸ
209 1298 265 1331 τοῦ
288 1294 408 1337 ἄστεος
430 1293 623 1346 ἐνέπρησαν
642 1293 759 1344 μόνον,
780 1293 875 1331 οὐδὲν
897 1293 931 1332 δὲ
952 1294 1039 1332 ἄλλο
1064 1295 1170 1333 δεινὸν

126 1352 345 1403 εἰργάσαντο.
368 1353 438 1392 Καὶ
458 1352 588 1391 τούτων
607 1353 697 1390 οὕτω
712 1352 976 1403 λυμαινομένων
997 1353 1058 1400 τὴν
1075 1354 1173 1406 Θρᾴ-

126 1427 204 1458 κην,
222 1410 316 1461 ὅμως
336 1411 395 1449 καὶ
413 1411 510 1449 αὐτοὶ
529 1414 559 1449 οἱ
587 1411 758 1463 βάρὸαροι
784 1411 850 1449 ὑπὸ
870 1415 931 1449 τοῦ
952 1413 1053 1461 λιμοῦ
1075 1428 1170 1450 συνε-

125 1470 266 1520 χόμενοι
298 1469 485 1520 πρεσὸείαν
519 1469 700 1519 πέμπουσι
732 1470 812 1521 περὶ
833 1470 970 1521 εἰρήνης
1002 1470 1086 1523 πρὸς
1115 1471 1171 1508 τὸν

128 1525 292 1578 βασιλέα.
315 1527 386 1566 Καὶ
404 1527 536 1575 γίνεται
553 1531 574 1573 ἡ
597 1526 772 1577 σύμὸασις
788 1531 856 1566 τῶν
874 1527 986 1580 ὅρκων
1016 1529 1072 1566 ἐπὶ
1092 1529 1170 1566 τού·

128 1601 214 1631 τοις,
230 1591 300 1629 τοῖς
317 1585 378 1635 μὲν
394 1585 534 1628 Γότθοις
546 1585 700 1623 δίδοσθαι
717 1586 795 1623 κατ’
810 1586 882 1629 ἔτος
897 1587 1041 1637 χρυσίου
1056 1588 1172 1640 λίτρας

128 1643 299 1695 δισχιλίας
313 1675 323 1694 ,
347 1643 404 1682 τὸν
430 1644 466 1682 δὲ
494 1644 706 1696 Θευόέριχον
726 1644 955 1683 καθίστασθαι
977 1646 1170 1697 στρατηγὸν

127 1703 187 1739 δύο
201 1706 418 1754 στρατηγιῶν
433 1705 500 1740 τῶν
516 1703 605 1755 ἀμφὶ
623 1702 769 1754 βασιλέα
781 1734 790 1751 ,
806 1703 911 1755 αἵπερ
927 1703 993 1741 εἶσὶ
1009 1704 1171 1754 μέγισται

128 1762 197 1812 (εἷς
213 1760 274 1821 τὴν
295 1761 413 1812 ἑτέραν
432 1764 496 1812 γ’ῆν
510 1763 543 1812 )·
563 1763 677 1799 αὐτῶν
698 1762 734 1799 δὲ
755 1765 823 1799 τῶν
845 1762 984 1801 Γότθων
1006 1762 1171 1814 αὐτοκρά-

126 1835 209 1871 τορα
229 1823 337 1867 εἶναι,
354 1819 412 1857 καὶ
432 1819 583 1869 μηδένας
610 1819 644 1864 ἐξ
663 1821 774 1857 αὐτῶν
799 1822 994 1866 ἀποστῆναι
1015 1820 1172 1864 θέλοντας

129 1879 190 1929 [εἷς
204 1877 266 1924 τὴν
288 1878 454 1930 σφετέραν
473 1881 536 1929 γ’ἤν
560 1893 606 1915 ex
634 1887 756 1916 antec.
787 1882 912 1929 suppl.
945 1879 1087 1929 Valles]
1116 1879 1172 1916 τὸν

129 1935 274 1986 βασιλέα
298 1936 478 1987 δέχεσθαι·
502 1942 700 1988 συμμαχεῖν
722 1936 758 1974 δὲ
779 1939 827 1989 τῷ
853 1939 990 1988 βασιλεῖ
1018 1938 1064 1980 εἷς
1084 1943 1170 1986 πᾶν,

127 1993 148 2031 δ’
181 2010 213 2031 τι
243 1993 396 2040 κελεύοι,
425 1994 516 2040 πλὴν
551 1994 607 2032 ἐπὶ
638 1995 749 2045 μόνων
782 1999 850 2032 τῶν
886 1995 1089 2041 Βανδήλων,
1123 2000 1167 2034 V.

127 2056 341 2090 Tillernont.
362 2057 435 2100 Vl,
453 2068 493 2104 p.
519 2059 609 2098 414.

832 2112 851 2129 N

856 216 1050 255 MALCHI
1079 218 1550 260 PHILADELPHENSIS

1705 324 1738 348 2.
1770 325 1807 349 (Ζ.

1285 379 1418 414 Suidas
1450 391 1459 416 :
1496 378 1591 416 Λέων
1616 379 1777 430 βασιλεὺς
1806 379 2008 431 Ῥωμαίων,
2030 383 2047 419 ὁ
2067 381 2270 429 Μακέλλης.

1231 434 1299 478 ἰῸς
1318 435 1409 496 ἔδοξε
1427 439 1495 474 τῶν
1522 437 1589 489 πρὸ
1618 438 1722 475 αὐτοῦ
1747 437 1917 489 βασιλέων
1940 438 2103 477 ἁπάντων
2133 439 2273 491 εὐτυχέ-

1233 507 1355 537 στατος
1373 498 1482 540 εἰναι,
1499 495 1558 532 καὶ
1575 494 1718 547 φοὸερὸς
1739 495 1847 533 ἅπασι
1864 496 1933 539 τοῖς
1946 511 1983 534 τε
1998 496 2054 534 ὑπ’
2067 497 2196 535 ἐκείνου
2210 498 2273 543 τὴν

1236 551 1414 601 βασιλείαν
1434 554 1588 599 τελοῦσι,
1609 554 1668 591 καὶ
1691 556 1758 591 τῶν
1783 553 1970 606 βαρὸάρων
1986 556 2097 592 αὐτῶν
2118 555 2207 599 ὅσοις
2227 557 2275 600 εἷς

1234 608 1352 660 φήμην
1373 609 1526 662 ἀφίκετο.
1549 611 1621 649 Καὶ
1641 611 1774 659 ταύτην
1799 612 1861 662 μὲν
1878 613 1946 655 τοῖς
1965 614 2104 656 πολλοῖς
2124 613 2276 653 καταλέ-

1232 667 1411 728 λοιπεητὴν
1443 669 1556 713 δόξαν.
1591 687 1606 704 «
1628 669 1723 721 Ἐγὼ
1743 669 1795 718 δὲ,
1817 671 1900 722 φησὶ
1928 670 2091 723 Μάλχος,
2112 672 2274 724 εὐτυχίαν

1233 726 1295 763 οὐκ
1312 729 1428 775 οἶμαι,
1447 727 1478 764 εἴ
1492 743 1541 771 τις
1553 730 1620 766 τῶν
1636 729 1835 781 ἀρχομένων
1850 728 1892 766 τὰ
1908 728 1989 766 ὄντα
2007 731 2193 778 διασυλῶν,
2211 730 2272 769 καὶ

1234 784 1456 835 μισθούμενος
1474 786 1529 824 ἀεὶ
1547 788 1762 839 συκοφάντας
1783 789 1829 831 εἰς
1848 792 1949 826 τοῦτο
1965 819 1975 836 ,
1993 788 2054 826 καὶ
2070 793 2274 842 κατηγορῶν

1234 842 1353 889 αὐτὸς,
1383 842 1438 880 ὅτε
1471 843 1520 893 μὴ
1557 845 1660 882 ἄλλον
1692 845 1878 897 ἀνηύρισκε
1893 877 1904 897 ,
1927 846 1986 884 καὶ
2005 846 2064 884 τὸν
2094 847 2222 899 χρυσὸν
2241 847 2276 892 ἐξ

1234 900 1372 948 ἁπάσης
1391 905 1453 947 τῆς
1469 905 1532 953 γ’ἧς
1548 903 1798 952 συλλεξάμενος
1823 906 1936 956 ἑαυτῷ
1955 904 2048 957 μόνῳ
2065 905 2250 944 κατάθοιτο
2263 935 2275 956 ,

1234 958 1382 1010 ἐρήμους
1403 959 1464 1009 μὲν
1484 959 1549 1003 τὰς
1566 961 1684 1004 πόλεις
1703 957 1814 1014 ἧσπερ
1840 962 2033 1014 ἔμπροσθεν
2053 958 2144 1015 εἶχον
2173 966 2278 1002 εὐπο-

1235 1016 1309 1068 ρίας
1329 1018 1497 1065 ποιήσας,
1518 1021 1563 1061 ὡς
1582 1019 1707 1069 μηκέτι
1727 1019 1802 1063 τοὺς
1822 1021 1962 1073 φόρους,
1980 1021 2036 1065 οὒς
2051 1022 2199 1070 ἐτέλουν,
2217 1021 2275 1060 δύ’

1233 1078 1358 1113 νασθαι
1381 1076 1455 1127 μετ’
1473 1077 1648 1130 εὐχερείας
1665 1080 1880 1130 ἀπενεγκεῖν.
1899 1098 1914 1112 »
1933 1079 2003 1118 Καὶ
2020 1080 2139 1124 ἁπλῶς
2159 1080 2276 1127 πάσης

1234 1135 1358 1179 κακίας
1381 1137 1628 1188 ἀπισχυρίζετο
1656 1139 1673 1174 ὁ
1699 1138 1845 1189 Μάλχος
1866 1139 2024 1187 γενέσθαι
2044 1138 2146 1176 αὐτὸν
2167 1154 2273 1177 κατοι-

1234 1194 1358 1244 γώγιον
1372 1210 1380 1218 ·
1397 1195 1431 1238 ὃς
1443 1210 1483 1246 γε
1497 1195 1557 1232 καὶ
1572 1194 1729 1246 Ἱ”περέχ
1732 1211 1779 1234 ιον
1797 1196 1855 1233 τὸν
1877 1197 2120 1248 γραμματικὸν
2147 1197 2277 1249 ἐφυγά-

1234 1254 1347 1292 δευσε.
1371 1253 1442 1292 Καί
1461 1270 1545 1291 ποτε
1564 1256 1613 1306 τῷ
1634 1254 1794 1307 Εὖλογίῳ
1814 1256 1863 1307 τῷ
1883 1254 2060 1307 φιλοσόφῳ
2085 1255 2278 1308 σιτηρέσιον

1234 1311 1341 1349 εἰπὼν
1357 1313 1518 1359 δοθῆναι,
1532 1313 1620 1355 τινὸς
1633 1314 1701 1349 τῶν
1719 1313 1892 1364 εὐνούχων
1909 1312 2083 1363 λέγοντος,
2097 1312 2149 1351 ὅτι
2167 1317 2277 1351 ταῦτα

1234 1372 1280 1412 εἷς
1313 1370 1527 1422 στρατιώτας
1555 1370 1725 1423 προσήκει
1757 1372 2000 1418 δαπανᾶσθαι,
2032 1366 2137 1410 εἶπεν·
2160 1389 2174 1407 α
2204 1371 2271 1410 εἴθε

1233 1427 1364 1475 γένοιτο
1383 1428 1438 1466 ἐπὶ
1453 1432 1512 1466 τοῦ
1533 1431 1615 1478 ἐμοῦ
1631 1429 1755 1481 χρόνου
1767 1459 1777 1476 ,
1798 1427 1890 1467 ὥστε
1908 1428 1951 1467 τὰ
1968 1431 2034 1467 τῶν
2053 1432 2273 1482 στρατιωτῶν

1234 1488 1280 1529 εἰς
1308 1487 1538 1529 διδασκάλους
1558 1489 1784 1539 παρέχεσθαι.
1808 1506 1823 1520 υ
1843 1490 2038 1531 Postrema
2065 1490 2152 1526 inde
2172 1490 2220 1525 ab
2243 1487 2277 1531 ὅς

1235 1560 1275 1594 γε
1297 1545 1356 1582 καὶ
1382 1544 1590 1598 Ἱ’περέχιον
1611 1547 1686 1583 κτλ.
1717 1561 1807 1583 num
1836 1547 2004 1594 ejusdcm
2025 1548 2164 1584 Malehi
2183 1549 2276 1592 sint,

1236 1605 1290 1640 vel
1309 1612 1409 1640 certe
1424 1618 1515 1640 num
1535 1606 1669 1641 eodem
1691 1607 1778 1641 loeo
1798 1607 1901 1642 dieta
1919 1606 2078 1651 fuerint,
2103 1606 2274 1642 dubium.

1491 1687 1527 1725 3.
1555 1685 1667 1735 (475.
1696 1688 1839 1722 Zenon.
1862 1698 1924 1722 an.
1949 1686 2013 1735 2.)

1287 1765 1378 1798 Exc.
1399 1765 1454 1798 De
1474 1764 1546 1811 leg.
1569 1764 1682 1798 Rom.
1705 1775 1745 1810 p.
1768 1762 1814 1807 87
1839 1776 1847 1796 :
1869 1759 1954 1798 t'Ort
1972 1760 2093 1807 Ζήνων
2117 1759 2203 1812 ἀνὴρ
2227 1760 2275 1798 ὢν

1237 1822 1413 1870 ἀπόλεμος
1434 1820 1534 1871 ἄγαν,
1551 1820 1608 1858 καὶ
1630 1821 1760 1866 πολλῆς
1778 1819 1994 1871 πανταχόθεν
2018 1822 2176 1871 ταραχῆς
2197 1821 2278 1872 ἐφε-

1239 1879 1395 1926 στώσης,
1417 1879 1504 1928 ἔγνω
1521 1877 1604 1930 πρὸς
1621 1878 1678 1915 τὸν
1695 1877 1875 1924 Βάνδηλον
1893 1880 1938 1920 εἷς
1962 1877 2172 1929 Καρχηδόνα
2190 1893 2279 1930 πρε-

1239 1936 1470 1975 σὸεύσασθαι.
1494 1936 1565 1975 Καὶ
1590 1939 1744 1989 Σευῆρον
1766 1937 1805 1973 ἐκ
1828 1938 1888 1981 τ’ἧς
1909 1937 2034 1987 βουλῆς
2063 1935 2278 1987 πρεσὸευτὴν

1240 1996 1407 2047 αἱρεῖται,
1423 1995 1529 2046 ἄνδρα
1545 1995 1602 2033 καὶ
1619 1994 1823 2048 σωφροσύνῃ
1841 1993 2012 2047 διαφέρειν
2034 1994 2199 2032 δοκοῦντα
2219 1995 2279 2032 καὶ

1236 2056 1286 2105 τῷ
1314 2053 1440 2091 ἐθέλειν
1461 2053 1504 2091 τὰ
1534 2053 1665 2092 δίκαια.
1697 2053 1767 2092 Καὶ
1797 2052 1979 2105 πατρίκιον
1999 2051 2102 2090 αὐτὸν
2133 2052 2280 2099 ποιήσας

129 2167 138 2203 (
152 2166 273 2196 matris
291 2163 579 2204 Tleeucl.sracer),
596 2165 754 2195 frueretur
768 2175 775 2195 :
789 2164 983 2203 secundum,
1009 2166 1044 2195 ut
1067 2163 1175 2195 liceret

129 2217 171 2248 illi
186 2217 217 2248 in
237 2217 371 2248 Thracia
390 2216 534 2248 habitare
553 2230 560 2248 z
578 2217 710 2248 tertium
723 2241 732 2256 ,
758 2218 795 2248 ut
817 2218 848 2248 et
873 2226 986 2248 eorum
1006 2217 1173 2254 ordinum,

127 2277 266 2309 quorum
283 2273 384 2308 Aspar
414 2269 515 2300 suerat
528 2293 536 2308 ,
554 2268 619 2299 dux
634 2271 726 2300 esset.
773 2268 878 2300 Prima
896 2268 961 2299 duo
974 2268 1105 2299 omnino
1120 2268 1174 2299 de-

129 2321 255 2360 negavit
278 2320 463 2359 imperator.
483 2321 593 2352 Solum
615 2320 764 2359 tertium,
794 2322 831 2351 ut
855 2320 921 2350 dux
940 2320 1048 2358 tieret,
1077 2319 1172 2350 durn-

130 2373 225 2403 modo
235 2372 302 2403 sine
319 2371 427 2403 fraude
450 2371 518 2411 ejus
534 2372 656 2403 amicus
668 2374 762 2411 esset,
778 2371 935 2411 concedit,
953 2372 1039 2403 etita
1054 2372 1174 2410 legatos

127 2424 258 2456 dimisit.
274 2424 333 2455 Sed
349 2424 599 2462 Theuderiehus,
614 2425 824 2456 barbarorum
842 2424 1002 2465 princeps,
1019 2423 1073 2455 ubi
1091 2424 1173 2463 lega-

129 2479 178 2507 tos
188 2485 261 2512 suos
282 2475 323 2507 ab
336 2476 525 2516 imperatore
539 2485 573 2507 re
595 2476 711 2507 insecta
728 2485 870 2507 reversos
881 2476 1023 2516 excepit,
1043 2484 1174 2506 suarum

129 2528 293 2567 copiarum
317 2529 438 2566 partem
464 2528 622 2567 Philippos
639 2527 744 2568 misit;
761 2536 836 2558 cum
852 2528 953 2558 altera
970 2529 1060 2567 parte
1077 2530 1173 2558 Arca-

131 2578 283 2619 diopolim
316 2579 402 2609 omni
435 2581 589 2618 apparatu
619 2581 862 2620 oppugnaturus
886 2579 1020 2610 obsedit.
1065 2581 1174 2619 Neque

130 2633 238 2661 tamen
259 2639 330 2661 eam
347 2631 444 2661 armis
461 2631 543 2670 cepit
557 2654 566 2670 ‚
582 2631 637 2662 sed
665 2632 747 2662 same
760 2655 768 2669 ‚
794 2639 868 2670 quoe
897 2630 1075 2671 oppidanos·
1095 2630 1174 2662 adeo

130 2682 315 2722 premebat,
343 2684 379 2713 ut
397 2682 487 2722 equis
515 2684 546 2713 et
570 2682 639 2714 aliis
666 2682 818 2722 jumentis
834 2683 866 2713 et
884 2683 1086 2712 mortuorum
1102 2690 1173 2712 cor-

130 2734 259 2774 poribus
269 2757 277 2771 ,
292 2735 530 2773 exspectantes,
544 2734 569 2764 si
586 2743 650 2774 qua
666 2735 808 2774 exparte
821 2742 860 2764 au
867 2733 977 2764 xilium
992 2732 1173 2771 adveniret,

129 2788 343 2818 vescerentur.
386 2789 458 2824 Quo
476 2796 541 2818 non
563 2787 768 2827 adveniente,
791 2786 825 2817 in
838 2787 1014 2818 extremam
1027 2785 1173 2825 despera-

129 2839 248 2870 tionem
262 2838 412 2877 adducti,
425 2838 617 2870 deditionem
632 2839 786 2870 fecerunt.
812 2838 875 2875 Qui
894 2846 970 2869 vero
985 2837 1070 2868 missi
1083 2838 1174 2870 erant

131 2890 308 2930 Philippos,
337 2890 440 2921 solum
460 2898 497 2920 ea
519 2898 593 2929 quac
620 2890 705 2921 cirea
729 2890 841 2921 urbem
859 2893 969 2928 erant,
990 2889 1172 2920 combusse-

131 2943 227 2980 runt,
241 2950 346 2981 neque
359 2941 529 2981 quicquam
544 2942 699 2981 praeterea
717 2944 811 2973 atrox
826 2942 883 2972 aut
893 2949 988 2979 grave
1003 2941 1172 2972 commise-

130 2996 219 3026 runt.
265 2993 324 3024 His
352 2992 395 3024 ita
421 2992 453 3023 in
469 2992 604 3023 'fluacia
635 2992 867 3033 grassantibus,
883 2992 981 3023 nihilo
997 2992 1098 3024 secius
1115 2992 1173 3033 ipsi

132 3046 260 3078 barbari
282 3047 364 3077 same
381 3045 482 3076 coacti
499 3045 617 3084 legatos
630 3045 669 3076 ad
688 3046 913 3085 imperatorem
928 3045 1101 3084 miserunt,
1117 3045 1173 3085 qui

130 3100 171 3131 de
195 3108 272 3140 pace
297 3101 445 3138 agerent,
460 3107 533 3138 quae
549 3097 596 3129 his
614 3097 849 3129 conditionibus
865 3098 913 3129 est
930 3097 1012 3128 sacta
1031 3110 1038 3129 z
1059 3099 1094 3128 ut
1110 3097 1173 3128 duo

131 3151 229 3182 millia
257 3150 409 3181 librarum
431 3149 499 3180 auri
526 3149 641 3181 Gothis
664 3149 797 3188 singulis
813 3149 905 3180 annis
931 3149 1171 3188 penderentur:

130 3202 371 3235 Theuderichus
389 3193 535 3240 magister
549 3201 692 3240 equitum
713 3202 745 3244 et
770 3200 914 3240 peditum
929 3200 1094 3240 praesentis
1111 3200 1173 3231 mi-

131 3256 208 3287 litiae
229 3256 488 3293 constitueretur,
506 3262 578 3293 quae
605 3253 742 3294 dignitas
758 3253 897 3284 maxima
920 3253 1067 3291 habetur,
1087 3253 1173 3293 ipso-

131 3316 268 3348 rumque
288 3316 343 3345 rex
360 3307 538 3339 Gothorum
552 3307 651 3344 esset,
666 3315 770 3346 neque
784 3306 954 3346 quisquam
971 3314 1082 3337 eorum
1096 3331 1105 3346 ,
1119 3306 1174 3346 qui

133 3361 173 3392 ab
189 3370 227 3392 eo
239 3359 374 3392 deficere
391 3359 568 3397 voluerint,
587 3359 627 3390 ab
649 3359 839 3399 imperatore
855 3358 887 3389 in
904 3358 1061 3398 regionem
1083 3367 1174 3389 suam

1240 2163 1422 2203 imperator,
1435 2165 1575 2204 exceptis
1588 2162 1739 2195 Vandalis
1751 2187 1759 2202 ‚
1771 2172 1789 2194 a
1802 2163 1891 2203 parte
1901 2162 2103 2204 imperatoris
2111 2166 2276 2203 pugnaret.

1262 2221 1265 2224 '
1716 2218 1752 2250 2.
1780 2225 1819 2249 α.

1281 2269 1345 2299 Leo
1359 2268 1456 2299 Lanio
1467 2268 1638 2308 imperator
1650 2270 1881 2306 Romanorum,
1890 2266 1944 2307 qui
1952 2266 2096 2301 omnium
2111 2266 2275 2307 imperato-

1237 2329 1320 2358 rum,
1335 2319 1392 2359 qui
1405 2321 1478 2350 ante
1498 2320 1602 2359 ipsum
1618 2320 1747 2350 fuerunt
1758 2343 1767 2358 ,
1782 2318 1979 2351 felicissimus
1999 2326 2069 2349 esse
2086 2318 2172 2349 visus
2184 2319 2275 2350 estet

1236 2361 1618 2410 forinidabilis'omnibus‚
1635 2373 1702 2402 tam
1715 2370 1812 2410 ipsius
1825 2369 1956 2410 imperio
1973 2369 2125 2408 subiectis
2137 2369 2274 2410 populiS,

1236 2431 1332 2462 quam
1347 2422 1419 2461 ipsis
1432 2422 1591 2460 barbaris,
1606 2421 1646 2453 ad
1656 2430 1737 2462 quos
1745 2421 1813 2460 ejus
1823 2421 1908 2452 sama
1920 2421 2127 2460 pervenisset.
2143 2423 2183 2452 Et
2194 2421 2275 2453 hanc

1234 2473 1365 2514 quidem
1381 2473 1422 2504 de
1434 2482 1467 2504 se
1479 2473 1660 2513 opinionem
1675 2474 1769 2512 vulgo
1790 2471 1928 2512 reliquit.
1948 2485 1963 2499 ιι
1979 2474 2044 2512 Ego
2060 2480 2157 2511 vero,
2173 2471 2278 2512 inquit

1236 2525 1398 2562 Malchus,
1416 2525 1600 2556 felicitatem
1618 2533 1683 2556 non
1697 2524 1844 2556 existimo
1855 2547 1863 2562 ‚
1880 2523 1905 2555 si
1921 2523 1993 2563 quis
2009 2523 2201 2563 populorum
2217 2523 2277 2554 im-

1235 2577 1322 2617 perio
1336 2586 1394 2608 suo
1408 2577 1587 2617 parentium
1603 2578 1746 2608 fortunas
1756 2576 1923 2616 diripiens,
1938 2577 1970 2607 et
1983 2575 2022 2606 ad
2034 2576 2094 2606 hoc
2106 2575 2278 2616 sycophan-

1234 2631 1283 2662 tas
1307 2638 1432 2670 semper
1451 2629 1597 2661 mercede
1615 2629 1814 2668 conducens,
1832 2630 1863 2660 et
1888 2629 1952 2668 ipse
1983 2636 2152 2667 accusans,
2177 2636 2278 2668 quum

1234 2683 1313 2714 alios
1328 2691 1392 2714 non
1412 2682 1585 2722 invenerit,
1600 2684 1655 2722 qui
1673 2682 1733 2713 hoc
1745 2681 1880 2719 saciant,
1901 2684 1931 2712 et
1944 2689 2060 2712 aurum
2074 2689 2116 2711 ex
2131 2679 2278 2712 universo

1237 2736 1395 2766 terrarum
1421 2734 1499 2766 orbe
1513 2735 1682 2766 collectum
1699 2734 1757 2766 sibi
1774 2734 1832 2765 soli
1849 2733 1990 2774 reponit3
2013 2735 2044 2764 et
2060 2732 2155 2764 urbes
2170 2741 2278 2765 rerum

1235 2785 1345 2828 copia,
1369 2796 1468 2827 quam
1487 2786 1575 2827 prius
1594 2786 1772 2825 habebant,
1794 2786 1926 2826 spoliat,
1944 2787 1979 2817 ut
1997 2794 2060 2816 non
2077 2785 2197 2826 possint
2209 2793 2278 2816 am-

1234 2839 1316 2879 plius
1342 2838 1432 2870 facile
1455 2838 1593 2878 pendere
1611 2838 1749 2876 tributa,
1776 2846 1849 2876 quae
1874 2836 2065 2877 pendebant.
2095 2849 2111 2864 »
2135 2835 2279 2876 Denique

1234 2890 1377 2922 Malchus
1397 2889 1554 2930 affirmat,
1584 2889 1675 2920 illum
1698 2888 1803 2919 omnis
1826 2887 2038 2928 improbitatis
2061 2887 2276 2919 deversorium

1234 2943 1340 2974 ruisse.
1357 2942 1446 2974 ldem
1459 2943 1491 2974 et
1508 2941 1739 2982 Hyperechium
1753 2940 1996 2980 grammaticum
2007 2939 2039 2970 in
2053 2939 2184 2971 exilium
2201 2939 2273 2979 egit.

1234 2997 1343 3031 Quum
1357 2995 1464 3026 autem
1474 2993 1638 3034 quondam
1652 2991 1783 3032 Eulogio
1799 2991 1987 3031 philosopho
1999 2990 2192 3031 stipendium
2204 2990 2273 3022 dari

1231 3045 1391 3085 jussisset,
1410 3046 1443 3076 et
1458 3045 1587 3084 quidam
1611 3053 1651 3075 ex
1666 3043 1820 3075 eunuchis
1838 3042 1990 3080 dixisset,
2006 3041 2088 3073 hanc
2106 3041 2275 3081 pecuniam

1233 3096 1266 3127 in
1288 3096 1404 3128 milites
1425 3094 1667 3135 impendendam
1691 3102 1776 3133 esse,
1797 3093 1899 3124 dixit:
1922 3105 1938 3120 «
1962 3093 2092 3124 Utinam
2109 3100 2180 3123 aevo
2203 3101 2276 3124 meo

1234 3147 1413 3187 contingat,
1430 3148 1467 3178 ut
1482 3145 1637 3187 stipendia
1653 3145 1792 3176 militum
1810 3145 1841 3175 in
1857 3144 2004 3175 doctores
2019 3143 2240 3176 conterantur!
2259 3156 2273 3171 »ι

1738 3199 1772 3230 3.

1275 3254 1381 3289 Quum
1395 3250 1488 3282 multi
1502 3249 1645 3289 undique
1658 3248 1815 3280 tumultus
1828 3246 1931 3279 exorti
1944 3247 2059 3287 essent,
2069 3246 2200 3285 Zenoni,
2215 3247 2274 3278 ho-
2323 3239 2326 3244 Α

1235 3303 1312 3335 mini
1335 3303 1508 3335 admodum
1536 3302 1676 3340 imbelli,
1700 3301 1788 3332 venit
1808 3300 1839 3332 in
1864 3300 2005 3331 mentem
2029 3299 2068 3330 ad
2096 3300 2273 3338 (Genseri-

1234 3357 1354 3396 chum)
1379 3355 1560 3388 vandalum
1572 3354 1761 3395 legationem
1775 3351 1998 3392 Carthaginem
2013 3351 2139 3382 mittere
2149 3374 2158 3388 ‚
2174 3352 2207 3382 et
2220 3352 2273 3382 Se·

131 3412 375 3451 admitteretur,
407 3410 542 3451 denique
570 3412 606 3441 ut
636 3412 748 3441 contra
774 3419 997 3450 quemcunque
1037 3409 1174 3441 voluerit
1201 3393 1206 3433 l
1235 3417 1348 3441 verum
1366 3417 1404 3440 ex
1432 3408 1543 3440 senatu
1558 3406 1696 3450 legatum
1706 3404 1831 3444 deligit,
1847 3403 1969 3442 virum,
1987 3401 2041 3442 qui
2065 3402 2274 3442 temperantia
