2326 3724
74 202 92 231 8
101 199 122 230 6
945 185 1105 224 Psstsct
1135 183 1343 223 PANITAE

69 278 146 329 ὄψιν
164 276 270 315 ἐλθὼν
281 306 290 323 ,
305 277 364 314 καὶ
379 276 474 328 αὐτῷ
487 274 528 313 τὰ
542 275 597 313 ἐπὶ
611 278 655 328 τῇ
667 273 808 327 πράξει,
820 274 872 326 ἐφ’
889 273 931 319 ἣν
945 271 1111 320 ἔσταλτο,

69 335 252 387 ἁπαγγέλλ
255 351 324 385 ων,
340 351 400 373 και
419 335 458 372 τὸ
473 334 579 377 πάθος
594 334 633 372 τὸ
648 336 698 385 τῷ
715 332 864 379 Ἀττήλα
877 331 976 370 παιδὶ
990 346 1111 369 συνεν-

68 393 166 445 εχθέν
197 393 284 445 (τὴν
303 393 370 446 γὰρ
399 392 511 438 δεξιὰν
527 395 637 452 χεῖρα
658 390 882 436 ἐξολισθήσας
899 389 1111 439 κατέαξεν),

69 453 369 504 συνευωχεῖσθαι
353 457 436 501 ημῖν
451 453 512 488 οὐκ
524 454 587 500 ἠγε
601 449 743 501 σχολήν.
758 448 859 487 Μετὰ
874 447 909 485 δὲ
924 447 963 485 τὸ
977 449 1111 485 δεῖπνον

68 510 298 554 ἀπολιπόντες
316 525 360 548 τα
375 513 432 547 τοῦ
452 508 662 558 Ὀνηγησίου
682 506 860 555 οἷκηματα
877 505 1023 552 πλησίον
1043 507 1111 542 τῶν

69 568 216 615 Ἀττήλα
230 567 566 616 κατεσκηνώσαμεν,
580 565 699 617 [ὥστε]
718 564 740 612 ἢ
759 564 854 616 παρὰ
867 565 924 602 τὸν
943 563 1111 610 Ἀττήλαν

69 627 204 664 ἐπιέναι
236 626 294 664 τὸν
326 625 541 675 Μαξιμῖνον,
573 625 677 674 ἤγουν
711 623 771 661 καὶ
799 623 868 666 τοῖς
898 622 1013 664 ἄλλοις
1045 626 1114 664 τοῖς

69 688 156 735 ἀμφ’
177 684 279 722 αὐτὸν
303 686 336 726 ἐς
356 683 506 734 λόγους’
499 683 586 721 ιε’ναι
605 684 664 720 &vs
653 682 787 720 ςι’λοντα
801 712 811 729 ,
842 681 890 730 μὴ
917 681 1038 718 πολλω
1055 695 1112 717 κε-

68 742 240 795 χωρίσθαι
270 742 496 792 διαστήματι.
528 745 594 780 Δια
597 757 641 791 γα
644 741 772 791 γόντων
794 739 829 777 δε
849 741 950 789 ἡμων
979 737 1114 784 ἐκείνην

68 801 131 848 τὴν
152 800 260 839 νύκτα
276 803 310 838 ἐν
328 805 424 853 ῳπερ
444 800 686 850 κατελύσαμεν
703 797 842 850 χωρίῳ,
862 795 1115 849 ὑποφαινούσης

69 860 200 912 ἡμέρας
222 862 239 897 ὁ
261 858 454 909 Μαξιμῖνος
474 858 609 896 στέλλει
638 873 681 906 με
700 856 797 908 παρὰ
822 856 879 894 τὸν
904 854 1114 905 Ὀνηγήσιον

71 917 113 955 τὰ
142 919 235 968 δῶρα
262 916 439 965 δώσοντα,
458 916 480 953 ἅ
508 932 545 954 τε
566 915 667 958 αὐτὸς
694 915 824 961 ἐδίδου,
849 914 870 951 ἅ
894 929 930 951 τε
952 912 1115 964 βασιλεὺς

71 975 304 1023 ἀπεστάλκει,
330 975 390 1013 καὶ
410 974 503 1017 ὅπως
522 974 639 1025 γνοίη,
669 975 698 1011 εἷ
721 972 881 1024 βούλεται
911 973 1005 1023 αὐτῷ
1020 1001 1030 1021 ,
1055 970 1115 1008 καὶ

71 1032 192 1080 ὁπότε,
212 1035 244 1076 ἐς
267 1033 387 1083 λόγους
414 1034 538 1071 ἐλθεῖν.
571 1029 860 1082 Παραγενόμενος
885 1029 921 1067 δὲ
949 1029 1025 1079 ἅμα
1047 1035 1115 1073 τοῖς

70 1092 269 1142 κομίζουσιν
293 1090 383 1128 αὐτὰ
415 1090 601 1142 ὑπηρέταις
629 1088 946 1140 προσεκαρτέρουν,
976 1087 1026 1125 ἔτι
1046 1090 1115 1125 τῶν

72 1152 181 1201 θυρῶν
208 1149 479 1198 κεκλεισμένων,
508 1148 609 1200 ἄχρις
639 1147 719 1185 ὅτου
747 1163 798 1190 τις
830 1145 1023 1192 ὑπεξελθὼν
1052 1145 1114 1193 τὴν

71 1207 243 1260 ἡμετέραν
264 1207 446 1256 μηνύσειεν
467 1206 593 1259 ἄφιξιν.

128 1264 349 1316 Διατρίὸοντι
379 1264 415 1302 δέ
442 1280 500 1314 μοι
516 1263 576 1302 καὶ
602 1262 815 1316 περιπάτους
834 1262 1030 1316 ποιουμένῳ
1049 1262 1117 1316 πρὸ

70 1328 130 1363 τοῦ
147 1323 333 1375 περιὸόλου
349 1326 418 1361 τῶν
433 1321 651 1373 οἰκημάτων,
667 1321 867 1383 προσελθών
886 1338 956 1372 τις,
975 1321 1011 1360 ὃν
1032 1321 1116 1374 βάρ-

72 1383 208 1435 8αρον’
193 1398 231 1420 εκ
251 1385 312 1428 τῆς
329 1383 504 1428 Σκυθικῆς
520 1381 638 1434 ὧήθην
655 1384 746 1419 εἰναι
763 1382 905 1428 στολῆς,
920 1380 1114 1433 Ἑλληνικῇ

72 1439 265 1485 ἀσπάζεταί
287 1456 329 1489 με
357 1443 472 1493 φωνῆ,
503 1457 517 1472 α
546 1441 647 1491 χαῖρε
678 1457 692 1471 »ι
726 1437 941 1490 προσειπὼν,
962 1438 1053 1477 ὥστε
1075 1455 1117 1488 με

71 1499 276 1549 θαυμάζειν,
294 1497 346 1535 ὅτι
365 1514 404 1549 γε
424 1498 465 1545 δὴ
484 1498 656 1544 ἑλληνίζει
672 1497 811 1543 Σκύθης
831 1497 931 1549 ἀνήρ.
955 1497 1118 1547 Ξύγκλυ-

73 1559 126 1600 δες
148 1556 214 1608 γὰρ
239 1556 331 1600 ὄντες
351 1557 434 1608 πρὸς
462 1559 505 1608 τῆ
535 1555 686 1610 σφετέρᾳ
707 1555 876 1608 βαρὸάρῳ
896 1556 1038 1607 γλώσσῃ
1059 1558 1119 1603 ζη-

71 1615 231 1665 λοῦσινμῆ
258 1614 321 1662 τὴν
350 1615 491 1654 Οὔννων
509 1613 531 1661 ἢ
549 1614 612 1661 τὴν
629 1614 786 1662 Γότθων,
804 1613 825 1661 ἢ
845 1614 904 1652 καὶ
925 1612 986 1661 τὴν
1004 1615 1117 1653 Αὐσο-

73 1673 176 1720 νίων,
204 1672 294 1716 ὅσοις
315 1674 427 1710 αὐτῶν
460 1672 544 1724 πρὸς
576 1672 778 1722 <Ριιψαιόυς
798 1671 974 1722 ἐπιμιξία·
995 1672 1056 1710 καὶ
1081 1674 1119 1710 οὐ

76 1732 201 1785 ῥαδίως
221 1747 271 1774 τις
292 1734 388 1784 σφῶν
410 1730 582 1778 ἑλληνίζει
598 1734 640 1783 τῆ
662 1734 782 1783 φωνῇ,
803 1730 896 1777 πλὴν
913 1725 960 1768 ὧν
979 1730 1119 1781 ἀπήγα-

76 1806 137 1842 γον
152 1789 389 1842 αἰχμαλώτων
408 1789 476 1827 ἀπὸ
499 1792 560 1836 τῆς
580 1789 740 1841 Θρᾳκίας
759 1788 816 1827 καὶ
843 1789 1029 1842 Ἰλλυρίδος
1047 1806 1120 1827 πα-

78 1848 197 1901 ράλου.
218 1849 309 1888 Ἀλλ’
331 1850 453 1886 ἐκεῖνοι
476 1848 538 1899 μὲν
559 1849 727 1900 γνώριμοι
757 1850 827 1890 τοῖς
855 1847 1120 1900 ἐντυγχάνουσιν

76 1907 264 1959 ἐτύγχανον
295 1906 333 1944 ἔκ
353 1922 388 1944 τε
409 1909 475 1944 τῶν
498 1906 741 1959 -διερρωγότων
763 1906 964 1956 ἐνδυμάτων
981 1906 1041 1944 καὶ
1060 1910 1119 1944 τοῦ

76 1968 214 2017 αὐχμοῦ
242 1969 303 2012 τῆς
333 1967 504 2018 κεφαλῆς,
534 1967 580 2008 εἷς
609 1964 671 2011 τὴν
700 1964 840 2017 χείρονα
868 1965 1121 2015 μεταπεσόντες

1176 269 1307 322 τύχην·
1326 264 1423 311 ουτος
1446 267 1481 305 δὲ
1501 280 1670 318 τρυφωντι
1688 263 1789 302 ἐώκει
1811 265 1928 316 Σκύθῃ
1950 265 2095 303 εὖείαων
2113 281 2151 304 τε
2170 265 2218 304 ὧν

1175 328 1234 366 καὶ
1257 325 1528 378 ἀποκειράμενος
1548 322 1611 370 τὴν
1633 321 1788 375 κεφαλὴν
1816 322 2067 375 περιτρόχαλα.
2097 324 2217 363 Ἀντα-

1175 385 1399 435 σπασάμενος
1416 383 1451 420 δὲ
1472 380 1659 434 ἀνηρώτων
1673 380 1724 424 τίς
1742 397 1791 418 ων
1807 381 1867 419 καὶ
1883 381 2018 419 πόθεν’
2003 398 2036 425 ες
2051 382 2113 429 τὴν
2132 382 2218 436 βάρ-

1175 443 1282 496 ὅαρον
1311 443 1470 494 παρῆλθε
1502 444 1567 491 γῆν
1605 439 1665 478 καὶ
1697 439 1770 491 βίον
1810 441 2002 491 ἀναιρεῖται
2030 443 2216 482 Σκυθικόν.

1175 501 1220 541 ‘0
1237 500 1272 539 δὲ
1290 499 1499 552 ἀπεκρίνατο
1513 498 1534 537 δ’
1544 514 1577 536 τι
1598 498 1806 550 βουλόμενος
1825 502 1936 536 ταῦτα
1949 502 2078 549 γνῶναι
2093 501 2220 540 ἐσπού-

1178 559 1291 606 δακα,
1312 557 1379 607 ἐγὼ
1400 556 1473 594 δὲ’
1455 572 1540 609 εφην
1560 556 1672 594 αἰτίαν
1690 557 2029 609 πολυπραγμοσύνης
2048 552 2136 596 εἶναί
2160 574 2220 610 μοι

1175 616 1237 663 τὴν
1269 588 1453 687 ἰίΙλλήνων
1472 615 1603 668 φωνήν.
1629 615 1719 654 Τότε
1741 615 1782 662 δὴ
1812 615 1964 666 γελάσας
1990 615 2052 668 ἔφη
2074 618 2222 670 Γραικὸς

1177 692 1219 726 με
1222 692 1238 712 ν
1259 679 1346 712 εἰναι
1362 675 1400 712 τὸ
1414 673 1508 725 γένος
1523 704 1535 723 ,
1559 677 1639 712 κατ’
1658 673 1829 726 ἐμπορίαν
1847 674 1920 712 δὲ’
1905 691 1937 717 ες
1956 674 1995 712 τὸ
2013 675 2218 724 Βιμινάκιον

1183 734 1457 781 ἐληλυθεναιτὴν
1467 732 1551 784 πρὸς
1563 735 1613 770 τῶ
1624 729 1754 786 Ἴστρῳ
1772 735 1903 772 Μυσῶν
1915 733 2029 775 πόλιν.
2049 736 2221 774 Πλεῖστον

1178 791 1214 830 δὲ
1241 794 1274 830 ἐν
1295 794 1381 843 αὐτῆ
1404 792 1581 843 διατρῖψαι
1613 791 1756 843 χρόνον,
1786 792 1845 830 καὶ
1865 798 2012 842 γυναῖκα
2037 794 2220 844 γήμασθαι

1177 851 1383 896 ζάπλουτον.
1409 849 1484 896 Τὴν
1517 849 1555 887 δὲ
1582 851 1734 888 ἐντεῦθεν
1767 850 1959 903 εὐπραγίαν
1987 852 2219 904 ἐκδύσασθαι,

1177 910 1242 947 ὑπὸ
1259 915 1330 953 τοῖς
1358 908 1547 961 βαρὸάροις
1565 911 1624 954 τῆς
1642 909 1773 952 πόλεως
1787 911 1993 961 γενομένης,
2011 910 2070 949 καὶ
2087 910 2144 949 διὰ
2161 913 2220 951 τὸν

1178 967 1377 1020 ὑπάρξαντα
1396 969 1543 1005 πλοῦτον
1565 969 1660 1005 αὐτῶ
1680 967 1920 1020 Ὀνηγησίῳ’
1905 984 1939 1006 εν
1957 972 1999 1021 τῇ
2020 985 2088 1007 των
2112 971 2221 1023 λαφύ-

1179 1042 1245 1078 ρων
1266 1029 1494 1078 προκριθῆναι
1520 1027 1684 1078 διανομῇ·
1713 1041 1791 1069 τους
1807 1025 1874 1100 γαρ
1900 1026 2084 1071 ἇλόντας’
2065 1029 2134 1066 απὸ
2153 1031 2222 1066 τῶν

1178 1085 1331 1137 εὐπόρων
1360 1084 1448 1135 μετὰ
1475 1100 1532 1122 τον
1564 1084 1733 1130 Ἀττήλαν
1765 1085 1941 1137 ἐκκρίτους
1967 1090 2060 1139 εἰχον
2091 1089 2123 1126 οἱ
2153 1089 2222 1126 τῶν

1178 1147 1321 1183 Σκυθῶν
1338 1144 1482 1196 λογάδες
1498 1144 1555 1181 διὰ
1569 1143 1608 1181 τὸ
1625 1143 1682 1181 ἐπι
1695 1143 1868 1187 πλείστοις
1882 1144 2106 1184 διατίθεσθαι.
2131 1145 2221 1198 Αρι-

1178 1202 1372 1241 στεύσαντα
1411 1202 1446 1240 δὲ
1477 1204 1511 1240 ἓν
1539 1208 1614 1245 ταῖς
1646 1201 1787 1254 ὕστερον
1815 1203 1901 1255 πρὸς
1925 1202 2123 1252 Ῥωμαίους
2153 1204 2222 1254 μά·

1177 1276 1257 1312 χαις
1276 1261 1335 1299 καὶ
1355 1261 1394 1299 τὸ
1415 1263 1484 1299 τῶν
1505 1261 1693 1311 Ἀκατίρων
1715 1260 1826 1308 ἔθνος,
1856 1261 1956 1300 δόντα
1979 1265 2028 1314 τῷ
2057 1262 2224 1316 βαρὸάρῳ

1179 1319 1328 1371 δεσπότῃ
1357 1319 1449 1358 κατὰ
1473 1319 1531 1358 τὸν
1550 1319 1647 1371 παρὰ
1673 1319 1822 1363 Σκύθαις
1850 1320 1953 1371 νόμον
1981 1320 2025 1360 τὰ
2049 1323 2140 1359 κατὰ
2165 1321 2224 1360 τὸν

1179 1379 1330 1429 πόλεμον
1358 1381 1452 1417 αὐτῶ
1482 1377 1668 1424 κτηθέντα,
1689 1379 1882 1439 ἐλευθερίας
1913 1386 2045 1432 τυχεῖν.
2069 1382 2223 1419 Γυναῖκα

1181 1438 1216 1475 δε
1244 1437 1424 1488 γήμασθαι
1457 1437 1653 1488 βάρὸαρον,
1683 1430 1771 1474 εἷναί
1800 1453 1837 1475 τε
1867 1439 1961 1475 αὐτῶ
1995 1439 2139 1481 παῖδας·
2164 1437 2224 1476 καὶ

1180 1495 1384 1548 Ὀνηγησίῳ
1407 1495 1580 1547 τραπέζης
1605 1511 1854 1544 κοινωνουντα,
1877 1496 2040 1546 ἀμείνονα
2062 1500 2121 1534 τοῦ
2141 1511 2224 1548 προ·

1181 1555 1279 1606 τέρου
1311 1554 1368 1591 τὸν
1395 1554 1554 1605 παρόντα
1576 1555 1736 1605 ἡγεῖσθαι
1769 1554 1904 1606 [βίον].
1941 1555 2034 1599 Τοὺς
2064 1553 2127 1606 μὲν
2157 1555 2226 1607 γὰρ

1179 1613 1277 1666 παρὰ
1294 1610 1442 1656 Σκύθαις
1464 1612 1551 1662 μετὰ
1573 1612 1631 1650 τὸν
1648 1613 1799 1662 πόλεμον
1818 1615 1852 1651 ἐν
1873 1613 2131 1666 ἀπραγμοσύνῃ
2149 1615 2226 1651 δια·

1184 1673 1315 1718 τελεῖν,
1337 1671 1484 1709 ἑκάστου
1505 1673 1573 1708 τῶν
1591 1671 1772 1722 παρόντων
1791 1672 2028 1716 ἀπολαύοντας
2044 1672 2103 1710 καὶ
2119 1672 2227 1710 οὖδα-

1183 1733 1256 1781 μῶς
1275 1730 1296 1776 ἢ
1318 1729 1417 1780 ὀλίγα
1445 1728 1733 1780 ἐνοχλουμένους,
1761 1729 1840 1773 τοὺς
1868 1730 1985 1780 μέντοι
2012 1729 2110 1782 παρὰ
2134 1729 2227 1768 Ῥω-

1183 1788 1295 1839 μαίοις
1313 1789 1347 1825 ἐν
1366 1787 1427 1838 μὲν
1447 1786 1591 1840 πολέμῳ
1613 1787 1737 1839 ῥᾳδίως
1755 1788 2020 1835 ἀναλίσκεσθαι,
2035 1791 2080 1832 εἷς
2093 1788 2227 1840 ἑτέρους

1182 1847 1242 1891 τὰς
1274 1850 1335 1894 τῆς
1365 1845 1536 1899 σωτηρίας
1561 1846 1704 1889 ἐλπίδας
1733 1845 1891 1898 ἔχοντας,
1913 1849 1958 1890 ὡς
1978 1847 2116 1884 πάντων
2131 1847 2150 1866 '⁴‘
2171 1845 2227 1884 διὰ

1182 1905 1260 1949 τοὺς
1277 1905 1462 1957 τυράννους
1483 1904 1531 1955 μὴ
1559 1904 1749 1957 χρωμένων
1773 1904 1902 1949 ὅπλοις.
1932 1905 2004 1944 Καὶ
2034 1907 2103 1942 τῶν
2133 1919 2227 1956 χρω-

1185 1963 1298 2014 μένων
1325 1962 1361 2001 δὲ
1389 1963 1635 2015 σφαλερωτέρα
1655 1966 1677 2009 ἡ
1703 1965 1771 2000 τῶν
1800 1965 2004 2016 στρατηγῶν
2026 1962 2151 2010 κακία,
2177 1961 2227 2012 μὴ

77 2076 248 2116 (dextram
265 2076 348 2107 enim
363 2075 510 2116 delapsus
525 2076 680 2115 fregerat)
698 2076 950 2115 renuntiaturus,
970 2077 1040 2107 tum
1056 2075 1121 2116 pri-

76 2136 166 2160 mum
180 2137 199 2159 a
211 2128 314 2160 reditu
330 2128 361 2159 in
378 2128 483 2160 Attilae
499 2129 707 2168 conspectum
722 2129 866 2160 venerat.
888 2131 963 2161 Post
980 2138 1121 2168 coenam,

77 2180 201 2212 aedibus
215 2180 361 2219 Onegesii
377 2180 513 2219 relictis,
528 2181 657 2221 propius
679 2181 785 2212 Attilae
799 2180 884 2212 aedes
905 2181 1045 2212 tentoria
1065 2190 1122 2221 po-

79 2233 216 2271 suimus,
235 2234 272 2264 ut
298 2234 508 2273 Maximinus,
532 2242 628 2274 quem
648 2234 780 2265 Attilam
803 2234 973 2266 convenire
989 2235 1022 2266 et
1047 2242 1122 2265 cum

81 2285 141 2324 his,
159 2285 213 2324 qui
228 2285 255 2316 ei
269 2292 287 2315 a
303 2285 440 2316 consiliis
453 2286 556 2325 erant,
573 2285 732 2325 colloquia
749 2286 854 2317 facere
868 2286 1048 2326 oportebat,
1067 2286 1125 2317 mi-

79 2336 167 2367 nime
180 2336 274 2375 longo
287 2336 328 2367 ab
341 2336 437 2367 Attila
450 2336 581 2368 distaret
594 2337 771 2368 intervallo.
787 2338 856 2369 lllic
868 2337 974 2377 igitur,
988 2347 1052 2378 quo
1063 2338 1124 2378 pri-

79 2396 171 2419 mum
185 2387 390 2425 devertimus,
406 2390 533 2419 noctem
547 2389 765 2428 transegimus.
783 2391 868 2421 Luce
884 2392 955 2420 orta
970 2389 1057 2421 misit
1071 2399 1123 2422 me

81 2441 276 2472 Maximinus
294 2440 334 2471 ad
347 2440 550 2480 Onegesium,
570 2442 606 2472 ut
620 2441 665 2472 illi
681 2443 751 2473 tum
765 2451 838 2482 quae
852 2443 917 2482 ipse
930 2442 1041 2481 dabat,
1055 2444 1125 2474 tum

81 2492 122 2523 ab
138 2492 331 2532 imperatore
357 2494 451 2524 missa
468 2502 602 2525 munera
619 2494 792 2533 traderem,
814 2496 846 2526 et
871 2498 907 2527 ut
924 2495 989 2535 ipse
1006 2505 1125 2536 cogno-

82 2545 198 2584 sceret,
215 2552 256 2574 an
270 2544 314 2575 illi
330 2553 438 2575 secum
464 2546 495 2576 et
513 2554 577 2585 quo
600 2547 744 2585 tempore
760 2547 954 2586 colloquium
975 2547 1053 2578 inire
1075 2548 1126 2578 lu-

83 2595 182 2627 beret.
227 2596 355 2628 Perrexi
371 2597 466 2636 igitur
476 2597 515 2628 ad
538 2598 729 2637 Oncgesium
743 2607 815 2629 cum
827 2599 964 2638 famulis,
976 2600 1031 2639 qui
1045 2599 1128 2631 dona

87 2647 258 2687 portabant
275 2657 283 2678 ε
302 2657 401 2688 quum
416 2649 524 2688 januae
546 2650 660 2682 clausae
685 2652 807 2690 essent,
825 2653 1005 2691 exspectavi
1026 2652 1128 2684 donec

83 2699 295 2738 aperirentur,
310 2700 341 2731 et
352 2699 467 2740 aliquis
479 2701 592 2740 exiret,
606 2701 662 2742 qui
676 2710 750 2733 eum
764 2703 827 2734 mei
842 2703 999 2735 adventus
1015 2704 1127 2736 certio-

83 2758 152 2781 rem
167 2750 295 2782 faceret.

127 2802 240 2841 ltaque
264 2802 391 2841 tempus
411 2802 487 2833 mihi
506 2803 622 2835 terenti
644 2805 677 2835 et
690 2804 774 2835 circa
791 2813 957 2837 murorum
971 2805 1128 2838 ambitum

85 2852 201 2883 domus
225 2853 367 2892 Onegesii
384 2853 582 2893 ambulanti,
602 2864 786 2895 progressus
803 2857 909 2888 nescio
925 2858 1014 2897 quis,
1032 2867 1128 2898 quem

87 2904 257 2935 barbarum
274 2912 315 2935 ex
331 2904 480 2944 Scythico
497 2906 612 2936 vestitu
630 2915 696 2938 esse
723 2907 825 2946 rebar,
844 2911 957 2940 Graeca
980 2919 1058 2941 voce
1077 2919 1129 2941 me

88 2955 241 2987 salutavit
257 2955 364 2986 dicens
379 2967 394 2982 «
413 2958 521 2996 Χαῖρε.
542 2969 557 2983 n
574 2957 679 2988 Mirari
693 2967 767 2997 ego,
786 2961 841 2999 qui
859 2961 948 2992 tieret
970 2962 1004 2992 ut
1018 2963 1129 2993 Grmce

86 3008 275 3048 loqueretur
285 3007 334 3037 vir
348 3007 463 3047 Scytha
480 3017 487 3037 :
503 3009 671 3039 etenimex
685 3011 779 3042 variis
792 3012 937 3050 gentibus
950 3013 1129 3053 commixti,

86 3059 204 3099 praeter
214 3066 307 3090 suam
327 3058 467 3098 linguam
483 3059 592 3090 colunt
610 3059 676 3091 sive
696 3063 881 3093 Hunnorum
895 3085 903 3100 ,
919 3064 986 3095 sive
1005 3065 1129 3096 Gotho-

86 3119 171 3150 rum,
182 3109 239 3141 aut
253 3109 350 3140 etiam
361 3111 553 3150 Romanam,
567 3111 600 3142 hi
615 3111 748 3151 scilicet,
763 3114 878 3152 quibus
892 3123 966 3145 cum
980 3116 1131 3148 Romanis

87 3162 287 3203 frequentius
301 3162 348 3193 est
370 3160 612 3194 commercium.
657 3166 765 3204 Neque
777 3166 947 3204 quisquam
961 3176 1074 3198 eorum
1089 3169 1132 3199 ta-

87 3214 148 3246 cue
175 3213 319 3254 loquitur-
336 3214 461 3252 Graece,
479 3213 538 3245 nisi
561 3214 585 3246 si
603 3215 659 3255 qui
675 3215 738 3247 sint
754 3217 871 3256 captivi
891 3226 908 3248 e
927 3218 1060 3250 Thracia
1075 3222 1131 3251 aut

88 3265 216 3307 tttyrioo
228 3266 401 3298 maritimo.
415 3265 475 3297 Sed
490 3265 534 3297 illi
546 3266 586 3297 ab
598 3267 693 3298 obvio
706 3277 835 3307 quoque
845 3269 985 3309 dignosci
999 3272 1132 3310 possunt

88 3326 130 3351 ex
145 3317 287 3351 vestibus
309 3317 422 3351 laceris
442 3319 474 3350 et
489 3318 600 3357 capitis
613 3320 776 3360 squalore,
792 3321 946 3361 tanquam
960 3323 1015 3362 qui
1030 3323 1062 3354 in
1076 3324 1131 3354 mi-

89 3378 191 3402 seram
208 3369 376 3403 inciderint
390 3370 565 3403 fortunam.
586 3370 645 3402 Hic
664 3379 740 3403 vero
759 3372 902 3412 opulenti
918 3374 1045 3414 Scythae
1058 3383 1130 3415 spe-

1185 2075 1266 2106 ciem
1282 2083 1349 2115 prae
1364 2083 1398 2106 se
1412 2074 1532 2107 ferebat
1552 2086 1560 2106 ε
1574 2075 1643 2106 erat
1661 2074 1747 2106 enim
1763 2074 1845 2107 bene
1859 2075 1891 2107 et
1901 2075 2064 2115 eleganter
2077 2074 2228 2112 vestitus,

1187 2129 1291 2168 capite
1303 2128 1335 2159 in
1349 2127 1523 2159 rotundum
1539 2135 1622 2159 msc.
1638 2129 1730 2159 Hunc
1743 2127 1921 2159 resalutans
1939 2126 2143 2167 interrogavi,
2157 2125 2229 2167 quis

1187 2181 1279 2219 esset,
1297 2181 1330 2211 et
1347 2179 1430 2211 unde
1443 2180 1475 2211 in
1488 2181 1606 2211 terram
1628 2178 1796 2210 barbaram
1813 2179 1963 2216 veniens,
1977 2178 2054 2210 vitae
2066 2177 2227 2218 scythicae

1186 2232 1368 2263 institutum
1385 2231 1474 2272 sequi
1496 2230 1673 2270 delegisset.
1696 2230 1754 2262 tlte
1771 2239 1868 2271 quam
1889 2230 1932 2262 ol)
1953 2237 2084 2262 causam
2111 2229 2172 2260 hoc
2186 2224 2229 2260 ex

1187 2285 1255 2325 ipso
1270 2293 1446 2325 quaererem
1457 2308 1465 2323 ,
1483 2284 1616 2323 rogavit.
1632 2296 1648 2311 u
1663 2283 1739 2315 Mihi
1755 2292 1844 2323 vero,
1858 2282 2002 2324 inquam,
2019 2282 2089 2314 haec
2104 2290 2124 2313 a
2141 2282 2175 2313 te
2189 2282 2226 2312 ut

1187 2336 1377 2375 sciscitarer,
1398 2344 1493 2367 causa
1508 2336 1584 2375 suit,
1608 2335 1693 2376 quod
1709 2337 1821 2367 Graece
1838 2335 1966 2367 locutus
1978 2343 2022 2366 es.
2045 2346 2061 2362 »
2074 2335 2158 2366 Tum
2181 2332 2228 2364 ri-

1187 2388 1266 2420 dens
1279 2389 1333 2427 ait,
1346 2397 1380 2420 se
1390 2391 1538 2420 Graecum
1552 2397 1618 2419 esse
1632 2396 1757 2427 genere,
1771 2386 1810 2418 ad
1824 2387 2036 2418 mercaturam
2050 2384 2228 2418 taciendam

1187 2440 1415 2479 Viminacium,
1436 2442 1597 2479 Mysorum
1611 2439 1650 2470 ad
1669 2440 1786 2470 Istrum
1803 2438 1928 2477 urbem,
1946 2437 2124 2477 accessisse,
2140 2436 2172 2468 in
2191 2445 2229 2468 ea

1188 2491 1385 2523 domicilium
1400 2491 1493 2531 longo
1505 2492 1649 2531 tempore
1664 2490 1828 2530 habuisse,
1846 2499 1980 2522 uxorem
1997 2497 2126 2530 quoque
2149 2488 2228 2520 divi·

1188 2546 1254 2576 tem
1267 2544 1413 2584 duxisse3
1428 2545 1519 2584 parta
1533 2543 1597 2574 illic
1611 2543 1762 2574 felicitate
1776 2543 1868 2583 capta
1882 2541 1960 2574 urbe
1970 2542 2104 2574 exutum
2122 2540 2229 2580 tuisse,

1189 2597 1220 2628 et
1231 2597 1397 2636 propterea
1409 2595 1495 2635 quod
1509 2595 1598 2626 dives
1611 2596 1690 2632 erat,
1705 2603 1739 2626 se
1757 2603 1878 2634 suaque
1890 2594 1998 2625 omnia
2006 2593 2040 2624 in
2053 2591 2171 2633 praedae
2183 2591 2230 2623 di·

1188 2648 1309 2681 visione
1322 2648 1474 2687 Onegesio
1485 2647 1624 2679 cessisse.
1643 2646 1768 2678 Etenim
1782 2655 1848 2678 esse
1861 2646 1946 2687 apud
1962 2654 2016 2677 eos
2028 2645 2060 2676 in
2077 2652 2167 2675 more
2176 2652 2232 2684 po-

1189 2704 1306 2742 situm,
1329 2704 1366 2734 ut
1389 2701 1543 2743 praecipui
1565 2701 1605 2732 ab
1625 2701 1721 2733 Attila
1750 2700 1888 2740 Scythiae
1913 2699 2070 2740 principes
2087 2698 2230 2738 captivos

1189 2755 1319 2787 ditiores
1333 2755 1392 2786 sibi
1410 2754 1575 2794 seponant,
1596 2752 1749 2792 quoniam
1772 2752 1946 2791 plurimum
1963 2749 2152 2782 auctoritate
2171 2757 2229 2780 va-

1190 2809 1272 2840 lent.
1293 2809 1404 2840 Postea
1418 2807 1473 2838 ubi
1490 2805 1640 2837 adversus
1657 2807 1816 2836 Romanos
1832 2805 1864 2835 et
1881 2803 2082 2834 Acatirorum
2101 2803 2229 2841 gentem

1193 2860 1360 2891 fortissime
1381 2859 1579 2896 dimicasset,
1597 2856 1777 2888 libertatem
1797 2864 1829 2886 se
1855 2863 1895 2886 ex
1918 2862 2006 2885 more
2020 2853 2229 2892 Scytharum,

1189 2911 1356 2949 omnibus,
1374 2918 1448 2950 quae
1462 2909 1543 2940 bello
1556 2907 1746 2947 acquisierat
1756 2931 1764 2945 ,
1779 2905 1916 2937 barbaro
1933 2904 2064 2935 domino
2083 2903 2228 2942 traditis,

1191 2970 1403 3003 recuperasse.
1449 2963 1591 2992 Uxorem
1609 2967 1736 2999 quoque
1749 2957 1918 2988 barbaram
1931 2955 2060 2986 duxisse
2070 2978 2078 2992 ‚
2092 2955 2175 2986 etex
2191 2962 2230 2985 ea

1190 3015 1306 3046 liberos
1326 3014 1501 3052 sustulisse,
1517 3014 1549 3044 et
1571 3010 1714 3051 Onegesii
1727 3018 1845 3041 mensae
1861 3007 2058 3049 participem,
2073 3007 2134 3038 hoc
2153 3006 2230 3038 vitae

1191 3075 1289 3106 genus
1302 3066 1372 3096 lonn
1357 3074 1393 3105 e
1407 3065 1512 3105 potius
1528 3064 1630 3104 priore
1646 3062 1772 3093 ducere.
1790 3073 1806 3088 «
1822 3060 1883 3097 Qui
1897 3059 1980 3097 enim
1995 3058 2079 3098 apud
2098 3058 2229 3098 Scythas

1191 3117 1322 3158 degunt,
1337 3116 1451 3157 inquit,
1465 3116 1601 3147 tolerato
1618 3114 1773 3145 bellorum
1791 3111 1910 3148 labore,
1924 3110 1992 3142 sine
2006 3110 2069 3140 utta
2079 3109 2230 3140 sollicitu-

1193 3170 1266 3202 dine
1278 3170 1378 3201 vitam
1393 3170 1556 3209 peragunt.
1569 3169 1651 3201 Tum
1664 3165 1883 3205 unusquisque
1895 3163 1996 3202 bonis,
2008 3170 2082 3202 quae
2094 3162 2152 3193 sibi
2170 3163 2231 3194 for·

1182 3222 1273 3253 ‘tuna
1291 3221 1433 3259 indulsit,
1460 3220 1588 3257 fruitur,
1609 3226 1713 3258 neque
1731 3217 1897 3257 quisquam
1916 3214 1959 3246 illi
1978 3214 2044 3245 ulla
2061 3213 2094 3244 iu
2111 3222 2145 3244 re
2159 3222 2230 3244 mo-

1193 3273 1291 3304 lestus
1309 3273 1367 3304 est.
1383 3271 1445 3309 Qui
1463 3279 1539 3302 vero
1555 3269 1614 3302 sub
1631 3268 1783 3301 Romanis
1804 3267 1932 3298 aetatem
1957 3265 2071 3305 agunt,
2092 3264 2181 3295 facile
2199 3265 2231 3296 in

1193 3325 1276 3356 bello
1291 3324 1435 3364 pereunt.
1455 3324 1522 3354 Hos
1538 3322 1621 3354 enim
1642 3321 1674 3352 in
1689 3319 1758 3351 aliis
1770 3319 1819 3350 sui
1833 3316 2042 3349 conservandi
2058 3325 2146 3356 spem
2162 3317 2230 3347 col-

1193 3376 1300 3408 locare
1317 3383 1444 3408 necesse
1456 3375 1515 3415 est,
1531 3371 1791 3414 quandoquidem
1812 3378 1868 3410 per
1885 3372 2034 3409 tyrannos
2047 3367 2175 3399 minime
2192 3367 2230 3400 li—

2295 112 2326 183 og-ffil-
2296 0 2326 92 a

2308 346 2326 738 ...h.;n'·nduffi;d-ua*iflo.2m·-.ak
2306 331 2326 339 γ’
2317 298 2326 319 ,ιε
2315 254 2326 291 Ab*
2322 235 2323 238 „
