2326 3724
975 209 1302 251 FRAGMENTA.
2130 214 2200 247 153

69 304 111 355 τῇ
131 303 198 341 τῶν
221 299 361 339 ὑπάτων
381 297 581 352 ἐπιστατεία
606 301 628 345 ἡ
652 296 838 348 Ῥωμαίων
867 296 957 350 ἀρχὴ
985 298 1102 342 πάσας

67 359 300 412 ὓπερεὸάλετο
322 357 383 401 τὰς
403 356 624 407 δυναστείας,
644 355 882 394 κατεδούλωσε
910 355 946 394 δὲ
973 372 1033 395 και
1058 356 1102 395 τὰ

65 433 134 456 των
159 416 336 464 Ἑλλήνων
367 416 469 466 ἔθνη,
499 415 637 458 εἰκότως
665 417 753 468 αὐτῇ
780 430 840 452 και
865 417 895 452 οἵ
924 415 1101 460 Βυζάντιοι

64 475 258 527 πειθόμενοι
275 474 458 512 διετέλουν.
485 475 542 524 (36)
561 473 708 519 Ἐπειδὴ
727 473 761 511 δὲ
791 472 880 523 μετά
904 489 997 517 τινας
1017 473 1101 526 χρό-

67 549 154 582 νους,
174 532 333 586 Σεὸήρου
361 531 626 584 βασιλεύσαντος
650 534 711 577 τῆς
730 530 892 581 Ῥώμης,
918 531 1015 570 αὐτοὶ
1039 531 1100 578 τὴν

63 595 124 631 τοῦ
153 591 426 644 τυραννήσαντος
444 592 512 628 τῶν
542 589 636 642 ἑῴων
667 589 797 642 Νίγρου
826 589 1102 641 προτιμήσαντες

65 650 188 689 ἐλπίδα
200 680 211 700 ,
229 651 277 693 εἷς
291 650 410 701 χεῖρας
428 650 537 687 ἐλθεῖν
554 648 750 698 ἐτόλμησαν
767 647 852 701 πρὸς
861 649 919 686 τὸν
933 649 1101 700 αὐτοκρά-

63 724 168 762 τορα,
189 708 429 762 ἀφαιρεθέντες
442 707 528 760 παρ’
544 708 647 746 αὑτοῦ
664 710 731 745 τῶν
748 708 933 746 πολιτικῶν
947 708 1099 754 δικαίων,

63 767 124 806 καὶ
138 770 199 814 τῆς
215 766 384 819 στεφάνης
398 767 510 810 αὐτοῖς
524 765 773 813 καταλυθείσης
785 769 844 804 τοῦ
860 765 994 817 τείχους
1005 796 1014 813 ,
1032 767 1099 804 Πε-

65 825 202 878 ρινθίοις
236 823 526 878 προσετάχθησαν
560 823 743 877 δουλεύειν,
777 830 846 868 τοῖς
880 826 1101 874 καλουμένοις

64 883 337 936 Ἡρακλεώταις.
360 884 419 934 (37)
444 882 677 933 Παυσαμένου
695 882 731 921 δὲ
747 886 808 930 τῆς
827 885 930 934 ὀργῆς
950 887 1007 921 τοῦ
1029 885 1100 922 Σε-

65 941 192 994 δήρου,
211 936 304 986 αὖθις
339 944 385 984 εἷς
405 941 544 992 μείζονα
568 940 697 991 κόσμον
725 943 932 992 ἐπανῆλθον,
959 941 1100 994 λουτρὸν

64 999 128 1050 μὲν
148 1002 263 1044 αὐτοῖς
283 1001 443 1051 μέγιστον
470 999 560 1038 κατὰ
579 999 636 1037 τὸν
655 1003 714 1038 τοῦ
731 1000 811 1043 Διὸς
834 1001 955 1039 ἱππίου
983 1001 1100 1052 βωμὸν

63 1057 141 1105 ἢτὸ
166 1057 376 1111 Ἡρακλέους
395 1058 496 1102 ἄλσος
516 1057 728 1108 καλούμενον
757 1058 861 1109 (ἔνθα
882 1058 944 1103 τὰς
963 1058 1099 1109 Διομή-

65 1118 143 1161 δους
176 1117 277 1156 αὐτόν
309 1132 394 1170 φασι
421 1117 626 1166 δαμάσαντα
658 1115 795 1164 ἵππους,
815 1117 1007 1162 Ζεύξιππον
1042 1118 1101 1155 τὸν

63 1175 167 1214 τόπον
185 1175 378 1225 ὀνομάσαι)
397 1176 594 1219 πολυτελῶς
610 1175 820 1228 ἐγείραντος,
838 1175 896 1214 καὶ
913 1176 970 1214 τὸν
990 1175 1101 1229 τούτῳ

63 1234 300 1281 πλησιάζοντα
327 1236 442 1286 χῶρον
475 1236 537 1280 τῆς
567 1234 816 1286 ἱπποδρομίας,
843 1239 913 1278 τοῖς
940 1238 999 1272 τοῦ
1022 1235 1102 1279 Διὸς

65 1293 290 1343 ἀνακείμενον
309 1292 460 1343 κούροις,
480 1291 600 1344 ἰκρίοις
626 1308 662 1330 τε
682 1292 741 1330 καὶ
762 1298 877 1336 στοαῖς
903 1293 1101 1343 διακοσμή-

64 1366 186 1395 σαντος
206 1350 309 1404 (ἔνθα
329 1350 389 1389 καὶ
412 1354 472 1388 ν’ῦν
500 1352 531 1388 οἱ
557 1354 762 1404 καμπτῆρες
791 1352 933 1398 δηλοῦσι
963 1351 1006 1389 τὰ
1033 1354 1100 1389 τῶν

64 1409 195 1462 ἐφόρων
226 1408 451 1461 γνωρίσματα
483 1407 539 1446 διὰ
569 1412 637 1447 τῶν
670 1409 895 1459 ἐπικειμένων
926 1410 1004 1463 ᾠῶν
1032 1416 1102 1455 τοῖς

63 1468 208 1520 χαλκοῖς
235 1466 469 1517 ὀὸελίσκοις),
489 1465 546 1504 ἐπὶ
572 1466 608 1504 δὲ
633 1466 763 1511 τούτοις
782 1467 842 1505 καὶ
870 1468 1102 1519 στρατιωτικὰ

63 1525 146 1571 τέλη
166 1524 446 1577 προσνείμαντος.
469 1524 528 1574 (38)
552 1523 669 1576 Μέχρι
692 1523 754 1575 μὲν
773 1520 810 1564 οὗ
836 1528 958 1578 περιῆν
985 1525 1102 1573 Σεὸἧ-

66 1598 120 1636 ρος
137 1582 197 1621 καὶ
223 1585 241 1622 ὁ
260 1582 380 1621 τούτου
398 1587 481 1625 παῖς
500 1582 715 1630 Ἀντωνῖνος,
743 1585 765 1629 ἡ
791 1583 890 1627 πόλις
906 1583 1102 1622 Ἀντωνινία

64 1641 362 1694 προσηγορεύετο,
390 1639 508 1688 ἐπειδὴ
540 1642 576 1679 δὲ
604 1646 674 1684 τοῖς
704 1641 803 1685 θείοις
830 1644 898 1679 τῶν
931 1641 1102 1694 βασιλέων

66 1699 236 1747 ἀπεδόθη,
258 1694 352 1743 αὖθις
378 1699 417 1738 τὸ
446 1699 632 1744 Βυζάντιον
661 1699 874 1751 ὠνομάζετο.
907 1701 967 1751 (39)
999 1703 1102 1739 Κων-

66 1758 246 1797 σταντίνου
269 1757 304 1796 δὲ
327 1757 367 1796 τὸ
395 1756 599 1807 εΡωμαῖκὸν
629 1761 731 1809 κῦρος
761 1758 1015 1812 παρειληφότος
1044 1759 1103 1797 καὶ

66 1815 154 1864 αὐτὴ
178 1815 544 1860 Κωνσταντινούπολις
574 1817 702 1864 ἐκλήθη
716 1848 726 1867 ,
747 1816 932 1869 προθύμως
952 1819 1103 1870 ἀνασχο-

66 1875 152 1926 μένη
172 1874 234 1921 τὴν
262 1874 496 1926 προσηγορίαν
524 1875 733 1920 ἄνταλλάξαι
760 1879 804 1928 τῇ
838 1876 1103 1928 ὖπερὸαλλούσῃ

63 1936 124 1971 τοῦ
153 1931 401 1984 αὐτοκράτορος
429 1932 632 1984 φιλοτιμίᾳ,
668 1934 874 1983 θαυμαστὴν
907 1933 968 1984 μὲν
999 1935 1104 1982 αὐτὴν

65 1989 355 2044 ἀπεργασαμένου
374 1991 423 2042 τῷ
440 1990 582 2039 κάλλει,
598 1991 716 2044 πόρρω
733 1991 767 2030 δὲ
792 1993 1046 2044 μεταγαγόντος
1062 1993 1105 2031 τὰ

1158 284 1269 334 omnes
1299 300 1469 342 potestates
1496 301 1677 342 superavit,
1714 299 1842 332 redacta
1869 300 1934 341 iam
1962 301 1994 332 in
2020 301 2205 333 servitutem

1162 380 1298 419 Graeeia,
1310 378 1424 410 merito
1437 387 1470 410 se
1477 378 1659 418 quoqueilli
1668 377 1884 409 submiserunt
1892 378 2047 418 Byzantii.
2060 378 2125 418 (36)
2139 377 2205 410 Ali·

1164 457 1284 498 quanto
1294 456 1401 487 tamen
1416 455 1499 496 post,
1512 455 1687 496 imperante
1702 457 1820 487 Severo
1830 478 1839 494 ‚
1852 463 1953 495 quum
1966 454 2024 495 ipsi
2037 454 2137 495 Nigri,
2148 455 2204 495 qui

1161 534 1299 566 Orientis
1315 533 1485 574 imperium
1501 532 1660 564 invaserat
1670 556 1678 572 ,
1690 532 1797 572 partes
1810 530 1950 571 potiores
1962 530 2035 570 rati,
2046 539 2206 571 opponere

1159 621 1192 643 se
1205 588 1387 652 imperatori
1403 610 1471 643 ausi
1485 611 1612 649 essent,
1635 609 1750 650 ereptis
1764 607 1954 649 privilegiis,
1971 607 2134 648 murisque
2149 607 2206 639 de-

1157 689 1262 730 jectis,
1277 689 1447 721 Perintliiis
1459 689 1526 721 sive
1538 686 1732 720 Heracleotis
1741 686 1861 719 servire
1868 685 1949 726 jussi
1964 686 2051 717 sunt.
2068 685 2134 725 (37)
2146 685 2206 717 Sed

1160 766 1274 805 pacato
1291 773 1368 796 mox
1381 766 1499 797 Severo
1514 764 1546 796 in
1562 763 1727 796 meliorem
1743 772 1871 795 rursum
1886 763 2021 795 sormam
2043 762 2179 794 restituti
2198 774 2205 794 :

1162 842 1281 883 quippe
1298 842 1450 874 balneum
1469 841 1544 882 ipsis
1560 841 1739 873 maximum
1763 841 1803 873 ad
1820 841 1910 874 Jovis
1927 841 2090 881 Equestris
2104 849 2205 880 aram,

1160 922 1227 954 sive
1263 921 1374 953 lucum
1403 921 1548 954 Herculis
1576 921 1587 962 (
1603 920 1658 962 qui
1686 920 1816 953 domitis
1845 920 1889 952 ibi
1922 919 2086 952 Diomedis
2115 919 2208 959 equis

1162 999 1324 1040 Zeuxippo
1336 1007 1454 1031 nomen
1466 998 1536 1030 loco
1546 998 1670 1031 dedisse
1679 997 1837 1039 creditur)
1849 997 2012 1039 splendide
2022 996 2182 1029 exstruxit
2197 1006 2205 1027 :

1160 1077 1236 1109 item
1250 1078 1393 1109 vicinum
1404 1077 1669 1118 Hippodamum,
1684 1076 1844 1109 Dioscuris
1855 1085 1994 1116 sacrum,
2005 1075 2157 1107 tabulatis
2169 1084 2208 1107 ac

1161 1155 1335 1196 porticibus
1351 1155 1523 1188 exornavit
1538 1155 1549 1196 (
1563 1155 1618 1187 ubi
1635 1156 1812 1188 etiamnum
1830 1156 1928 1187 metae
1941 1157 2082 1186 Deorum
2097 1153 2207 1194 proesi-

1161 1232 1238 1264 dum
1251 1233 1403 1265 exhibent
1419 1232 1552 1273 indicia,
1575 1241 1637 1264 ova
1653 1231 1806 1263 nimirum
1819 1231 1915 1263 aeneis
1937 1230 2083 1265 obeliscis
2102 1231 2207 1271 impo-

1160 1308 1263 1349 sita),
1278 1310 1309 1340 et
1326 1309 1496 1349 assignavit
1521 1309 1616 1340 etiam
1634 1307 1754 1340 reditus
1766 1316 1783 1339 e
1799 1307 1929 1339 militari
1945 1307 2070 1339 aerario.
2089 1306 2154 1346 (38)
2169 1307 2210 1338 Et

1160 1383 1289 1424 quidem
1305 1392 1473 1424 quousque
1486 1386 1619 1416 Severus
1632 1384 1791 1424 superstes
1808 1383 1878 1423 suit,
1892 1383 2023 1423 eJ'usque
2037 1382 2121 1414 tilius
2144 1384 2204 1413 An-

1160 1459 1292 1491 toninus
1317 1459 1518 1498 Caracalla,
1545 1459 1621 1490 urbs
1646 1458 1817 1490 Antoninia
1833 1458 1992 1498 appellata
2008 1458 2068 1489 suit
2097 1458 2209 1498 :post-

1161 1544 1256 1576 quam
1273 1543 1349 1566 vero
1363 1534 1445 1566 divis
1455 1533 1699 1575 imperatoribus
1715 1532 1917 1565 annumerati
1934 1534 2077 1572 ruerant,
2093 1533 2209 1564 iterum

1164 1610 1308 1651 Byzantii
1325 1619 1442 1642 nomen
1455 1610 1589 1650 accepit.
1618 1610 1684 1650 (39)
1711 1609 1774 1641 Ubi
1787 1618 1863 1641 vero
1880 1609 1913 1640 in
1929 1608 2098 1649 imperium
2122 1610 2207 1640 Con-

1162 1689 1324 1723 stantinus
1333 1690 1497 1744 suecessit,
1510 1689 1802 1730 Constantinopolis
1817 1688 1968 1729 appellari
1981 1688 2089 1728 coepit,
2107 1695 2211 1728 neque

1163 1768 1263 1799 invita
1290 1775 1366 1799 sane
1390 1775 1508 1799 nomen
1536 1767 1693 1807 mutavit,
1719 1767 1833 1808 insigni
1861 1767 2061 1807 imperatoris
2086 1766 2208 1798 munili-

1163 1847 1285 1889 eentia3
1306 1848 1424 1890 quippe
1438 1847 1665 1888 elegantiorem
1688 1847 1741 1879 ille
1757 1846 1894 1879 reddidit
1915 1847 1947 1879 et
1973 1847 2212 1887 pulchritudine

1164 1924 1384 1958 admirandam
1394 1949 1403 1964 ,
1420 1924 1459 1956 ad
1476 1924 1671 1957 Troadenses
1682 1930 1783 1965 usque
1797 1923 1939 1965 porticus
1950 1923 2080 1965 prolatis
2090 1932 2211 1965 pomoe·

1167 2000 1241 2040 riiS,
1258 2006 1333 2041 qua!
1355 2002 1449 2032 antea
1475 2000 1544 2031 soro
1561 1999 1619 2040 ipsi
1632 1999 1811 2039 cognomini
1827 1999 2083 2031 terminabantur
2102 2011 2109 2031 ε
2128 2007 2213 2039 prae·

65 2101 141 2134 (lino
155 2109 213 2141 pro
236 2100 322 2139 vulg.
345 2100 555 2142 ἐπιστρατείᾳ.
578 2120 620 2129 -
635 2103 706 2133 καὶ
728 2103 775 2134 τὰ
797 2107 871 2134 τῶν
893 2104 1085 2140 Ἑλλήνων
1105 2103 1212 2144 ἔθνη]
1229 2105 1282 2135 καὶ
1299 2104 1446 2141 Ἕλληνες
1467 2103 1579 2134 Codin.
1600 2121 1639 2129 --
1658 2105 1695 2134 ot
1713 2105 1800 2139 Βυζ.
1816 2102 1828 2143 ]
1852 2105 1880 2134 οἱ
1900 2112 1963 2134 om.
1980 2103 2058 2135 Cod.
2072 2123 2111 2129 -
2124 2102 2143 2143 ς
2158 2107 2207 2134 36.

65 2148 203 2186 ἐπειδὴ
220 2147 354 2188 δὲ]ἐπεὶ
369 2148 400 2178 δὲ
415 2147 494 2179 Cod.
507 2165 548 2170 -—
563 2149 744 2189 βασιλεύ
755 2161 831 2182 σαν
842 2161 886 2181 το
897 2162 910 2187 ς
924 2155 991 2188 τῆς
1006 2149 1139 2191 Ῥ.]τῆς
1150 2149 1195 2181 Ῥ.
1210 2149 1427 2190 βασιλεύοντος
1442 2149 1523 2181 Cod.
1538 2168 1579 2176 -
1593 2149 1679 2190 παρ’
1694 2150 1812 2180 αὐτοῦ
1824 2148 1835 2190 ]
1848 2158 1912 2180 om.
1930 2149 2010 2181 Cod.
2025 2169 2065 2174 —
2078 2149 2211 2184 αὐτοῖς
2237 2167 2240 2170 -

65 2194 226 2235 καταλ.]
251 2194 344 2232 αὐτῆς
367 2197 422 2225 τοῦ
438 2194 558 2236 τείχους
588 2207 619 2227 κ.
645 2196 726 2228 Cod.
751 2215 792 2224 -
812 2196 1092 2239 προσετάχθησαν]
1109 2197 1282 2238 ἐτάχθησαν
1309 2197 1421 2230 Codin.
1443 2214 1483 2220 ——
1508 2196 1794 2238 παυσαμένου]
1817 2197 2018 2237 παυσαμένης
2037 2196 2152 2229 Codin.
2172 2213 2212 2219 —

66 2242 87 2284 §
101 2245 149 2275 37.
166 2241 213 2274 αὖ
224 2242 239 2272 θ
250 2252 258 2272 ι
269 2253 282 2277 ς
297 2241 331 2272 εἰ
343 2252 356 2276 ς
373 2251 419 2281 με
430 2240 439 2272 ί
450 2243 475 2277 ζ.
493 2243 559 2272 κτλ.
572 2241 585 2282 ]
597 2242 739 2274 Codinus
756 2251 765 2272 t
781 2242 867 2279 αὖθις
884 2247 992 2275 τοῦτον
1006 2244 1100 2285 ἔσχον
1119 2245 1162 2280 εἰς
1180 2245 1310 2284 βασιλέα
1321 2268 1330 2282 ,
1347 2244 1380 2279 ὃς
1396 2245 1448 2275 καὶ
1463 2245 1505 2279 εἰς
1523 2243 1648 2284 μείζονα
1664 2245 1716 2275 καὶ
1733 2247 1882 2284 περιφανῆ
1899 2243 2020 2284 κόσμον
2035 2244 2212 2284 ἐπανήγαγε

66 2291 101 2322 τὸ
118 2289 287 2326 Βυζάντιον.
299 2307 340 2314 -
352 2287 486 2324 αὐτοῖς
503 2287 709 2330 μέγιστον]
727 2290 830 2326 αὐτοῖς
840 2299 904 2321 om.
924 2290 1002 2322 cod.
1018 2307 1060 2314 —-
1072 2289 1112 2330 ἢ]
1132 2291 1199 2328 ἤτοι
1214 2291 1293 2322 Cod.
1306 2308 1347 2313 -
1361 2291 1448 2322 ἔνθα
1464 2291 1532 2322 κτλ.
1547 2290 1558 2331 ]
1573 2291 1713 2323 eodinus
1736 2303 1743 2322 ε
1762 2290 1901 2331 Λουτρὸν
1927 2290 2021 2329 μὲν...
2036 2290 2214 2331 ἀνήγειρεν,

66 2337 138 2369 ἔνθα
151 2337 188 2374 δή
213 2336 266 2367 καὶ
280 2334 334 2370 τὰς
350 2334 522 2374 Διομήδους
538 2334 730 2376 δαμάσαντες
747 2337 861 2372 ἵππους
877 2337 1048 2373 Ζεύξιππον
1067 2337 1121 2367 τὸν
1135 2336 1232 2368 τόπον
1246 2336 1432 2377 ὠνόμασαν·
1448 2338 1500 2367 καὶ
1514 2337 1567 2369 τὸν
1581 2337 1677 2368 αὐτοῦ
1694 2335 1903 2373 πλησιάζοντα
1920 2339 2022 2377 χῶρον
2035 2339 2090 2367 τοῦ
2104 2336 2214 2367 Ἱππο-

66 2382 192 2424 δρομίου
205 2383 268 2416 τοῖς
281 2383 336 2411 τοῦ
350 2382 385 2411 Δ.
401 2380 431 2411 ἀ.
447 2391 479 2412 κ.
498 2381 519 2412 ἱ.
538 2392 567 2412 τ.
584 2392 614 2413 κ.
639 2393 688 2413 στ.
706 2382 922 2423 διεκόσμησεν.
943 2400 985 2405 -
1002 2382 1063 2413 ἐπὶ
1080 2382 1119 2413 δὲ
1143 2382 1343 2419 τούτοις...
1367 2382 1708 2424 προσνείμαντος]
1731 2391 1797 2413 om.
1816 2382 1970 2414 Codinus.
1985 2381 2057 2422 -ἓ
2073 2385 2125 2414 38.
2140 2382 2167 2413 Ἀ
2179 2394 2213 2413 ν-

66 2439 145 2460 των
157 2439 191 2459 ιν
203 2427 212 2458 ί
224 2425 265 2467 α]
287 2426 434 2458 Ἀντωνία
451 2427 610 2468 Hesycl1.;
633 2428 718 2468 quod
734 2429 810 2460 item
827 2429 922 2468 vulgo
945 2429 1058 2469 legitur
1074 2437 1126 2468 ap.
1145 2430 1292 2462 Eustath.
1311 2430 1351 2461 ad
1374 2430 1466 2461 Dion.
1491 2433 1552 2462 803
1580 2430 1630 2470 (p.
1650 2433 1709 2460 253
1725 2429 1775 2460 ed.
1793 2430 1954 2469 Bernh.),
1969 2430 2022 2460 ubi
2037 2429 2075 2460 ad
2095 2437 2210 2460 verum

47 2483 49 2485 ·
69 2475 214 2517 proxime
233 2474 357 2505 accedit
374 2474 444 2505 cod.
468 2476 507 2505 K.
521 2498 529 2513 ‚
554 2475 609 2514 qui
628 2475 844 2516 Ἀντωνυμίαν,
866 2478 902 2508 ln
925 2476 1031 2507 numis
1049 2476 1154 2508 Severi
1173 2477 1206 2509 et
1224 2476 1375 2508 Antonini
1397 2489 1403 2507 :
1425 2477 1629 2508 Antoneim'a
1646 2477 1838 2515 Byzantion
1858 2476 2010 2507 sebasta.
2036 2474 2179 2507 Codinus
2201 2488 2208 2507 :

70 2520 227 2562 καὶμέχρι
245 2521 299 2561 μὲν
316 2520 351 2551 οὗ
365 2524 470 2560 περιῆν
485 2522 501 2551 ὁ
521 2522 670 2562 Σεὸῆρος,
687 2522 749 2553 ἀπὸ
765 2522 879 2553 τούτου
894 2523 1003 2558 παιδὸς
1017 2521 1196 2554 Ἀντωνὶνου
1213 2523 1388 2555 Ἀντωνινία
1404 2525 1423 2560 ἡ
1437 2523 1523 2559 πόλις
1536 2523 1786 2563 κατωνομάζετο.
1808 2521 1927 2554 Deinde
1941 2521 2113 2562 interponit
2124 2521 2193 2554 hoec
2208 2531 2215 2552 ε

70 2569 144 2601 Ἀπὸ
160 2569 192 2600 δὲ
205 2570 259 2599 τοῦ
272 2568 422 2603 Βύζαντος
436 2568 524 2609 μέχρι
541 2571 596 2599 τοῦ
610 2569 744 2610 Σεὸήρου
762 2569 814 2606 ἔτη
830 2570 950 2607 διῆλθον
965 2569 1111 2605 ἑξακόσια
1128 2570 1318 2610 ὀγδοήκοντα
1335 2571 1345 2607 (
1358 2570 1551 2607 πεντήκοντα
1564 2569 1710 2601 Vatican.
1723 2569 1733 2609 )
1746 2569 1847 2600 πέντε.
1867 2567 1943 2600 Ἀλλ’
1957 2569 2145 2599 ἐπανακτέον
2158 2569 2213 2600 τὸν

70 2614 161 2654 λόγον
176 2615 229 2646 καὶ
244 2614 421 2654 διηγητέον,
438 2614 523 2651 ὅπως
542 2616 673 2656 Σεὸῆρος
695 2619 750 2647 τοῦ
773 2616 939 2652 Βυζαντίου
956 2615 1136 2656 ἐκράτησεν.
1157 2616 1303 2652 Ἀναστὰς
1330 2616 1365 2648 ἐκ
1381 2616 1505 2656 Ῥώμης
1522 2616 1674 2656 Σεὸῆρος,
1697 2615 1862 2655 κατείληφε
1880 2616 1915 2647 τὸ
1933 2614 2096 2651 Βυζάντιον
2106 2638 2115 2654 ,
2133 2625 2208 2655 κρα-

68 2665 193 2698 τοῦντος
205 2661 274 2692 τότε
291 2661 385 2692 αὐτοῦ
399 2661 531 2702 Νίγρου,
546 2665 601 2693 τοῦ
623 2664 691 2693 υἱοῦ
706 2663 878 2703 Τιμησίου’
898 2664 950 2694 καὶ
967 2664 1120 2703 εἰρηνικὰς
1137 2663 1271 2699 σπονδὰς
1295 2664 1372 2703 μετὰ
1396 2663 1511 2703 ’Νίγρου
1526 2663 1678 2700 ποιήσας,
1694 2663 1816 2700 εἰσῆλθε
1831 2662 1908 2702 μετὰ
1930 2665 1992 2693 τῶν
2020 2661 2212 2702 μεγιστάνων

69 2708 165 2739 αὐτοῦ
185 2709 227 2744 εἷς
242 2708 277 2739 τὸ
292 2707 465 2743 Βυζάντιον.
480 2708 566 2739 Ἐπεὶ
581 2709 612 2740 δὲ
629 2711 658 2740 οἱ
672 2709 830 2745 Βυζάντιοι
845 2709 905 2740 ὑπὸ
922 2708 1110 2740 Μακεδόνων
1124 2713 1230 2746 κακῶς
1247 2710 1484 2751 ἐπολιορκοῦντο
1500 2711 1552 2740 καὶ
1570 2709 1787 2749 ἐλυμαίνοντο,
1809 2709 1927 2746 ἐξῆλθεν
1945 2709 1962 2739 ὁ
1979 2708 2110 2748 Σεὸῆρος
2133 2708 2213 2739 κατὰ

69 2753 257 2787 Μακεδόνων
267 2778 276 2793 ,
287 2755 473 2795 ὑπερμαχῶν
488 2755 673 2791 Βυζαντίων.
685 2756 815 2792 Μέλλων,
823 2756 854 2787 δὲ
866 2756 1039 2796 ἐξέρχεσθαι
1049 2780 1058 2794 ,
1069 2756 1123 2793 τήν
1135 2755 1214 2787 ἰδίαν
1228 2756 1379 2796 θυγατέρα
1392 2758 1436 2795 τῷ
1450 2758 1505 2786 τοῦ
1520 2757 1545 2786 N
1551 2755 1636 2796 ίγρου
1652 2757 1711 2795 υἱῷ
1725 2756 1767 2790 εἷς
1782 2757 1914 2794 γυναῖκα
1933 2754 2110 2793 παρέδωκεν
2120 2762 2127 2768 ·
2145 2754 2214 2793 (τὸν

70 2801 129 2842 γὰρ
146 2801 276 2842 στρατὸν
293 2801 388 2832 αὺτοῦ
402 2802 419 2832 ὁ
440 2802 570 2842 Σεὸῆρος
587 2803 750 2834 κατέλιπεν
767 2802 798 2833 ἐν
811 2802 1035 2843 Χρυσοπόλει).
1050 2803 1103 2834 Ἐν
1117 2802 1148 2833 δὲ
1162 2805 1200 2842 τῇ
1213 2805 1270 2832 τοῦ
1283 2802 1387 2842 γάμου
1402 2802 1520 2842 εὐωχίᾳ
1534 2801 1670 2838 ἔστησαν
1685 2801 1733 2832 ἐπὶ
1748 2804 1800 2838 τῆς
1817 2802 1966 2840 τραπέζης
1981 2799 2034 2830 δύο
2051 2799 2212 2840 φιλόσοφοί

70 2858 147 2884 τινες
164 2848 333 2888 Ῥωμαῖοι,
347 2848 475 2888 Φόρτων
493 2849 546 2879 καὶ
561 2848 710 2889 Μαρκίων
733 2849 918 2889 καλούμενοι
931 2872 939 2887 ,
954 2850 1006 2879 καὶ
1021 2849 1108 2880 εἶπον
1121 2850 1195 2890 πρὸς
1211 2849 1281 2885 τοὺς
1298 2849 1455 2884 ἐσθίοντας
1474 2848 1660 2885 Βυζαντίους
1672 2856 1680 2864 ·
1695 2860 1709 2875 ‹-
1727 2847 1902 2887 Ἠγάγομεν
1916 2846 2015 2887 χαρὰν
2033 2846 2143 2885 ἀκερδῆ
2163 2847 2215 2876 καὶ

76 2942 291 2983 διερμηνεῢσαι
305 2940 391 2973 αὐτό.
410 2941 463 2976 Εἷς
477 2941 509 2972 δέ
522 2952 565 2977 τις
579 2944 641 2972 τῶν
654 2942 684 2972 ἐν
697 2945 742 2982 τῷ
757 2942 925 2982 συμποσίῳ
942 2941 1149 2982 ἀνακειμένων
1160 2966 1168 2980 ,
1186 2941 1331 2982 ἀγχίνους
1344 2941 1425 2972 πάνυ
1437 2964 1446 2979 ,
1464 2941 1522 2978 ἤδη
1544 2940 1683 2981 γεραιὸς,
1701 2939 1961 2979 ἀναλογισάμενος
1980 2939 2016 2970 τὸ
2036 2938 2218 2978 ἀπόφθεγμα

77 2989 172 3021 εἶπεν·
191 3001 206 3015 ι(
221 2988 320 3020 Τοῦτό
334 2988 398 3019 ἐστι
415 2990 539 3024 ἱππικὸς
553 2989 605 3019 καὶ
622 2988 823 3028 ἀγωνιστικὸς
839 2988 935 3027 ἀγών.
951 3001 967 3016 »
981 2988 1059 3019 Τότε
1075 2990 1092 3019 ὁ
1103 2988 1232 3028 Σεῧῆρος
1245 2989 1318 3028 πρὸς
1329 2987 1490 3028 θεραπείαν
1505 2990 1559 3018 τοῦ
1571 2987 1779 3027 συμπενθεροῦ
1795 2986 1889 3017 αὐτοῦ
1903 2986 2032 3026 Νίγρου,
2048 2985 2149 3015 ἔκτισε
2165 2984 2219 3015 δύο

79 3035 191 3076 λουτρά
202 3044 210 3051 ·
225 3035 347 3066 ἔσωθεν.
356 3034 409 3073 μὲν
422 3038 476 3072 τῆς
489 3035 607 3070 πόλεως
620 3036 673 3065 καὶ
690 3035 822 3071 πλησίον
836 3038 892 3066 τοῦ
906 3034 1060 3066 παλατίου
1077 3035 1108 3065 ἓν
1119 3058 1128 3072 ,
1141 3035 1177 3066 τὸ
1190 3034 1381 3074 καλούμενον
1397 3034 1566 3069 Ζεύξιππον
1575 3042 1582 3049 ·
1597 3034 1704 3069 ἔξωθεν
1719 3033 1751 3064 δὲ
1764 3036 1816 3068 τῆς
1831 3033 1948 3068 πόλεως
1961 3055 1971 3071 ,
1985 3032 2023 3062 τὰ
2036 3034 2088 3062 νῦν
2105 3029 2214 3061 καλού-

78 3093 154 3123 μενα
171 3082 323 3122 Καμίνια,
339 3082 463 3122 λουτρὸν
480 3082 639 3122 εὐμέγεθες
652 3083 704 3112 καὶ
721 3082 983 3122 ἀξιοθαύμαστόν·
1009 3082 1045 3113 ἐκ
1067 3082 1099 3112 δὲ
1111 3084 1165 3118 τῆς
1183 3081 1352 3121 ὑπερὸολῆς
1375 3083 1430 3111 τοῦ
1454 3081 1598 3121 μεγέθους
1615 3080 1710 3111 αὐτοῦ
1724 3079 1754 3111 ἐν
1769 3078 1885 3119 ἑκάστῃ
1903 3078 2002 3119 ἡμέρᾳ
2019 3077 2072 3108 δύο
2086 3077 2218 3117 χιλιάδες

76 3128 226 3160 ἐλούοντο.
241 3127 341 3159 Ἤπτε
357 3128 389 3159 δὲ
404 3128 439 3158 τὸ
455 3131 593 3159 τοιοῦτον
609 3128 733 3168 λουτρὸν
749 3128 825 3168 μετὰ
843 3131 899 3159 τοῦ
917 3129 1057 3165 Μηδικοῦ
1070 3127 1176 3168 πυρός.
1192 3128 1236 3158 Τὸ
1251 3128 1282 3158 δὲ
1307 3128 1394 3167 μέχρι
1409 3130 1464 3158 τοῦ
1478 3130 1530 3158 νῦν
1555 3126 1732 3166 σωζόμενον
1755 3125 1973 3167 Ἱπποδρόμιον
1996 3124 2120 3160 ἐκτίσθη
2142 3124 2216 3163 παρ’

76 3175 171 3206 αὐτοῦ
186 3177 241 3205 τοῦ
258 3174 411 3228 Σεὸήρου,
425 3174 536 3211 κήπων
550 3174 646 3205 ὄντων
663 3175 764 3206 ἐκεῖσε
777 3174 830 3205 δύο
844 3178 935 3206 τινῶν
949 3175 1086 3215 ἀδελφῶν
1100 3175 1152 3204 καὶ
1167 3174 1312 3212 γυναικὸς
1329 3173 1437 3213 χήρας.
1453 3174 1552 3214 Μέχρι
1567 3173 1621 3213 μὲν
1637 3171 1690 3203 οὖν
1704 3175 1759 3203 τοῦ
1776 3173 1896 3213 χαλκοῦ
1910 3172 2012 3205 κίονος
2026 3173 2081 3201 τοῦ
2103 3171 2218 3209 Ίετροι·

77 3221 207 3261 πλεύρου
223 3220 376 3256 πεδινός
362 3232 399 3259 ην
416 3221 433 3251 ὁ
451 3220 562 3259 τόπος,
581 3221 643 3252 ἀπὸ
657 3221 690 3252 δὲ
705 3221 815 3252 τούτου
831 3221 884 3252 καὶ
902 3221 1000 3277 μέχρι
1009 3225 1062 3259 τῆς
1082 3220 1247 3260 Σφενδόνης
1260 3243 1269 3259 ,
1293 3222 1432 3261 κρημνοῦ
1455 3219 1540 3255 ὄντος
1551 3219 1676 3258 ,κίονες
1694 3219 1866 3257 εὐμεγέθεις
1885 3218 1938 3248 καὶ
1962 3217 2121 3256 κτίσματα
2146 3215 2217 3252 ἀνη·

78 3267 239 3308 γέρθησαν.
255 3266 350 3297 Ἔνθα
367 3267 403 3303 δὴ
419 3268 471 3297 καὶ
485 3269 504 3304 ἡ
520 3267 624 3308 ψυχρὰ
642 3268 816 3307 καλουμένη
829 3279 915 3299 κιστε
902 3268 985 3308 έρνα
988 3269 1071 3305 ἐστὶ,
1089 3266 1165 3297 διότι
1181 3265 1262 3297 πάνυ
1276 3265 1464 3306 κρηνώδης
1446 3277 1483 3304 ην
1495 3267 1512 3296 ὁ
1527 3243 1633 3301 τόπος.
1651 3266 1694 3296 Τὸ
1707 3265 1762 3296 δὲ’
1756 3275 1787 3295 εν
1801 3275 1889 3320 μερος
1903 3267 1964 3294 τῶν
1980 3262 2135 3302 βαθμίδων
2148 3261 2218 3291 ἀνε-

78 3313 222 3353 πληρώθη
238 3313 308 3368 παρ’
324 3313 418 3343 αὐτοῦ
434 3316 488 3344 τοῦ
503 3314 654 3353 Σεὸήρου,
672 3313 850 3353 κατελείφθη
864 3314 896 3345 δὲ
909 3314 944 3345 τὸ
959 3314 1058 3354 ἕτερον
1073 3312 1175 3347 ἀτελες
1185 3313 1262 3351 ,διὰ
1277 3313 1312 3344 τὸ
1330 3313 1425 3344 ἐλθεῖν
1442 3314 1484 3348 εἰς
1505 3312 1598 3344 αὐτὸν
1615 3311 1779 3352 ἀγγελίαν,
1802 3312 1848 3342 ὅτι
1872 3310 1982 3341 Γάλλοι
1999 3309 2146 3348 πορθοῦσι
2163 3317 2217 3343 την

77 3358 222 3398 Ῥώμην,
245 3359 298 3389 καὶ
313 3360 537 3399 παραγενέσθαι
560 3360 590 3391 ἐν
607 3361 707 3400 αὐτῇ·
731 3359 750 3399 ’ᾖ
764 3361 841 3398 δῆτα
863 3361 914 3391 καὶ
931 3361 1054 3400 τελευτᾷ
1074 3359 1158 3400 νόσῳ
1175 3359 1359 3399 ἐπιληψίας,
1378 3359 1564 3398 βασιλεύσας
1586 3358 1713 3399 χρόνους
1732 3356 1898 3388 δεκαεπτά.
1919 3356 2029 3395 (Qnoe
2041 3354 2217 3391 sequuntut

81 3404 163 3444 apud
180 3404 295 3436 Codin.
315 3413 415 3445 usque
440 3405 480 3437 ad
496 3415 524 3437 ν.
543 3405 692 3443 ἀνέστησε
706 3406 793 3438 πόλιν
810 3405 918 3438 eadem
933 3406 998 3437 sele
1022 3390 1119 3438 habes
1138 3413 1189 3445 ap.
1215 3398 1350 3445 flesych.
1373 3403 1460 3446 §1.)
1483 3405 1639 3445 [Ιαρῆλθον
1663 3405 1694 3435 δὲ
1718 3403 1820 3444 χρόνοι
1835 3403 1978 3440 ἑξήκοντα
2003 3400 2054 3430 καὶ
2077 3399 2127 3429 ἐπε
2131 3407 2216 3428 κῑῑνα
