2372 3704
139 209 214 242 434

135 288 198 334 τὴν
220 287 318 340 ἰσχὺν
341 289 482 340 βηρουτὶ
500 290 669 334 Φοίνικας
691 289 891 339 ὀνομάζειν,
911 292 956 344 ἀφ
983 285 1021 329 οὗ
1042 291 1102 329 καὶ
1123 291 1186 338 τὴν

135 346 248 393 πόλιν,
265 349 310 390 ὡς
328 346 511 391 Ἑλλάδιός
526 364 643 400 φησιν.
661 351 736 394 Pro
751 351 873 387 forma
887 352 1012 387 ionica
1027 349 1186 393 Ἱστιαῖος

134 408 153 442 J
158 408 319 455 osephus
338 408 454 444 habet
471 406 659 451 Ἑστιαῖος.

640 503 675 528 2.

187 565 374 612 Josephus
391 568 477 600 Ant.
498 565 585 602 Jud.
609 566 640 610 l,
660 565 697 614 3,
714 578 757 613 9,
775 566 821 602 de
837 567 1047 614 priscorum
1063 566 1186 601 homi-

133 636 222 658 num
244 624 483 671 longaevitate
499 630 703 671 postquam
720 624 887 671 dixerat,
907 624 1013 659 addit
1035 637 1043 659 :
1070 623 1186 661 Μάνε-

133 683 239 723 θως...
263 680 498 731 Βηρωσσὸς...
522 679 651 731 Μῶχός
672 696 708 718 τε
728 681 787 718 καὶ
813 680 1001 727 Ἑστιαῖος,
1019 680 1078 718 καὶ
1099 681 1184 733 πρὸς

133 739 248 782 αὐτοῖς
262 741 279 776 ὁ
295 738 485 790 Αἰγύπτιος
508 738 724 791 Ἱερώνυμος,
739 741 770 777 οἱ
789 739 832 777 τὰ
848 738 1036 778 Φοινικικὰ
1054 755 1185 777 συντα-

133 794 286 845 ξάμενοι,
305 800 529 849 συμφωνοῦσι
545 801 615 840 τοῖς
631 796 688 834 ὑπ’
700 798 784 847 ἐμοῦ
798 797 1004 847 λεγομένοις.
1033 799 1095 848 (V.
1113 801 1186 835 Be-

133 858 208 892 rosi
228 858 274 894 fr.
293 856 378 905 6a.)
398 857 538 892 Eadem
553 869 611 905 ap.
633 858 767 895 Euseb.
784 858 824 895 P.
844 859 885 895 E.
903 871 942 906 p.
969 857 1059 902 415,
1081 860 1128 902 D,
1150 866 1187 894 et

135 928 197 964 ap.
218 917 381 963 Syncell.
404 929 442 964 p.
466 917 530 960 43,
553 919 603 961 A,
625 916 784 952 Cedren.
801 929 839 964 p.
861 930 919 953 11.

640 995 675 1031 3.

185 1072 370 1118 Josephus
384 1072 436 1108 ib.
458 1075 494 1118 4,
514 1071 533 1106 3
552 1069 617 1119 (ex
629 1084 672 1107 eo
685 1071 818 1108 Euseb.
836 1072 876 1108 P.
892 1073 931 1110 E.
945 1085 985 1120 p.
1006 1072 1094 1116 416,
1111 1072 1184 1122 D):

137 1127 227 1179 Περὶ
246 1127 282 1165 δὲ
301 1132 361 1166 τοῦ
379 1128 496 1165 πεδίου
514 1131 574 1165 τοῦ
597 1127 783 1178 λεγομένου
809 1128 966 1181 Σενναὰρ
994 1131 1027 1167 ἐν
1047 1133 1089 1182 τῇ
1108 1131 1185 1168 Βα-

137 1186 286 1239 ὅυλωνίᾳ
319 1187 419 1239 χώρᾳ
452 1186 659 1237 μνημονεύει
692 1186 888 1238 Ἑστιαῖος,
915 1187 1026 1239 λέγων
1055 1187 1162 1232 οὕτως
1175 1204 1183 1211 ·

135 1264 150 1277 ¹1
172 1247 251 1283 Τῶν
283 1245 318 1282 δὲ
343 1245 461 1298 ἱερέων
486 1245 563 1288 τοὺς
587 1246 835 1294 διασωθέντας,
855 1247 898 1284 τὰ
917 1251 975 1285 τοῦ
1000 1247 1184 1286 Ἐνυαλίου

135 1303 214 1346 Διὸς
234 1305 414 1355 ἱερώματα
432 1304 624 1352 λαὸόντας,
643 1307 688 1348 εἷς
704 1304 862 1358 Σενναὰρ
878 1309 939 1352 τῆς
958 1305 1184 1349 Βαδυλωνίας

124 1362 254 1402 ἐλθεῖν.
277 1381 292 1396 »

546 1484 744 1499 ⁴000——

411 1585 915 1642 HYPERMENES.

514 1708 632 1746 HEPI
663 1709 796 1746 xior.

646 1813 679 1835 1.

185 1877 408 1912 Ptolemaeus
427 1879 616 1926 Hephaest.
644 1879 710 1916 lib.
735 1881 807 1926 VI,
841 1893 880 1928 p.
918 1892 987 1928 197
1012 1881 1073 1916 ed.
1099 1883 1188 1918 We-

134 1942 261 1971 sterm.
283 1949 290 1971 ;
313 1933 533 1987 (Υπερμένης
559 1938 592 1973 ἐν
612 1938 661 1988 τῷ
684 1936 773 1988 Περὶ
800 1937 909 1984 Χίου,
925 1936 1085 1989 Ὁμήρου
1107 1939 1192 1991 φησὶ

135 1992 293 2042 γενέσθαι
323 1993 518 2045 θεράποντα
555 1995 755 2047 Σκινδαψὸν
787 1995 950 2046 ὀνόματι·
982 1997 1042 2035 καὶ
1068 2001 1189 2036 τοῦτον

134 2053 381 2100 ζημιωθῆναιζ
369 2067 436 2089 υπο
455 2051 550 2091 Χίων
565 2053 680 2105 χιλίας
694 2054 856 2107 δραχμὰς
873 2053 929 2092 διὰ
939 2055 978 2093 τὸ
993 2055 1041 2105 μὴ
1058 2072 1189 2095 καυσαι

134 2110 391 2156 τελευτησαντα
408 2111 464 2148 τὸν
487 2113 522 2149 δε
509 2112 673 2160 εσπότην.
687 2112 732 2152 Ὁ
751 2112 786 2151 δὲ
805 2113 843 2151 τὸ
860 2114 1004 2166 ὄργανον
1026 2115 1132 2167 εὑρων
1149 2115 1188 2153 τὸ

135 2167 224 2205 ούτω
253 2169 466 2220 καλούμενον
495 2171 700 2224 σκινδαψὸν,
735 2172 819 2224 ’έΕρ
804 2189 910 2225 τριος
935 2176 989 2221 ἡν,
1019 2173 1190 2221 Ποικίλης

134 2227 336 2279 αὐλητρίδος
364 2228 447 2272 υἱός.
489 2231 565 2279 (Cf.
595 2232 732 2271 Athen.
763 2235 830 2278 IV,
866 2246 950 2282 cap.
979 2233 1048 2278 813
1083 2235 1187 2280 XIV,

133 2301 175 2335 p.
194 2288 283 2333 636,
301 2288 341 2324 Β.
360 2290 528 2326 Lobeck.
548 2291 736 2339 Aglaoph.
752 2305 792 2340 p.
815 2293 910 2328 1331
935 2300 971 2328 et
985 2306 1097 2340 quam
1112 2294 1188 2328 lau·

135 2348 198 2381 dat
217 2347 398 2384 Mannerti
414 2349 558 2387 dissert.
583 2352 638 2386 De
653 2352 895 2402 Scindapso.)
911 2355 1188 2400 Hypermenem

136 2407 270 2441 Chium
296 2414 332 2442 et
360 2408 594 2455 rhapsodum
622 2410 731 2446 fuisse
765 2412 945 2459 opinatur
975 2412 1113 2459 Coray.
1150 2414 1188 2447 in

136 2462 275 2500 Ἀτάκτ.
299 2466 374 2510 111,
405 2466 494 2508 243.
526 2468 715 2504 &Velcken
739 2469 778 2503 in
801 2470 903 2516 Cycl.
935 2482 994 2518 ep.
1016 2483 1054 2518 p.
1090 2484 1158 2516 177
1174 2498 1184 2516 ,

136 2572 195 2603 ber
204 2572 345 2613 designat
359 2577 491 2614 puteum
509 2576 593 2616 apud
608 2586 672 2608 eos.
692 2577 842 2608 Histiaeus
850 2587 926 2609 vero
944 2578 975 2609 in
989 2578 1071 2609 libro
1085 2578 1186 2618 primo

868 201 1222 248 HYPERMENIQ
1256 202 1576 247 HYPEROCffl,

1248 291 1409 328 eundem
1432 304 1508 327 esse
1527 298 1637 340 putat
1657 304 1743 327 cum
1762 291 2006 339 Euthymene,
2041 304 2151 340 quem
2170 292 2299 328 laudat

1247 351 1364 387 Clem.
1384 351 1489 386 Alex.
1509 351 1647 388 Strom.
1666 352 1695 396 Ι,
1715 363 1752 398 p.
1775 355 1863 396 141,
1890 364 1935 386 21
1959 352 2064 399 Sylh.
2089 351 2163 400 (ΙΙ,
2185 364 2224 400 p.
2248 351 2298 387 80

1246 407 1392 458 Klotz.)
1415 421 1423 446 :
1445 406 1702 457 Εὐθυμένης
1724 409 1759 445 ἐν
1779 414 1848 451 τοῖς
1870 410 2105 460 Χρονικοῖς
2123 409 2300 458 συνακμά-

1248 481 1357 503 σαντα
1373 467 1445 516 (sc.
1464 466 1520 503 τὸν
1534 465 1716 518 ”Ομηρον)
1729 466 1784 504 ἐπὶ
1799 466 1968 505 Ἀκάστου
1988 469 2021 505 ἓν
2039 467 2128 520 Χίῳ
2140 467 2299 518 γενέσθαι

1247 524 1325 576 περὶ
1347 524 1386 562 τὸ
1407 524 1644 563 διακοσιοστὸν
1663 523 1735 568 ἔτος
1755 524 1897 578 ὕστερον
1913 528 1975 572 τῆς
1999 525 2106 564 Ἰλίου
2134 525 2298 568 ἁλώσεως

1249 583 1368 636 (φησίν
1380 585 1405 634 )·

1320 731 1809 838 HYPEROCHUS
1851 780 2222 840 CUMANUS.

1300 896 1400 931 Num
1419 903 1521 932 recte
1542 896 1793 944 Hyperochus
1821 896 2014 945 Κυμαϊκῶν
2039 909 2171 933 eorum
2184 924 2194 942 ‚
2215 910 2299 946 quae

1248 954 1297 990 ad
1318 967 1402 990 eum
1431 954 1706 1002 referebantur,
1733 962 1868 990 auctor
1894 955 2111 1000 haberetur,
2146 956 2299 992 fuerunt

1248 1014 1315 1060 qui
1349 1013 1620 1049 addubitarem
1652 1013 1710 1061 (v.
1745 1013 1791 1052 fr.
1819 1014 1875 1061 1).
1914 1014 2019 1051 Alios
2047 1015 2298 1062 Hyperochos

1248 1071 1344 1107 duos
1364 1072 1450 1108 vide
1471 1084 1534 1121 ap.
1553 1074 1712 1110 Pausan.
1734 1073 1774 1117 I,
1795 1077 1837 1117 4,
1861 1077 1898 1116 4.
1919 1073 1980 1117 X,
2003 1072 2050 1108 23
2065 1100 2076 1118 ,
2099 1086 2135 1109 2.

1653 1164 1902 1211 ΚΥΜΑΪΚΑ.

1763 1269 1795 1292 1.

1300 1326 1499 1361 Athenaeus
1515 1326 1590 1361 XII
1602 1353 1611 1370 ,
1633 1339 1674 1374 p.
1689 1324 1763 1361 528
1775 1355 1784 1373 ‚
1807 1327 1856 1374 D,
1871 1327 1901 1361 E
1921 1339 1929 1361 :
1952 1323 2025 1363 Καὶ
2040 1324 2196 1375 Κυμαῖοι
2215 1324 2250 1363 δὲ
2267 1326 2300 1363 οἱ

1251 1383 1285 1420 ἐν
1319 1382 1473 1435 Ἰταλίᾳ,
1494 1381 1539 1424 ὥς
1569 1398 1673 1435 φησιν
1703 1383 1898 1435 (Υπέροχος
1922 1381 1945 1429 ἢ
1972 1385 1990 1421 ὃ
2010 1382 2159 1430 ποιήσας
2186 1382 2230 1421 τὰ
2251 1385 2299 1427 εἷς

1251 1442 1354 1480 αὐτὸν
1387 1442 1628 1494 ἀναφερόμενα
1667 1443 1855 1493 Κυμαϊκὰ,
1890 1442 2087 1481 διετέλεσαν
2118 1458 2296 1496 χρυσοφο-

1253 1504 1387 1552 ροῦντες
1407 1501 1466 1538 καὶ
1486 1502 1637 1544 ἀνθιναῖς
1657 1502 1777 1547 ἐσθ’ἧσι
1805 1501 1998 1554 χρώμενοι,
2028 1501 2087 1540 καὶ
2114 1501 2204 1551 μετὰ
2231 1517 2297 1552 γυ-

1249 1561 1376 1596 ναικῶν
1397 1560 1443 1601 εἷς
1462 1558 1538 1602 τοὺς
1557 1559 1681 1612 ἀγροὺς
1698 1559 1858 1608 ἐξιόντες,
1877 1560 1934 1598 ἐπὶ
1955 1562 2082 1610 ζευγῶν
2097 1559 2295 1611 ὀχούμενοι.

1758 1648 1792 1671 2.

1305 1705 1507 1740 Pausanias
1525 1705 1577 1750 X,
1602 1718 1664 1750 12,
1686 1711 1721 1750 4,
1743 1706 1789 1741 de
1810 1706 2016 1754 Herophile
2037 1706 2179 1754 Sibylla
2197 1717 2206 1743 :
2222 1704 2298 1750 Τὴν

1254 1761 1289 1798 δὲ
1305 1761 1361 1799 ἐπὶ
1379 1760 1488 1813 ταύτῃ
1504 1761 1684 1813 χρησμοὺς
1699 1762 1789 1800 κατὰ
1806 1762 1917 1801 ταύτὰ
1934 1764 2096 1801 εἰποῦσαν
2115 1765 2154 1800 ἐκ
2173 1762 2298 1813 Κύμης

1253 1822 1314 1866 τῆς
1347 1822 1380 1857 ἐν
1414 1819 1572 1864 Ὀπικοῖς
1601 1814 1707 1867 εἶναι,
1741 1823 1923 1858 καλεῖσθαι
1954 1821 1989 1858 δὲ
2024 1820 2132 1867 αὐτὴν
2166 1819 2297 1869 Δημὼ,

1254 1877 1467 1930 συνέγραψεν
1487 1877 1681 1930 Ὑπέροχος
1707 1878 1794 1931 ἀνὴρ
1822 1881 1992 1928 Κυμαῖος.
2017 1878 2186 1940 Χρησμὸν
2208 1878 2243 1916 δὲ
2267 1880 2298 1915 οἱ

1254 1939 1411 1978 Κυμαῖοι
1434 1952 1495 1982 της
1521 1936 1681 1987 γυναικὸς
1700 1937 1829 1984 ταύτης
1854 1953 1885 1980 ες
1905 1937 2026 1975 οὐδένα
2047 1941 2141 1990 εἰχον
2167 1937 2291 1975 ἐπιδεί-

1255 1994 1398 2045 ξασθαι,
1413 1994 1509 2033 λίθου
1529 1994 1593 2032 δὲε
1581 1995 1700 2046 υδρίαν
1717 2012 1750 2033 εν
1765 1994 2001 2039 ’Λπόλλωνοςε
1993 1998 2073 2047 ιερῷ
2088 1997 2123 2033 δε
2109 1995 2297 2034 εικνύουσιν

1253 2055 1290 2091 οὗ
1323 2053 1502 2104 μεγάλην,
1533 2070 1594 2100 της
1625 2053 1802 2100 Σιὸύλλης
1823 2055 1969 2092 ἐνταῦθα
1998 2054 2132 2091 κεῖσθαι
2153 2052 2298 2106 φάμενοι

1251 2111 1295 2149 τὰ
1315 2113 1412 2150 ὀστᾶ.

1759 2166 1794 2202 3.

1304 2239 1359 2273 Ex
1373 2237 1508 2273 eodem
1522 2237 1752 2285 Hyperocho
1770 2236 1843 2274 Od.
1858 2235 2037 2272 Miillerus
2046 2237 2165 2284 petita
2175 2243 2300 2271 censet

1254 2297 1332 2331 haec
1357 2308 1366 2333 ε

1305 2355 1436 2392 Festus
1463 2367 1503 2403 p.
1535 2353 1610 2389 266
1635 2353 1695 2389 ed.
1718 2354 1863 2390 Muller.
1888 2366 1895 2389 ι
1918 2355 2094 2389 Historiae
2116 2353 2298 2389 Cumanoe

1249 2416 1479 2460 compositor,
1508 2413 1664 2448 Athenis
1691 2413 1868 2460 quosdam
1893 2410 2077 2460 profectos
2102 2411 2296 2459 Sicyonem

1255 2471 1556 2520 Tleespiadasque
1583 2470 1598 2520 [
1618 2471 1867 2520 Thespiasque
1887 2482 2034 2508 correx.
2054 2470 2180 2507 Ursin.
2195 2468 2231 2519 ],
2248 2482 2297 2504 ex·

1247 2580 1373 2611 masset.
1391 2579 1448 2611 Ille
1465 2589 1539 2611 vero
1565 2579 1774 2620 scindapsus,
1792 2579 1847 2620 qui
1874 2578 2071 2620 cognominis
2094 2578 2296 2610 instrumenti

138 2624 301 2656 Piioenices
310 2625 375 2657 vim
391 2626 496 2659 dicere
513 2628 625 2660 berecti
643 2629 704 2668 ait,
722 2629 763 2660 ab
777 2638 879 2669 eoque
897 2630 1054 2662 vocabulo
1071 2639 1187 2662 nomen
1245 2631 1394 2663 inventor
1403 2631 1482 2671 fuit,
1505 2632 1693 2663 Eretriensis
1706 2632 1771 2670 est,
1788 2631 1920 2663 Poeciles
1935 2630 2076 2662 tibicinis
2093 2630 2186 2662 tilius.

137 2675 224 2707 urbis
240 2676 463 2710 deducendum
478 2687 563 2719 esse,
585 2681 665 2712 teste
682 2680 838 2712 Helladio.

646 2735 679 2766 2.

181 2780 330 2812 Manelho
344 2805 352 2821 ‚
378 2784 532 2822 Berosus,
556 2785 689 2816 Mochus
711 2786 742 2816 et
765 2785 920 2816 Hestiaeus
947 2785 1117 2817 Phoeniciae
1137 2786 1186 2817 hi-

139 2831 245 2862 storiae
260 2836 410 2865 auctores
428 2834 486 2873 iis,
505 2844 578 2875 quae
594 2836 672 2876 dixi,
690 2837 916 2876 suffragantur.

639 2893 672 2924 3.

182 2937 295 2977 Campi
309 2938 363 2978 qui
378 2940 518 2970 sennaar
532 2942 719 2981 appellatur,
735 2942 766 2973 in
779 2942 953 2982 Babylonia
971 2943 1098 2982 regione
1115 2943 1185 2982 siti,

139 2987 335 3019 mentionem
354 2989 430 3020 facit
444 2991 600 3023 Hestiaeus
615 2993 659 3023 ita
675 2993 783 3024 dicens
802 3007 809 3025 ι
828 3007 841 3020 u
861 2993 922 3031 Qui
940 3003 1016 3025 vero
1029 2995 1069 3026 de
1081 3003 1187 3031 sacer-

140 3039 268 3071 dotibus
283 3041 398 3072 servati
415 3044 505 3073 erant
517 3067 525 3082 ,
549 3044 662 3075 ablatis
678 3045 767 3076 Jovis
782 3046 903 3085 Enyalii
924 3046 1038 3086 sacris,
1060 3047 1093 3078 in
1106 3049 1168 3079 Sen
1179 3065 1186 3070 ·

141 3100 217 3122 naar
232 3092 414 3132 Babyloniae
428 3096 584 3125 venerunt
614 3108 628 3122 »

547 3171 613 3208 DE
642 3172 778 3211 CHIO.

649 3249 680 3280 1.

187 3308 402 3347 Hypermenes
425 3307 456 3338 in
476 3307 556 3339 libro
579 3311 626 3340 De
645 3309 724 3340 Chio
742 3312 851 3342 narrat
874 3312 1004 3343 Homeri
1032 3312 1187 3344 famulum

148 3357 242 3388 fuisse
263 3356 472 3398 scindapsum
485 3382 494 3398 ,
512 3358 606 3398 eique
627 3360 781 3391 mulctam
808 3362 895 3392 mille
922 3362 1149 3394 drachmarum
1171 3371 1189 3394 a

147 3408 235 3441 Chiis
250 3408 420 3450 irrogatam
438 3417 522 3449 esse,
535 3410 621 3450 quod
636 3419 750 3452 corpus
762 3411 881 3443 domini
893 3413 1034 3445 defuncti
1047 3423 1111 3446 non
1128 3423 1189 3446 crc-

1447 2724 1513 2761 DE
1542 2724 1712 2762 REBUS
1746 2723 2090 2763 CUMANORUM.

1755 2819 1785 2850 1.

1287 2890 1421 2921 Cumani
1438 2890 1471 2920 in
1498 2890 1607 2929 ltalia,
1631 2891 1667 2921 ut
1680 2890 1724 2921 ait
1738 2890 1946 2930 Hyperocbus
1963 2890 2014 2921 vei
2031 2889 2215 2930 quicunque
2234 2898 2293 2922 au-

1245 2942 1315 2972 ctor
1326 2942 1372 2972 est
1384 2942 1623 2979 Cumaicorum‚
1638 2950 1710 2981 quae
1726 2941 1766 2972 ad
1776 2950 1850 2972 eum
1861 2942 2054 2979 referuntur,
2069 2949 2165 2972 aureo
2178 2942 2291 2973 ornatu

1245 2994 1277 3024 et
1289 2993 1430 3024 vestibus
1444 2993 1610 3032 variegatis
1623 2993 1670 3023 uti
1682 2992 1838 3032 solebant,
1853 2994 1972 3024 etcum
1990 2992 2144 3024 uxoribus
2156 2992 2188 3024 in
2203 3001 2294 3032 agros

1245 3044 1332 3076 exire
1349 3044 1495 3076 curribus
1510 3044 1670 3076 vehentes.
1832 3048 1835 3050 ’

1290 3154 1445 3195 Sibyllam
1466 3163 1539 3194 quae
1554 3155 1624 3194 post
1647 3153 1840 3194 Heropliileu
1863 3153 2007 3185 similiter
2030 3152 2160 3184 oracula
2176 3152 2291 3191 edidit,

1247 3209 1425 3239 Cumanam
1439 3215 1478 3237 ex
1490 3205 1596 3246 Opicis
1609 3205 1704 3237 fuisse
1713 3213 1751 3236 ac
1766 3207 1866 3236 Demo
1878 3204 2074 3235 nominatam
2086 3203 2293 3244 Hyperochus

1247 3259 1295 3290 vir
1315 3260 1478 3290 cumanus
1509 3258 1644 3298 scripsit.
1673 3258 1750 3298 Ejus
1770 3259 1879 3289 tamen
1910 3257 2034 3289 feminae
2052 3256 2292 3297 praedictionem

1247 3311 1377 3343 omnino
1391 3311 1511 3342 nullam
1525 3311 1659 3343 Cumani
1671 3319 1768 3351 quam
1781 3310 1908 3342 cuidam
1919 3310 2122 3342 ostenderent
2132 3309 2272 3341 habuere
2280 3320 2290 3348 ;

1247 3362 1419 3394 ostendunt
1435 3364 1561 3394 tantum
1577 3371 1692 3393 urnam
1709 3362 1741 3393 in
1755 3361 1907 3402 Apollinis
1919 3361 2039 3402 templo
2058 3361 2232 3402 lapideam,
2259 3361 2290 3392 in

1247 3423 1311 3455 qua
1327 3414 1454 3454 Sibyllae
1467 3422 1537 3446 ossa
1552 3413 1678 3446 condita
1695 3413 1847 3445 referunt.
