2326 3724
460 306 968 402 JOANNES
1034 300 1912 407 EPIPHANIENSIS.

168 841 350 893 Euagrius
364 842 408 885 V,
431 845 479 884 24
512 848 607 880 extr.
643 853 652 879 :
678 840 870 893 Προκοπίῳ
899 839 936 879 δὲ
966 842 1017 894 τῷ
1039 841 1160 895 ῥήτορι

112 896 302 944 πεποίηται
321 897 366 936 τὰ
380 898 415 943 ἐξ
426 898 556 937 ἐκείνου
572 899 584 950 (
593 899 838 950 Ἀναστασίου)
854 899 918 943 ἕως
928 902 996 938 τῶν
1010 901 1162 940 ’1ουστι-

111 959 227 993 νιανοῦ
246 956 397 1009 χρόνων·
412 956 483 995 καὶ
504 956 558 995 τὰ
577 957 771 1009 ἐχόμενα
793 957 835 996 δὲ
855 957 1017 998 τούτων
1044 959 1166 1009 Ἀγα-

111 1013 185 1066 Οίῳ
219 1016 275 1068 τῷ
312 1014 458 1068 ῥήτορι
483 1015 556 1053 καὶ
590 1015 776 1068 Ἰωάννῃ
814 1017 902 1070 ἐμῷ
921 1033 967 1056 τε
997 1018 1164 1070 πολίτῃ

110 1073 182 1111 καὶ
214 1079 417 1125 συγγενεῖ
454 1074 549 1112 καθ’
587 1074 736 1127 εἱρμὸν
770 1074 998 1128 ἱστόρηται
1035 1077 1166 1130 μέχρι

109 1135 186 1179 τ’ῆς
203 1133 396 1184 Χοσρόου
419 1137 494 1171 τοῦ
524 1132 623 1172 νέου
646 1133 752 1186 πρὸς
775 1133 1013 1185 Ῥωμαίους
1032 1139 1166 1189 φυγῆς

112 1191 212 1242 (590
232 1206 271 1242 p.
295 1193 374 1243 C.),
393 1191 557 1239 καὶτῆς
574 1194 632 1236 εἰς
658 1191 734 1239 τὴν
764 1193 895 1231 αὐτοῦ
928 1194 1166 1246 βασιλείαν

110 1251 132 1286 οἱ
143 1265 225 1288 ποκ
237 1266 314 1288 ατα
325 1249 403 1288 στά
415 1265 520 1294 σεως
533 1281 543 1298 ,
573 1250 777 1303 Μαυρικίου
804 1252 977 1303 μηδαμῶς
996 1253 1081 1304 πρὸς
1101 1253 1164 1300 τὴν

108 1307 232 1360 πρᾶξιν
256 1308 475 1353 ἐλινύσαντος
487 1339 497 1357 ,
527 1309 786 1360 ἀποδεξαμένου
813 1310 849 1348 δὲ
868 1312 1060 1363 βασιλικῶς
1074 1341 1084 1360 ,
1103 1313 1164 1351 καὶ

111 1366 266 1417 μάλιστα
280 1367 434 1419 τάχιστα
451 1369 484 1412 ἐς
496 1365 560 1415 τὴν
576 1368 758 1420 βασιλείαν
772 1368 935 1421 χρήμασί
948 1385 986 1408 τε
1001 1371 1165 1422 μεγάλοις

108 1425 170 1464 καὶ
203 1426 445 1479 στρατεύμασι
462 1427 722 1479 καταγαγόντος
752 1428 810 1478 (v.
837 1432 976 1480 Euagr.
996 1433 1046 1468 VI
1058 1459 1070 1480 ‚
1097 1444 1165 1478 17-

110 1499 131 1522 2
141 1499 154 1522 1
170 1485 181 1536 )
196 1500 204 1508 ·
218 1485 249 1523 εἷ
268 1484 328 1523 καὶ
347 1484 457 1536 μήπω
471 1484 595 1538 ἔτυχον
611 1485 851 1530 ἐκδεδωκότες.

167 1562 184 1578 ει
219 1547 291 1582 Ηίε
311 1548 331 1582 J
336 1559 477 1582 oannes
506 1539 795 1595 Epiphaniensis
826 1547 915 1586 fuit.
927 1549 1023 1584 Nam
1044 1561 1163 1597 quum

108 1605 295 1654 Euagrius
310 1618 410 1646 eum.
427 1606 548 1641 civem
568 1618 678 1641 suum
696 1607 883 1655 appellet,
906 1608 1162 1656 Epiphanien·

109 1676 188 1700 sem
214 1677 301 1700 eum
322 1664 434 1700 fuisse
450 1676 602 1700 necesse
622 1672 694 1710 est,
713 1666 743 1700 si
758 1665 915 1712 quidem
932 1667 1161 1715 Epiphania,

109 1724 227 1770 Syriae
256 1723 347 1759 urbs
357 1749 367 1768 ,
401 1723 526 1771 patria
556 1723 627 1758 fuit
662 1725 829 1772 Euagrii.
867 1725 992 1771 Quare
1021 1725 1163 1761 fallitur

107 1783 259 1818 Vossius
274 1783 312 1817 in
328 1782 428 1818 libro
442 1784 499 1818 De
514 1781 705 1818 historicis
722 1783 871 1831 graecis,
886 1782 951 1830 qui
976 1784 995 1818 J
1000 1795 1162 1820 oannem

58 1881 62 1887 ,
108 1840 212 1876 hunc
237 1840 355 1876 domo
372 1840 655 1876 Antiochenum
677 1841 788 1877 fuisse
817 1841 1020 1879 existimat.
1048 1858 1064 1874 »
1088 1845 1162 1880 VA-

109 1908 234 1935 mzsms
253 1899 301 1935 ad
318 1901 453 1948 Euagr.
472 1912 510 1948 p.
530 1911 618 1938 122.
635 1898 694 1939 Cf.
717 1899 770 1939 id.
785 1913 827 1949 p.
845 1900 911 1939 61.

162 1957 438 2006 Fragmentum
461 1958 717 1994 Historiarum
730 1986 741 2005 ‚
765 1970 860 2006 quas
881 1960 903 1995 J
906 1970 1047 1995 oannes
1067 1971 1162 1995 con-

110 2015 231 2064 didit,
256 2016 482 2052 clarissimus
498 2014 635 2052 Hasius
655 2029 675 2052 e
690 2018 824 2053 codice
837 2018 1021 2054 Vaticano
1042 2018 1164 2054 edidit

109 2073 159 2110 ad
191 2074 335 2110 calcem
366 2074 504 2111 Leonis
537 2075 702 2111 Diaconi
733 2074 744 2125 (
761 2076 880 2112 Paris.
915 2075 1016 2124 1819
1044 2076 1112 2112 fol.
1135 2076 1161 2125 ).

108 2133 217 2169 Idem
235 2134 275 2169 in
293 2133 398 2182 praef.
419 2146 459 2182 p.
480 2146 555 2170 x111
574 2146 632 2182 sq.
661 2134 708 2170 de
728 2134 864 2170 codice
881 2134 947 2171 illo
966 2135 1089 2183 deque
1102 2136 1164 2171 hi-

109 2193 252 2228 storico
272 2199 405 2228 nostro
426 2194 585 2242 exponit
609 2194 712 2229 hunc
739 2194 779 2229 in
801 2193 960 2230 modum
981 2207 989 2229 z
1017 2211 1033 2226 «
1066 2195 1163 2231 Fra-—

108 2258 303 2299 gmentum
330 2252 350 2287 J
355 2252 486 2288 oannis
505 2252 795 2301 Epiphaniensis
821 2254 948 2302 reperi
970 2254 1010 2288 in
1031 2253 1164 2290 codice

107 2312 291 2347 Vaticano
314 2310 435 2356 1056,
451 2319 647 2348 constante
675 2311 775 2348 foliis
799 2319 972 2358 centum,
994 2313 1104 2348 initio
1127 2319 1165 2348 et

108 2367 184 2405 fine
198 2370 332 2405 mutilo
344 2383 354 2414 3
366 2369 435 2406 ubi
454 2377 542 2419 post
558 2371 834 2419 Theophylacti
853 2371 1065 2407 Simocattae
1081 2371 1163 2407 dia-

109 2428 219 2477 logos
255 2430 311 2465 De
347 2429 620 2476 quaestionibus
652 2429 836 2477 physicis,
874 2430 1163 2466 Constantinum

109 2487 348 2535 Porphyrog.
361 2488 413 2523 De
425 2487 554 2532 them.‚
567 2487 800 2535 Procopium
810 2488 867 2522 De
881 2486 1062 2535 aedificiis,
1075 2489 1161 2533 alia,

107 2546 270 2582 habetur
290 2545 358 2583 fol.
386 2549 435 2593 94
465 2557 663 2581 vso—100
681 2558 748 2581 vso
773 2546 972 2581 exordium
997 2547 1163 2582 historiae

108 2606 286 2641 Joanneae
301 2632 312 2653 ‚
333 2605 559 2653 inscriptum
585 2615 594 2641 :
627 2601 813 2648 Ἰωάννου,
846 2603 1080 2653 σχολαστικοῧ
1104 2603 1163 2640 καὶ

112 2662 182 2700 ἀπὸ
203 2661 382 2714 ἐπάρχων,
401 2660 620 2714 Ἐπιφανέως
634 2690 644 2708 ,
663 2659 819 2713 περὶτῆς
837 2663 897 2698 τοῦ
908 2660 986 2699 νέου
1005 2661 1163 2713 Χοσρόου

109 2719 395 2772 προσχωρήσεως
422 2718 508 2771 πρὸς
537 2718 748 2771 Μαυρίκιον,
777 2717 835 2757 τὸν
855 2718 1043 2769 Ῥωμαίων
1060 2720 1163 2758 αὖτο-

110 2778 263 2831 κράτορα
275 2808 284 2825 ,
303 2780 463 2831 ἱστοριῶν
480 2777 585 2828 τόμος
600 2777 646 2817 α’.
664 2779 736 2816 Sed
751 2792 799 2815 ne
815 2780 846 2815 is
866 2779 1023 2828 quidem
1039 2787 1164 2816 tomus

109 2841 256 2888 integer
269 2840 317 2875 ad
338 2852 407 2874 1105
426 2840 620 2888 pervenit,
643 2838 824 2885 abjuncta
843 2839 1053 2887 omissaque
1078 2847 1164 2887 post

110 2898 176 2935 fol.
200 2909 271 2934 100
287 2899 450 2934 maxima
468 2905 577 2946 parte
591 2898 749 2934 codicis.
781 2919 834 2925 —
853 2900 913 2934 An
928 2910 1022 2946 opus
1038 2899 1162 2934 absol—

109 2957 207 2992 verit
219 2958 382 2992 Joannes
396 2957 602 3002 incertum;
625 2956 825 2992 absolvisse
857 2963 984 2993 tamen
1008 2957 1163 3005 colligas

111 3028 156 3051 ex
174 3016 391 3051 testimonio
419 3016 574 3064 Euagrii
600 3017 647 3053 H.
669 3017 713 3051 E.
740 3018 771 3053 V
789 3023 886 3052 extr.
914 3029 956 3065 p.
992 3020 1078 3062 142,
1104 3018 1160 3062 D;

110 3074 214 3110 unde
228 3080 344 3123 patet,
362 3081 451 3110 tunc
468 3086 586 3122 quum
598 3075 678 3110 haec
703 3075 889 3114 scriberet
904 3075 1086 3123 Euagrius
1106 3074 1159 3126 (o.

111 3145 173 3168 an.
198 3131 292 3182 593)
308 3160 318 3178 ‚
337 3133 538 3181 Agathiam
553 3140 590 3168 et
604 3134 791 3169 Ioannem
805 3145 885 3169 non
899 3132 1059 3169 edidisse
1078 3134 1161 3182 qui·

112 3192 198 3228 dem
217 3193 378 3240 scripta,
397 3190 597 3230 absolvisse
612 3199 750 3230 tamen.
768 3192 842 3228 Sed
889 3194 1103 3228 uantumvis
1122 3193 1162 3228 li-

112 3258 172 3286 cet
187 3250 351 3286 ediderit
363 3251 384 3286 J
388 3260 538 3295 oanneS,
557 3250 607 3286 ad
630 3252 765 3286 miram
784 3205 1017 3299 pau{itatem
1039 3249 1162 3300 redigi

111 3310 342 3358 exemplaria
357 3309 531 3346 Historiae
549 3309 625 3356 ejus
643 3322 793 3346 necesse
808 3309 879 3345 fuit
891 3338 900 3356 ,
916 3322 1035 3358 quum
1050 3309 1161 3346 effer-

111 3375 304 3404 vescentes
328 3369 367 3404 in
385 3369 513 3404 Asiam
530 3375 644 3416 atque
673 3376 912 3416 erumpentes
932 3366 1072 3404 Arabes
1098 3369 1162 3416 Sy-

112 3428 205 3462 riam
223 3440 373 3478 omnem
388 3427 671 3477 AEgyptumque
685 3428 796 3463 arinis
814 3434 1025 3474 tenuerunt,
1043 3427 1160 3463 literis

1227 847 1357 894 graecis
1385 859 1456 895 per
1484 848 1549 884 has
1574 856 1700 897 partes
1728 850 2268 903 obsolescentibus31iberque

1227 906 1247 940 J
1251 906 1384 941 oannis
1407 906 1504 942 adeo
1518 906 1600 953 jam
1617 916 1823 944 evanuerat
1843 910 1981 946 saeculo
2006 912 2082 948 XII
2097 912 2270 961 ineunte,

1227 970 1270 998 ut
1288 966 1397 1000 Anna
1413 965 1605 1003 Comnena
1619 993 1628 1011 ,
1651 979 1769 1014 quum
1794 967 2055 1016 praefationem
2079 971 2272 1008 Alexiadis

1227 1034 1393 1071 pangens
1411 1024 1458 1059 ab
1479 1025 1625 1060 Joanne
1649 1032 1781 1062 nostro
1816 1027 2031 1076 complures
2061 1028 2274 1067 locutiones

1229 1083 1445 1130 compilarit
1465 1082 1576 1131 (Vide
1593 1096 1676 1131 quae
1707 1083 1786 1121 dixi
1802 1086 1978 1134 Prolegg.
1999 1086 2048 1123 ad
2062 1088 2173 1125 Joan.
2198 1091 2275 1138 Ly-

1227 1133 1320 1169 dum
1336 1136 1394 1171 De
1419 1147 1544 1185 magg.
1564 1137 1614 1173 R.
1636 1149 1676 1185 p.
1695 1138 1824 1174 XVIII
1843 1146 1881 1174 et
1902 1139 2024 1175 Notit.
2053 1152 2141 1177 mss.
2172 1141 2271 1178 Bibl.

1227 1193 1322 1242 Reg.
1353 1195 1457 1240 VIII,
1477 1207 1518 1243 p.
1551 1194 1667 1244 261),
1687 1203 1846 1245 propter
1863 1198 2056 1234 raritatem
2086 1201 2276 1249 exempla-

1226 1252 1325 1287 rium
1335 1253 1356 1288 J
1359 1264 1593 1289 oanneorum
1613 1254 1807 1290 latiturum
1824 1255 1966 1292 furtum
1981 1257 2097 1305 ipsius
2109 1269 2276 1307 sperasse

1226 1310 1412 1348 videatur.
1426 1312 1600 1348 Historiae
1616 1319 1740 1349 autem
1760 1314 1812 1349 sic
1826 1314 2033 1363 deperditae
2051 1315 2276 1354 desiderium

1227 1382 1304 1418 quo
1318 1370 1553 1406 tolerabilius
1578 1370 1738 1407 seramus
1750 1399 1760 1416 ,
1778 1373 1830 1408 ita
1849 1380 2068 1421 reputemus
2082 1386 2275 1424 superesse

1227 1428 1332 1477 apud
1360 1429 1687 1478 Theophylactum
1717 1429 1963 1467 Simocattam
1973 1431 2038 1468 lib.
2063 1433 2114 1469 IV
2133 1440 2171 1469 et
2185 1433 2276 1470 Vde

1225 1487 1403 1524 Chosrois
1422 1487 1511 1536 fuga
1531 1495 1646 1536 atque
1664 1501 1735 1537 per
1749 1490 1906 1527 Narsem
1926 1491 1965 1525 in
1983 1502 2143 1539 regnum
2156 1491 2276 1528 redu-

1225 1547 1351 1582 ctione
1364 1547 1622 1582 narrationem
1642 1548 1851 1584 admodum
1881 1549 2101 1598 diligentem
2114 1576 2125 1595 ,
2147 1551 2275 1598 quales

1226 1605 1464 1641 oculatorum
1478 1607 1627 1642 testium
1644 1619 1721 1643 esse
1733 1608 1890 1643 soleant.
1917 1611 1972 1644 Ac
1988 1609 2059 1644 nisi
2076 1610 2203 1646 omnia
2211 1622 2272 1646 me

1224 1663 1369 1708 fallunt,
1383 1676 1631 1714 quaecumque
1643 1665 1758 1701 habet
1773 1666 1819 1702 de
1830 1667 2071 1715 expeditione
2081 1668 2146 1704 illa
2152 1669 2274 1705 Theo-

1222 1721 1441 1769 phylactus‚
1456 1722 1573 1759 habet
1594 1735 1640 1759 ex
1651 1725 1836 1772 scriptore
1856 1733 2008 1770 nostro,
2031 1733 2073 1762 ut
2089 1725 2186 1762 adeo
2205 1739 2274 1763 ve-

1224 1780 1280 1815 lut
1295 1787 1496 1829 excerptor
1511 1782 1645 1830 aliquis
1664 1783 1945 1831 praecipuorum
1963 1786 2132 1833 capitum
2145 1785 2275 1822 histo-

1223 1838 1288 1873 riae
1308 1839 1486 1875 Joanneae
1504 1841 1550 1876 sit
1575 1841 1781 1889 putandus,
1811 1842 1885 1878 Sed
1912 1843 2072 1892 turgidis
2099 1851 2136 1879 et
2168 1845 2275 1893 quasi

1225 1897 1406 1934 anhelatis
1422 1900 1571 1947 gravius
1590 1900 1716 1936 verbis
1739 1900 1839 1936 fudit
1856 1914 1938 1949 quae
1955 1902 2018 1938 vix
2037 1903 2190 1951 triginta
2205 1916 2274 1940 an-

1224 1955 1282 1990 nis
1296 1963 1381 1991 ante
1403 1957 1500 2002 (tam
1519 1958 1643 1994 subita
1657 1958 1729 1994 fuit
1747 1959 1941 1995 literarum
1964 1961 2005 1996 in
2032 1961 2123 2009 imp.
2140 1962 2275 1999 Orien-

1226 2014 1290 2049 tali
1309 2015 1445 2050 saeculo
1465 2017 1533 2052 VII
1558 2017 1708 2052 ineunte
1733 2017 1862 2066 ruina)
1883 2026 2136 2067 congruenter
2154 2031 2275 2069 expo-

1225 2079 1347 2109 suerat
1360 2073 1381 2108 J
1384 2084 1537 2109 oannes.
1552 2076 1587 2110 Is
1598 2075 1698 2111 e'nim
1710 2075 1750 2110 in
1767 2076 1825 2111 his
1839 2084 1940 2112 certe
1951 2089 2033 2125 quae
2042 2090 2143 2114 nunc
2155 2078 2276 2127 prod·

1225 2136 1337 2175 eunt,
1368 2131 1580 2168 studiosum
1605 2145 1643 2169 se
1676 2134 1840 2170 ostendit
1871 2135 2050 2172 dictionis
2080 2136 2275 2185 Thucydi-

1227 2187 1304 2224 deae
1315 2216 1323 2233 ,
1346 2202 1416 2225 nec
1436 2190 1513 2226 fere
1535 2192 1657 2227 utitur
1671 2193 1796 2228 verbis
1814 2195 2037 2230 senescentis
2051 2195 2270 2243 graecitatis,

1225 2248 1254 2282 si
1274 2255 1400 2284 tamen
1413 2251 1555 2298 excipis
1572 2249 1713 2301 χρόνους
1725 2264 1798 2300 pro
1814 2249 1888 2298 ἔτη.
1910 2254 1968 2289 De
1987 2253 2068 2301 ipso
2085 2265 2199 2301 quem
2213 2254 2276 2289 alii

1227 2319 1312 2341 cum
1324 2308 1345 2342 J
1349 2319 1471 2344 oanne
1485 2309 1641 2355 Malala,
1661 2310 1726 2345 alii
1747 2323 1832 2346 cum
1842 2311 1916 2346 alio
1933 2312 2081 2347 Joanne
2091 2311 2274 2348 confude-

1225 2372 1338 2410 runt,
1358 2379 1395 2403 v.
1412 2367 1460 2402 H.
1482 2368 1647 2403 Valesius
1660 2368 1710 2404 ad
1725 2370 1865 2417 Euagr.
1886 2382 1926 2418 p.
1957 2381 2043 2415 122,
2069 2370 2112 2407 Β.
2137 2369 2274 2407 Fabri·

1227 2424 1306 2459 cius
1321 2436 1406 2460 eum
1423 2427 1612 2462 Ioannem
1632 2428 1913 2464 Antiochenam
1928 2431 2042 2466 vocat
2059 2429 2101 2465 B.
2119 2429 2185 2467 Gr.
2207 2429 2273 2475 VI,

1224 2494 1265 2530 p.
1297 2482 1373 2519 686
1401 2485 1504 2520 Harl.
1536 2487 1701 2522 Joannes
1731 2487 1953 2532 historicus,
1973 2486 2021 2523 de
2049 2499 2126 2534 quo
2147 2486 2275 2523 'codex

1226 2541 1428 2588 Lipsiensis
1451 2544 1596 2580 Genesii
1624 2544 1796 2592 (Fabric.
1831 2547 1872 2583 B.
1899 2546 1965 2585 Gr.
1996 2547 2064 2590 VI,
2093 2558 2136 2594 p.
2176 2544 2271 2589 6223

1225 2601 1320 2648 VII,
1350 2600 1464 2652 532),
1490 2604 1677 2651 siquidem
1705 2606 1945 2641 Diocaesareae
1964 2605 2162 2654 presbyter
2183 2605 2272 2650 fuit,

1226 2659 1321 2694 alius
1337 2660 1490 2697 videtur
1522 2675 1564 2698 ac
1577 2670 1719 2699 noster.
1748 2663 1863 2710 Cujus
1877 2665 1924 2700 de
1939 2665 2015 2700 vita
2034 2665 2128 2700 nihil
2140 2671 2274 2699 notum

1226 2729 1302 2753 esse
1323 2720 1498 2755 existimo
1508 2728 1646 2769 praeter
1666 2734 1709 2758 ea
1727 2735 1810 2770 quae
1825 2724 1904 2772 ipse
1921 2724 2077 2773 exponit
2095 2724 2135 2758 in
2150 2723 2274 2772 operis

1226 2776 1386 2813 exordio
1401 2791 1442 2827 p.
1464 2791 1478 2814 1
1490 2791 1557 2825 72,
1579 2780 1621 2817 B.
1636 2796 1651 2812 »

1179 3495 1232 3522 272
