2314 3756
976 142 1304 184 FRAGMENTA.
2172 154 2218 187 17
2244 163 2246 165 ’

75 235 230 289 μουντων
249 237 409 288 ἡγεῖσθαι
431 233 491 273 καὶ
507 232 668 284 νομίζειν,
686 230 815 270 οἰκείαν
835 230 870 269 δὲ
884 229 946 277 τὴν
963 232 1031 268 τῶν
1047 246 1113 268 πα-

14 342 18 350 ,
47 305 55 313 ’
75 294 384 350 ρακεχωρηκότων.

125 354 211 394 “On
227 353 338 391 εἰώθει
353 351 542 394 Ἰουλιανὸς
562 349 675 402 ἀρχὴν
689 349 803 398 νίκης,
830 350 868 388 οὐ
885 347 1040 399 πολέμου
1057 347 1113 385 τί-

74 414 206 451 θεσθαι.

11 491 19 516 ,ς
125 474 182 508 De
199 470 436 519 expeditione
464 469 603 513 Juliani
619 476 752 505 contra
771 469 982 504 Chamavos
1000 473 1037 502 ct
1053 467 1114 502 Sa-

0 527 33 568 ,ἒξ
73 531 146 568 lios
165 529 176 580 (
193 529 266 566 358
287 542 327 577 p.
348 529 411 576 C.)
430 528 518 564 vide
537 529 727 564 Zosimum
751 529 810 562 III
824 555 834 571 ,
854 527 897 571 6,
922 526 989 561 ubi
1017 526 1115 561 inter

18 583 20 585 ‚
75 591 148 626 alia
168 603 176 625 :
197 586 377 638 Ἀντεπῄει
397 585 459 636 μὲν
483 588 553 629 τοῖς
574 584 722 627 Κυοίδοις
746 584 855 636 (deb.
887 582 1113 634 Χαμοίὸοις)·

73 651 258 699 παρεγγυᾷ
279 645 314 682 δὲ
334 647 382 697 τῷ
395 646 554 697 στρατῷ,
576 644 706 687 τούτοις
724 642 785 691 μὲν
813 640 904 680 κατὰ
924 641 962 679 τὸ
988 657 1111 692 κρατε-

76 703 132 757 ρὸν
165 702 419 756 διαμάχεσθαι,
449 701 589 740 Σαλίων
620 701 655 738 δὲ
679 699 811 750 μηδένα
838 699 982 738 κτείνειν
1002 699 1024 745 ἢ
1045 715 1113 736 κω-

73 762 165 802 λύειν
180 761 236 801 ἒπὶ
256 762 300 800 τὰ
330 760 518 811 Ῥωμαίων
538 759 615 813 ὅρια
647 758 837 797 διαὸαίνειν
869 760 945 797 κτλ.
979 760 1115 796 Paucis

73 824 152 860 haec
190 822 351 859 absolvit
386 821 577 859 Ammian.
616 821 744 865 XVII,
782 819 819 857 8.
861 819 918 858 Cf.
968 819 1111 856 Julian.

74 882 177 919 Orat.
196 883 228 918 I.

572 1001 623 1047 tl.

128 1109 229 1146 Ibid.
250 1121 290 1158 p.
311 1106 413 1154 257:
427 1107 560 1145 Τοῦτον
580 1103 764 1155 δεξάμενος
780 1103 954 1156 ἑταῖρον
938 1104 992 1155 eq?
1004 1104 1116 1141 ἑαυτΓ)

77 1166 326 1216 συνιστάμενον
345 1159 454 1217 εἶχεν·
472 1157 532 1202 εἶτ’
550 1163 653 1207 ἄλλος
665 1162 830 1215 προσῄει,
849 1178 910 1200 και
923 1156 1084 1210 πληθος
1062 1177 1115 1209 ην·

78 1225 139 1263 καὶ
157 1225 314 1277 καθάπερ
334 1225 364 1262 οἱ
389 1222 620 1275 Πυθαγόρειοί
640 1237 785 1274 φασι,μ
761 1221 907 1266 ονάδος
933 1238 990 1260 επι
1005 1220 1114 1259 δυάδα

76 1283 270 1331 κινηθείσης
279 1281 393 1321 οὐκέτι
411 1281 475 1329 τὴν
495 1284 563 1319 τῶν
574 1282 728 1334 ἀριθμῶν
743 1283 885 1331 ἠρεμεῖν
897 1279 1010 1332 φύσιν,
1026 1278 1117 1317 ἀλλὰ

77 1343 274 1394 διαχεῖσθαι
291 1340 350 1380 καὶ
371 1343 443 1393 ῥεῖν
463 1342 496 1383 ἐς
514 1339 624 1386 πολὺ,
654 1338 765 1387 οὕτω,
779 1338 1006 1390 Χαριέττονος
1025 1340 1116 1390 Κερ-

76 1401 185 1439 κίωνα
207 1398 465 1452 προσλαὸόντος
478 1428 488 1448 ,
513 1398 552 1435 αἵ
568 1414 605 1436 τε
622 1397 763 1448 πράξεις
794 1397 850 1435 ἐπὶ
867 1396 955 1435 πολὺ
977 1397 1116 1448 προῄε-

76 1474 156 1508 σαν,
186 1458 246 1496 καὶ
282 1461 301 1496 ὁ
317 1460 384 1495 τῶν
405 1455 664 1506 συνισταμένων
695 1455 796 1507 ὄχλος
828 1455 996 1506 ἀνάλογον
1028 1457 1118 1501 ἠκο-

75 1513 187 1556 λοῦθει
202 1517 276 1560 ταῖς
287 1515 461 1568 πράξεσιν.

134 1593 149 1610 «
182 1577 396 1625 Abruptam
418 1575 529 1624 ponit
554 1574 883 1611 Constantinianus
909 1573 1118 1622 eclogarius

74 1637 332 1672 narrationem
353 1634 401 1670 de
423 1634 684 1678 Chariettone,
703 1644 819 1680 quam
849 1633 1020 1668 Zosimus
1039 1634 1116 1680 111,

28 1703 34 1708 ·
79 1709 116 1741 7,
137 1696 322 1742 integram
338 1693 482 1738 scribit,
495 1693 711 1740 Eunapium
727 1692 806 1726 sine
822 1691 942 1727 dnbio
959 1699 1118 1737 sectans,

19 1775 28 1780 -
76 1753 141 1790 sed
165 1761 291 1788 tamen
301 1753 382 1787 aliis
402 1751 526 1787 verbis
545 1755 668 1787 utens.
691 1751 845 1786 Summa
859 1750 914 1786 rei
939 1757 994 1785 est
1011 1751 1090 1786 haec
1108 1763 1116 1786 ε

76 1812 267 1848 charietto
295 1810 443 1854 Gallus,
466 1821 604 1857 magna
623 1809 681 1844 vir
710 1808 890 1857 praeditus
908 1808 1068 1844 audacia
1084 1815 1121 1844 et

76 1870 219 1905 viribus
233 1896 243 1914 ,
273 1881 392 1916 quum
406 1875 492 1904 ante
520 1868 662 1903 Juliani
682 1868 721 1902 in
740 1868 900 1904 Galliam
917 1867 1120 1903 adventum

77 1926 248 1964 adflictas
267 1927 492 1975 Quadorum
517 1926 798 1962 incursionibus
816 1927 927 1962 urbes
948 1926 1118 1971 videret,

77 1987 279 2035 adsumpto
299 1986 371 2022 sibi
385 1986 578 2021 latronum
596 1986 798 2029 comitatu,
820 1986 1019 2021 nocturnis
1034 1986 1121 2021 insi-

78 2045 149 2081 diis
166 2044 360 2081 trucidare
391 2044 546 2091 Quados
576 2045 715 2092 coepit3
750 2056 865 2091 quam
883 2056 964 2080 rem
989 2052 1123 2093 postea

78 2102 346 2152 superveniens
371 2104 542 2138 Julianus
573 2103 862 2147 ratam¹habuit‚
889 2110 926 2138 et
954 2103 1123 2139 Chariet-

80 2170 210 2198 tonem
225 2163 452 2198 auctoritate
469 2173 538 2196 sua
551 2168 665 2208 atque
676 2161 823 2197 auxiliis
835 2161 1085 2197 confirmavit.
1103 2177 1118 2195 »

79 2222 169 2258 MAI.
183 2242 234 2247 -—
246 2217 443 2270 Κερκίωνα]
462 2235 477 2251 τι
491 2221 620 2267 Tropo
638 2220 806 2266 quodam
822 2226 944 2264 utens,
961 2220 1048 2255 loco
1066 2221 1125 2255 la-

79 2287 233 2316 tronum
252 2279 527 2328 gallicanorum
549 2278 662 2328 ponit
693 2279 914 2314 Cercionem
937 2277 1124 2328 [Cercyo-

83 2351 168 2374 nem
179 2337 211 2388 ],
229 2339 416 2374 famosum
432 2339 539 2374 illum
565 2338 698 2374 Atticae
714 2344 964 2386 grassatorem
977 2364 986 2382 ,
1012 2349 1125 2384 quem

80 2398 242 2434 Theseus
259 2398 458 2434 interfecit.
481 2400 606 2445 Atque
625 2397 705 2433 haec
726 2405 780 2433 est
800 2397 962 2447 Eunapii
975 2423 985 2442 ,
1011 2409 1124 2445 quam

82 2506 234 2539 hosticam
253 2507 432 2546 crederent,
445 2507 537 2547 cuius
549 2507 662 2539 incolae
672 2507 770 2539 armis
785 2508 984 2547 resisterent;
1002 2517 1126 2539 verum·

80 2561 188 2590 tamen
206 2558 291 2590 illam
309 2558 445 2599 propriae
458 2558 556 2590 instar
572 2558 744 2599 haberent,
757 2567 830 2599 quae
841 2560 908 2600 jam
927 2559 976 2591 sui
989 2559 1127 2592 deditio-

82 2618 155 2642 nem
167 2610 303 2642 fecisset.

122 2661 271 2694 Julianus
283 2669 348 2692 non
363 2669 514 2702 pugnam,
531 2660 585 2694 sed
602 2661 768 2694 victoriam
781 2661 920 2694 exordiri
937 2661 1070 2694 solebat.

580 2717 595 2749 1
606 2717 636 2749 1.

125 2773 218 2803 Hunc
235 2771 246 2810 (
262 2771 544 2812 Chariettonem)
571 2772 604 2803 in
625 2771 827 2804 sodalitatem
848 2774 1010 2812 receptum
1039 2772 1129 2804 lateri

84 2831 142 2855 suo
157 2822 374 2865 adhaerentem
387 2823 527 2855 habebat
543 2833 551 2854 :
572 2825 643 2855 tum
659 2824 740 2855 alius
761 2823 952 2862 accedebat,
971 2824 1130 2864 fiebatque

84 2883 248 2907 numerus.
291 2876 330 2906 Et
345 2875 616 2915 quemadmodum
637 2876 821 2916 Pythagorei
836 2876 926 2907 aiunt
939 2876 1107 2907 monadem
1121 2899 1129 2914 ,

85 2926 111 2958 si
129 2926 170 2957 ad
185 2925 322 2966 dyadem
339 2926 518 2966 adjiciatur,
536 2926 621 2958 haud
635 2926 701 2966 Jam
718 2927 853 2959 retinere
871 2927 1022 2959 solitariae
1045 2928 1130 2959 notae

86 2977 260 3017 rationem,
281 2977 336 3009 sed
359 2977 495 3010 diffundi
523 2979 619 3018 atque
635 2978 667 3009 in
683 2979 839 3019 pluralem
864 2987 1035 3010 numerum
1060 2987 1129 3010 cre·

86 3039 195 3070 scere3
222 3030 266 3062 ita
294 3032 463 3071 postquam
490 3031 654 3063 Charietto
668 3031 855 3062 Cercionem
880 3031 940 3063 sibi
964 3031 1129 3070 adjunxit,

87 3082 178 3121 plura
194 3083 259 3121 jam
277 3082 418 3113 facinora
432 3082 620 3122 edebantur,
635 3082 743 3122 etjam
763 3083 922 3114 sociorum
944 3083 1039 3114 turba
1055 3091 1129 3123 pro·

88 3134 157 3173 pter
171 3133 294 3164 felicem
310 3133 466 3165 sactorum
480 3142 663 3165 successum
677 3133 881 3173 sequebatur.

130 3184 292 3216 Charietto
305 3184 413 3224 igitur,
429 3194 528 3225 quum
540 3186 571 3217 et
581 3186 655 3216 ante
666 3185 715 3216 vir
725 3185 830 3216 clarus
848 3186 929 3217 esset
947 3186 979 3217 et
992 3185 1132 3217 invictus

90 3237 122 3267 et
144 3235 256 3276 insigni
276 3244 384 3268 rerum
400 3237 607 3276 gerendarum
620 3236 752 3267 audacia
765 3236 843 3268 alios
855 3238 1006 3275 terreret,
1023 3245 1132 3268 omnes

90 3296 109 3318 a
125 3287 343 3319 latrocinando
359 3288 558 3328 prohibebat.

132 3339 307 3372 Videbatur
323 3342 406 3372 enim
429 3342 439 3381 (
458 3341 633 3373 elzarzetto
649 3341 660 3382 )
681 3344 712 3373 et
725 3350 858 3381 corpore
875 3342 1007 3382 gigantis
1020 3351 1089 3374 esse
1102 3344 1133 3374 ct

225 3405 413 3428 rasennam
434 3406 555 3429 msron.
578 3406 631 3428 cn.
652 3415 685 3419 -
701 3406 769 3429 vot.
792 3407 834 3429 iv.

767 3467 780 3477 ι

1173 233 1328 268 Photius
1354 232 1441 269 cod.
1474 244 1519 277 77
1555 232 1828 278 admirabatur,
1854 231 2043 279 ἀστειότης.
2080 252 2095 267 »
2129 237 2219 274 Mn.

1175 291 1319 327 Dubito
1335 303 1382 326 an
1399 298 1475 326 tarn
1497 291 1632 326 insulse
1654 291 1714 326 vel
1731 292 1923 338 Eunapius
1938 293 2081 331 luserit.

1228 349 1362 385 Suidas
1381 361 1389 386 :
1407 347 1441 385 Ἀ
1454 363 1470 384 ν
1483 351 1608 398 εἶχεν
1621 377 1631 395 ,
1646 347 1789 386 ἐκώλυε.
1815 365 1830 382 α
1860 348 2065 399 Χαριέττων
2085 349 2146 401 μὲν
2161 344 2219 389 οὖν

1175 405 1235 443 καὶ
1254 405 1321 458 πρὸ
1342 406 1464 444 τούτου
1491 403 1636 458 φανερός
1657 420 1706 448 τις
1734 403 1781 442 ὢν
1809 405 1869 442 καὶ
1899 406 2140 451 ἀνυπόστατος
2169 409 2220 460 τῷ

1176 480 1212 502 τε
1237 464 1461 508 πλεονάζοντι
1489 467 1550 501 τοῦ
1581 462 1788 516 δραστηρίου
1826 463 1958 516 φοὸῶν,
1989 465 2124 516 ἀνεῖχεν
2152 467 2222 504 ἀπὸ

1176 522 1339 572 λῃστείας
1390 521 1561 565 ἅπαντας.
1603 540 1619 556 ν
1666 524 1842 572 Eunapio
1888 524 1967 559 haec
2013 525 2221 561 vindicavit

1175 583 1342 619 Valesius
1359 582 1408 618 ad
1430 583 1617 619 Ammian.
1635 582 1773 627 XXII,
1801 595 1814 616 1
1828 595 1859 620 1.
1877 583 1930 619 Cf.
1956 583 2126 618 Zosimus
2140 585 2219 628 111,

1179 654 1214 686 7,
1238 646 1274 684 4.

1230 701 1336 736 Idem
1350 713 1385 737 v,
1403 701 1432 738 Γ
1444 697 1686 749 ιγαντώδης
1703 712 1711 737 :
1727 715 1740 731 α
1756 697 1894 737 Ἐδόκει
1910 697 1976 750 γὰρ
1993 698 2031 736 τὸ
2048 701 2150 748 σῶμα
2165 715 2218 749 γι-

1176 756 1355 807 γαντώδης
1373 751 1460 795 εἶναι
1482 757 1540 794 καὶ
1563 755 1619 794 τὸν
1642 755 1748 807 θυμὸν
1772 756 1965 807 θηριώδης,
1989 756 2048 794 καὶ
2070 758 2103 800 ἐς
2121 756 2224 808 ἀγχί-

1178 830 1272 853 νοιαν
1308 818 1376 853 τῶν
1411 814 1715 866 συλλῃστευόντων
1755 815 1921 853 ἁπάντων
1952 815 2225 853 πολυπλοκώτε-

1179 888 1247 926 ρος.
1265 877 1378 912 »Haec
1396 888 1442 912 ex
1459 875 1595 912 eodem
1612 875 1716 911 fonte
1731 866 1844 911 ducta
1860 888 1938 911 esse
1951 883 2076 911 censet
2092 875 2225 923 Majus,

1178 935 1318 970 collato
1356 936 1506 971 Zosimo
1535 935 1591 970 III
1605 961 1616 980 ,
1640 946 1675 980 7,
1699 946 1714 970 1
1730 961 1740 980 ,
1771 935 1837 982 qui
1869 934 1917 970 de
1942 933 2185 971 Chariettone
2216 947 2223 970 :

1179 991 1280 1044 Ἀνήρ
1294 1008 1345 1035 τις
1360 986 1417 1039 ἧν,
1435 991 1575 1042 μέγεθος
1591 990 1755 1040 σώματος
1773 990 1859 1043 ὑπὲρ
1874 990 1952 1034 τοὺς
1967 990 2090 1034 ἄλλους
2111 990 2226 1028 ἅπαν·

1177 1067 1239 1095 τας
1256 1050 1362 1104 ἔχων,
1380 1052 1440 1089 καὶ
1458 1050 1520 1097 τὴν
1542 1049 1701 1102 ἀνδρείαν
1719 1049 1888 1101 ἀνάλογον
1909 1053 1958 1102 τῷ
1983 1048 2136 1100 σώματι.

1672 1160 1744 1200 ια]

1233 1284 1325 1319 Exc.
1348 1285 1404 1319 De
1421 1283 1532 1331 legat.
1554 1295 1594 1331 p.
1619 1281 1663 1318 15
1683 1283 1726 1320 P.
1747 1281 1805 1330 (11
1826 1280 1892 1330 V.)
1919 1294 1927 1316 :
1949 1278 2035 1318 ‘'Ov-
2055 1282 2114 1317 τοῦ
2136 1278 2229 1318 Ἴου,

1180 1342 1300 1379 λιανοῧ
1322 1342 1354 1384 ἐς
1373 1340 1435 1387 τὴν
1452 1339 1623 1390 πολεμίαν
1643 1342 1859 1392 χωροῦντος,
1878 1338 1937 1377 καὶ
1955 1341 2024 1376 τῶν
2041 1338 2228 1388 Χαμάὲων

1179 1398 1401 1437 ἱκετευόντων
1424 1399 1600 1451 φείδεσθαι
1627 1397 1688 1435 καὶ
1707 1397 1836 1443 ταύτης
1855 1399 1901 1440 ὡς
1930 1397 2078 1447 οἰκείας,
2099 1399 2116 1434 ὁ
2137 1397 2231 1435 Ἰου-

1180 1458 1295 1501 λιανὸς
1327 1457 1539 1509 συνεχώρει,
1570 1456 1630 1495 καὶ
1657 1456 1715 1494 τὸν
1748 1457 1896 1508 βασιλέα
1928 1458 2023 1508 σφῶν
2051 1457 2230 1516 προελθεῖν

1181 1516 1368 1563 κελευσας,
1401 1515 1519 1562 ἐπειδὴ
1550 1516 1702 1567 προῆλθε
1731 1514 1791 1552 καὶ
1823 1514 1883 1552 ἐπὶ
1914 1517 1975 1559 τ’ῆς
2003 1513 2109 1566 ὄχθης
2140 1507 2230 1552 εἶδεν

1181 1574 1363 1621 ἑστηκότα,
1374 1573 1497 1618 ἐπιὸας
1509 1573 1631 1611 πλοιου
1643 1573 1695 1623 (το
1704 1574 1824 1611 πλοῖον
1842 1576 1899 1610 οὐν
1910 1571 1999 1624 ἔχων
2014 1575 2076 1623 (ἠν
2097 1572 2230 1625 ἐκτὸς.)

1181 1632 1432 1684 τοξεύματος),
1453 1631 1606 1684 ἑρμηνέα
1627 1631 1718 1684 ἔχων
1739 1631 1911 1683 διελέγετο
1932 1637 2003 1674 τοῖς
2023 1630 2228 1683 βαρῧοίροις.

1181 1692 1353 1732 Ἓκείνων
1372 1692 1407 1730 δὲ
1425 1691 1538 1729 πάντα
1553 1697 1663 1730 ποιεῖν
1676 1690 1782 1730 ὄντων
1801 1691 1963 1742 ἑτοίμων,
1977 1693 2064 1742 ὁρῶν
2080 1690 2234 1742 εὐπρόσ-

1181 1749 1276 1788 ωπόν
1295 1766 1332 1788 τε
1355 1749 1431 1800 ἅμα
1459 1750 1518 1788 καὶ
1545 1749 1739 1800 ἀναγκαίαν
1767 1751 1861 1800 αὑτῷ
1888 1752 1951 1795 τὴν
1973 1748 2112 1800 εἰρήνην
2134 1748 2235 1802 (Χα-

1183 1808 1306 1858 μάὸων
1340 1807 1408 1860 γὰρ
1439 1806 1488 1859 μὴ
1525 1808 1745 1860 βουλομένων
1773 1807 1941 1845 ἀδύνατόν
1972 1807 2045 1844 ἐστι
2074 1805 2136 1853 τὴν
2169 1809 2233 1852 τῆς

1183 1869 1418 1919 Βρεττανικῆς
1430 1867 1536 1912 νήσου
1548 1866 1785 1917 σιτοπομπίαν
1801 1866 1857 1904 ἐπὶ
1868 1865 1911 1904 τὰ
1924 1865 2114 1915 Ῥωμαϊκὰ
2129 1863 2235 1918 φρού-

1191 1941 1246 1978 ρια
1268 1923 1570 1977 διαπέμπεσθαι),
1586 1924 1830 1975 καμπτόμενος
1844 1924 1909 1962 ὑπὸ
1923 1927 1984 1970 τ’ῆς
1998 1923 2119 1995 χρείας
2133 1922 2236 1975 χαρί-

1184 1987 1277 2030 ζεται
1297 1983 1357 2030 τὴν
1379 1984 1532 2036 εἰρήνην,
1547 1983 1608 2022 καὶ
1625 1984 1742 2036 ὅμηρα
1761 1984 1837 2035 ᾔτει
1857 1983 1960 2021 λαὸε
1931 1999 1978 2020 ειν
1996 1983 2146 2025 πίστεως
2162 1980 2234 2019 ἕνε-

1184 2060 1256 2082 κεν.
1313 2046 1396 2082 Ἰῶν
1427 2043 1464 2081 δὲ
1492 2042 1630 2086 ἱκανους
1660 2047 1748 2080 εἶναι
1772 2041 2018 2094 αἰχμαλώτους
2049 2041 2232 2092 λεγόντων,

1186 2101 1367 2145 ἐκείνους
1349 2118 1412 2154 εφη
1441 2101 1499 2139 τὸν
1519 2101 1616 2140 πόλε
1610 2117 1673 2151 μον
1694 2102 1788 2139 mur&
1808 2100 2015 2147 δεδωκέναι,
2042 2099 2118 2138 καθ’
2145 2102 2234 2150 ὁμο-

1184 2160 1304 2211 λογίαν
1321 2160 1388 2213 γὰρ
1410 2159 1458 2208 μὴ
1481 2161 1599 2198 λαὸεῖν
1614 2176 1622 2184 ·
1643 2159 1714 2197 νυνὶ
1734 2160 1771 2198 δε
1792 2162 1904 2205 ζητεῖν
1924 2159 2007 2211 παρ’
2029 2161 2141 2197 αὐτῶν
2157 2157 2235 2201 τοὺς

1188 2219 1369 2271 ἀρίστους,
1392 2220 1421 2256 εἰ
1440 2218 1488 2269 μὴ
1506 2218 1712 2270 τεχνάζουσι
1730 2219 1810 2271 περὶ
1830 2218 1893 2265 τὴν
1916 2218 2069 2269 εἰρήνην.
2092 2220 2175 2256 Τῶν
2198 2216 2235 2254 δὲ

1187 2278 1413 2316 ἱκετευόντων
1432 2277 1492 2316 καὶ
1514 2277 1700 2322 ἀξιούντων
1722 2278 1829 2315 εἰπεῖν
1847 2276 1903 2320 οὒς
1924 2276 2105 2329 βούλεται,
2124 2290 2237 2325 μετα-

1188 2336 1308 2375 λαὸὼν
1324 2330 1420 2380 αὖθις
1436 2336 1495 2374 τὸν
1511 2340 1569 2374 τοῦ
1597 2335 1767 2388 βασιλέως
1787 2337 1900 2373 αὐτῶν
1929 2337 2077 2373 αἰτεῖται
2105 2334 2215 2372 παῖδα
2227 2363 2236 2380 ,

1189 2394 1446 2445 πλαττόμενος,
1465 2393 1502 2432 ὃν
1523 2388 1615 2446 εἶχεν
1636 2393 1878 2446 αἰχμάλωτον,
1906 2391 2026 2445 ὥσπερ
2046 2393 2110 2432 οὐκ
2131 2391 2236 2444 ἔχων.

1187 2508 1295 2539 animo
1309 2508 1409 2540 serino
1419 2511 1450 2540 et
1461 2507 1575 2548 ingenii
1586 2506 1734 2539 acumine
1745 2509 1778 2539 et
1787 2506 1863 2538 dolo
1871 2514 1983 2538 omnes
1995 2505 2236 2537 latrociniorum

1188 2568 1322 2591 suorum
1335 2560 1438 2592 socios
1455 2560 1548 2600 longe
1564 2568 1723 2600 superare.

1691 2614 1746 2646 12.

1231 2673 1338 2708 Quum
1352 2670 1500 2702 Julianus
1512 2669 1545 2700 in
1558 2670 1676 2701 terram
1689 2668 1836 2699 hostilem
1850 2667 2028 2707 irrupisset,
2043 2667 2075 2698 et
2086 2665 2240 2697 Chamavi

1189 2722 1420 2762 supplicarent,
1434 2723 1471 2753 ut
1494 2721 1599 2762 genti,
1616 2724 1771 2760 tanquam
1791 2728 1865 2760 quae
1891 2728 1948 2751 sua
1964 2720 2058 2758 esset,
2077 2719 2240 2759 parceret,

1189 2781 1334 2805 assensus
1350 2775 1398 2805 est
1409 2798 1417 2813 ,
1435 2774 1467 2804 et
1480 2781 1716 2815 eorungregem
1730 2771 1769 2802 ad
1786 2780 1818 2803 se
1834 2771 1942 2804 venire
1953 2770 2057 2811 jussit.
2075 2771 2117 2802 Ut
2135 2769 2235 2807 veuit,

1189 2827 1221 2857 et
1243 2835 1317 2858 eum
1335 2826 1375 2857 ad
1392 2827 1492 2866 ripam
1506 2827 1644 2858 stantem
1666 2825 1761 2864 vidit,
1788 2832 1904 2855 navem
1928 2822 2124 2854 adscendens
2149 2821 2241 2859 (erat

1190 2879 1299 2909 autem
1316 2878 1407 2910 navis
1426 2878 1516 2909 extra
1529 2877 1582 2909 teli
1594 2877 1716 2917 jactum
1731 2877 1760 2917 )‚
1784 2885 1839 2916 per
1851 2875 2059 2915 interpretem
2080 2882 2155 2904 cum
2173 2872 2243 2903 bar-

1190 2929 1275 2961 baris
1282 2929 1440 2960 disseruit.
1457 2931 1566 2966 Quum
1583 2937 1662 2959 vero
1676 2928 1720 2959 illi
1730 2926 1828 2968 parati
1841 2928 1945 2958 essent
1958 2926 2116 2965 imperata
2127 2924 2242 2962 facere,

1190 2982 1222 3012 et
1238 2980 1360 3012 videret
1379 2988 1490 3021 pacem
1512 2981 1784 3020 peropportunam
1800 2987 1867 3010 esse
1879 2980 1912 3009 et
1928 2976 2136 3009 necessariam
2156 2975 2242 3014 (ete-

1190 3032 1257 3063 nim
1272 3031 1445 3063 Chamavis
1461 3031 1588 3070 invitis,
1605 3040 1623 3063 e
1639 3030 1803 3063 Britannia
1816 3029 1920 3061 insula
1937 3028 2089 3060 Romanis
2110 3026 2243 3058 coloniis

1191 3085 1389 3114 commeatus
1409 3082 1540 3115 immitti
1565 3082 1770 3122 nequeunt),
1785 3082 1923 3112 utilitate
1940 3079 2115 3118 adductus,
2132 3086 2243 3118 pacem

1192 3134 1334 3172 indulsit,
1352 3136 1384 3166 et
1397 3134 1469 3166 fidei
1488 3133 1651 3165 firmandae
1672 3133 1771 3173 gratia
1787 3132 1913 3164 obsides
1926 3132 2027 3172 petiit.
2072 3132 2179 3166 Quum
2194 3128 2243 3159 di-

1192 3187 1301 3218 cerent
1322 3186 1452 3218 idoneos
1473 3194 1541 3218 esse
1559 3194 1614 3217 eos
1629 3185 1684 3225 qui
1710 3185 1742 3216 in
1764 3184 1849 3215 bello
1868 3183 1953 3224 capti
1969 3180 2250 3221 essent,110s1›el-

1193 3238 1260 3270 lum
1273 3238 1354 3270 dixit
1367 3238 1427 3270 sibi
1440 3238 1617 3277 tradidisse,
1626 3246 1668 3269 ex
1681 3237 1799 3269 foedere
1810 3236 1942 3267 minime
1955 3234 2144 3275 sumpsisse;
2157 3240 2243 3264 nunc

1194 3291 1302 3322 autem
1327 3290 1499 3322 nobiliores
1514 3289 1694 3330 postulare,
1718 3288 1778 3319 nisi
1794 3287 1870 3328 quid
1884 3287 1948 3319 doli
1966 3287 1997 3317 in
2019 3294 2096 3326 pace
2125 3291 2243 3315 conve-

1195 3341 1310 3386 nienda
1335 3341 1562 3383 excogitarent.
1609 3343 1717 3379 Quum
1738 3340 1899 3380 supplices
1919 3339 2047 3370 orarent
2066 3337 2163 3376 atque
2183 3334 2241 3365 ob-

2086 3396 2102 3421 2
