2372 3704
169 259 244 293 538

165 342 498 390 transcripserunt,
528 340 619 378 dum
638 342 718 390 ipse
738 341 853 377 duces
879 339 1083 390 profitetur
1108 341 1208 377 Afri-

163 413 320 447 canum,
338 401 542 437 Eusebium
553 431 562 446 ,
578 401 733 449 Papiam
745 428 754 446 ,
771 400 979 448 Didymum
992 427 1002 445 ,
1033 401 1130 445 alios·
1149 399 1205 449 (v.

163 460 209 498 fr.
231 458 293 509 2).
311 480 365 487 —
386 458 430 495 In
451 461 624 496 Romana
650 460 809 494 historia
827 460 993 507 primum
1015 460 1210 506 exscripsit

161 519 321 555 Dionem
339 518 508 557 Cassium
534 525 571 555 et
599 519 774 566 Eutropii
795 518 1005 553 versionem
1027 529 1207 566 graecam,

163 590 274 625 quam
301 578 331 613 si
358 578 535 626 Capitoni
558 578 676 625 Lycio
700 577 892 613 vindicare
921 577 1104 620 volueris,
1127 575 1209 622 J'am

160 636 255 671 nihil
288 629 476 684 refragor3
511 648 741 684 quamquam
781 635 889 671 aliter
920 635 1130 670 statuebam
1169 634 1207 668 in

160 694 302 732 introd.
325 694 373 730 ad
393 694 525 743 fragm.
539 695 731 743 Capitonis
747 696 836 741 Lyc.
858 700 950 728 tom.
974 694 1037 738 IV,
1055 706 1095 741 p.
1119 692 1204 730 133.

161 754 310 789 Etenim
332 767 449 802 quum
474 765 595 803 graeca
614 754 692 789 haec
712 753 869 788 Joannis
894 752 1010 787 modo
1030 752 1208 787 breviora

159 812 278 848 modo
310 811 474 856 fusiora,
501 823 649 860 semper
678 823 769 846 vero
799 811 1032 858 elegantiora
1054 806 1103 859 (⁴¹)
1135 811 1209 845 sint

159 871 285 907 latinis
305 871 498 918 Eutropii,
528 882 645 917 quum
665 869 827 915 denique
852 869 914 903 hic
931 869 1008 903 illic
1034 868 1208 915 proxime

159 929 344 965 accedant
360 929 408 965 ad
422 928 539 964 verba
552 929 686 964 Dionis
706 927 840 974 Cassii,
858 927 1007 962 subesse
1024 926 1206 973 putabam

158 988 356 1023 historiam
385 999 505 1035 graece
530 988 727 1035 scriptam,
752 998 835 1034 quae
862 985 974 1020 suerit
998 985 1208 1020 communis

159 1046 242 1081 fons
257 1053 294 1082 et
308 1046 484 1094 Eutropii
503 1050 539 1082 et
556 1047 577 1080 J
581 1045 727 1082 oannis.
748 1046 796 1080 At
814 1056 933 1092 graeca
951 1056 970 1079 e
986 1044 1112 1079 latinis
1132 1045 1206 1079 Eu-

158 1105 275 1152 tropii
292 1117 398 1140 versa
414 1117 492 1140 esse
507 1104 832 1152 postea-intellexi.
851 1103 1043 1138 Probatur
1058 1114 1118 1137 res
1135 1102 1206 1138 fra-

157 1171 311 1212 gmento
337 1168 431 1209 171',
457 1163 525 1198 ubi
546 1164 689 1211 insigne
711 1162 830 1197 habes
846 1163 980 1197 vitium
994 1189 1003 1207 ,
1036 1161 1142 1209 quod
1161 1174 1206 1198 ex

156 1223 283 1258 latinis
313 1222 487 1270 Eutropii
513 1222 611 1257 male
638 1221 836 1257 intellectis
862 1221 973 1256 duxit
1002 1221 1203 1269 originem.

155 1282 289 1317 Dionis
310 1293 402 1316 vero
429 1281 654 1316 recensione
677 1281 842 1316 Joannes
864 1279 998 1315 eadem
1017 1292 1107 1315 usus
1124 1287 1204 1325 est,

156 1351 269 1386 quam
285 1339 461 1375 adhibuit
473 1338 601 1373 scriba
615 1338 714 1373 tituli
728 1338 781 1374 De
801 1339 1009 1376 sententiis.
1031 1338 1206 1374 Ceterum

154 1398 233 1434 haec
253 1398 530 1434 Chronicorum
547 1410 633 1445 pars
645 1398 827 1432 nonnulla
842 1398 974 1444 habet,
989 1409 1073 1446 quae
1088 1410 1207 1445 quum

154 1458 195 1492 in
205 1458 384 1493 breviatis
393 1457 530 1492 nostris
546 1457 680 1492 Dionis
694 1457 800 1492 libris
812 1469 890 1492 non
903 1457 1090 1505 legantur,
1111 1469 1206 1492 con-

155 1515 318 1553 fidenter
336 1523 462 1551 tamen
476 1515 523 1551 ad
536 1516 700 1551 Dionem
719 1515 861 1551 referre
881 1516 983 1551 licet.
1004 1536 1054 1542 —
1071 1515 1165 1551 Inde
1185 1527 1207 1552 a

157 1574 360 1613 Commodi
375 1574 610 1622 temporibus
630 1574 694 1622 (fr.
718 1587 733 1609 1
746 1587 791 1622 19
809 1587 893 1622 sqq.
907 1573 936 1622 )‚
958 1575 1093 1610 relicto
1117 1575 1205 1611 Cas-

155 1635 234 1679 sio,
261 1635 425 1670 Joannes
443 1633 491 1668 ad
511 1633 773 1668 Herodianum
794 1645 832 1669 se
852 1634 1064 1681 convertit,
1086 1645 1200 1681 quem

154 1705 260 1742 paene
279 1700 401 1728 totum
427 1693 464 1727 in
484 1691 671 1727 Chronica
691 1704 757 1727 sua
784 1692 949 1740 recepit,
973 1691 1207 1740 interpositis

154 1759 282 1787 tamen
300 1751 507 1796 nonnullis,
526 1762 608 1798 quae
628 1750 780 1786 aliunde
806 1751 927 1798 petita
945 1757 1045 1785 sunt.
1079 1750 1205 1786 Abso-

153 1805 235 1847 luto
255 1810 498 1854 Herodiano,
517 1809 564 1845 ad
586 1810 814 1857 Eutropium
833 1808 934 1845 redit
954 1809 1065 1856 eique
1077 1807 1206 1858 jungit

154 1871 359 1915 Zosimum,
376 1869 481 1916 cujus
499 1869 673 1904 lacunam
701 1880 747 1904 ex
763 1869 784 1903 J
788 1880 875 1904 oan.
898 1867 1110 1916 fragmento
1132 1868 1204 1905 160

154 1937 348 1965 coarctare
367 1929 467 1965 licet.
491 1929 582 1963 Post
599 1928 679 1963 haec
700 1927 820 1962 multa
845 1927 1042 1975 exscripsit
1061 1939 1107 1962 ex
1131 1928 1204 1964 So-

154 1989 266 2024 cratis
281 1988 374 2025 Hist.
392 1987 533 2024 Eccles.
549 1986 695 2022 Dehinc
711 1987 841 2021 Prisco
861 1985 959 2021 duce
977 1998 1065 2021 usus
1075 1993 1142 2022 est.
1160 1988 1205 2022 In

152 2053 344 2095 postrema
370 2052 497 2081 autem
529 2052 640 2094 parte
664 2056 869 2092 quemnam
901 2045 1127 2093 scriptorem
1156 2045 1204 2082 de

152 2105 315 2141 Zenonis
329 2103 444 2140 rebus
463 2111 613 2140 secutus
628 2104 695 2149 sit,
719 2104 857 2139 certius
879 2103 1007 2139 dicere
1032 2116 1110 2138 non
1137 2116 1202 2140 au·

154 2163 241 2202 deo.
266 2164 506 2210 Quicumque
536 2163 673 2207 fuerit,
692 2162 763 2198 fuit
789 2164 975 2210 optimus,
998 2169 1036 2198 et
1055 2174 1136 2210 quae
1158 2175 1203 2199 ex

152 2234 198 2258 eo
212 2223 252 2257 in
266 2223 286 2257 J
291 2222 422 2258 oannis
437 2222 658 2270 fragmentis
673 2228 820 2257 servata
831 2221 1027 2267 habemus,
1045 2222 1202 2258 maximi

151 2287 239 2316 sunt
251 2281 449 2317 momenti.

195 2372 237 2413 (*)
257 2374 330 2409 Qua
357 2372 397 2404 de
421 2381 456 2405 re
481 2372 606 2404 monuit
634 2372 731 2404 etiam
752 2371 976 2412 Bernliardyus
1003 2371 1045 2403 ad
1069 2372 1201 2405 Suidam

152 2428 184 2451 ν.
207 2420 372 2460 Πομπήιος
394 2431 402 2450 z
425 2431 439 2446 «
462 2421 538 2451 Haec
558 2418 583 2450 si
602 2418 738 2450 fideliter
757 2420 789 2450 et
808 2418 931 2457 integra
950 2417 1066 2450 suidas
1084 2427 1200 2459 propa-

152 2465 257 2506 gavit,
278 2459 542 2497 fatendum'sane
564 2465 705 2505 Eutropii
732 2465 990 2505 metaphrasten,
1010 2473 1098 2496 nunc
1117 2474 1199 2497 rese—

153 2513 214 2545 ctis
238 2519 311 2553 quae
339 2513 448 2553 legisse
475 2512 553 2543 nihil
573 2512 751 2551 attinebat,
771 2521 857 2543 nunc
883 2512 1026 2544 suaviter
1051 2512 1201 2545 emollitis

153 2568 227 2600 quae
256 2559 376 2590 latinus
403 2558 542 2599 scriptor
569 2558 718 2591 ariditate
746 2560 898 2591 consueta
926 2559 1036 2598 paullo
1066 2559 1201 2591 solutius

153 2605 409 2648 pronuntiasset,
431 2607 538 2646 partes
555 2605 708 2645 jucundae
737 2606 929 2637 narrationis
953 2605 1112 2646 eleganter
1141 2614 1199 2638 ex-

152 2653 298 2694 plevisse.
321 2665 338 2681 »

957 251 979 290 J
982 250 1172 292 OANNIS
1201 252 1522 293 ANTIOCHENI

1510 386 1743 426 ΙΩΑΝΝΟΥ
1774 386 2072 428 ΑΝΤΙΟΧΕΩΣ

1554 507 1761 547 ιΣΤοΡιΑ
1791 509 2036 550 XPONIKH.

1761 613 1825 663 (1·>

1325 700 1414 736 Exe.
1464 699 1629 735 Salmasii
1671 699 1711 734 in
1747 699 1914 736 Crameri
1956 700 2101 740 Anecd.
2139 703 2223 742 Par.
2259 704 2316 749 11,

1271 770 1311 805 p.
1337 756 1545 793 383—388
1566 769 1573 794 :

1395 857 1610 898 Ἀρχαιολογία
1625 857 1770 890 Ἰωάννου
1782 858 1976 900 Ἀντιοχέως,

1357 905 1475 946 ἔχουσα
1487 906 1540 936 καὶ
1554 905 1740 946 διασάςρησιν
1756 909 1818 937 τῶν
1833 906 2059 947 μυθευομένων.

1326 1000 1349 1024 1.
1372 987 1417 1026 Ὁ
1435 987 1519 1040 παρ’
1533 986 1709 1034 ’Έλλησιν
1731 989 1874 1041 ἀρχαῖος
1889 985 2040 1041 Ὤγυγος
2060 988 2118 1028 καὶ
2135 989 2320 1043 Φορωνεὺς

1269 1048 1287 1083 ὃ
1315 1045 1386 1089 υἱὸς
1405 1046 1544 1098 Ἰνάχου
1571 1046 1667 1085 κατὰ
1686 1046 1748 1093 τὴν
1782 1046 1838 1085 διὰ
1869 1047 2026 1091 Μωσέως
2046 1049 2106 1086 ἀπ’
2138 1049 2318 1100 Αἰγύπτου
2370 1052 2372 1054 ’

1271 1103 1384 1148 ἔξοδον
1404 1108 1465 1142 τοῦ
1485 1107 1571 1143 λαοῦ
1593 1099 1697 1152 ἦσαν.
1756 1105 1840 1144 Ἀπὸ
1860 1104 1927 1158 γὰρ
1958 1105 2108 1158 Ὠγύγου
2132 1107 2237 1160 μέχρι
2255 1111 2318 1155 τῆς

1269 1163 1316 1200 νε’
1340 1162 1603 1214 Ὀλυμπιάδος,
1633 1163 1737 1214 ἤγουν
1762 1163 1867 1216 μέχρι
1898 1167 1958 1202 τοῦ
1987 1163 2105 1217 Κύρου
2133 1169 2194 1204 τοῦ
2223 1167 2318 1219 Περ-

1270 1223 1339 1259 σῶν
1362 1221 1533 1274 βασιλέως
1554 1221 1615 1270 ἔτη
1645 1222 1774 1275 ,ασλεᾭ
1796 1222 1886 1261 “Ore
1907 1222 1945 1260 τὸ
1974 1222 2109 1275 Πάσχα
2130 1223 2190 1262 καὶ
2210 1228 2232 1272 ἡ
2249 1227 2319 1263 τῶν

1269 1278 1448 1332 Ἑὸραίων
1471 1279 1582 1324 ἔξοδος
1603 1280 1667 1318 ἀπ’
1682 1280 1861 1332 Αἰγύπτου
1888 1281 2037 1332 ἐγένετο,
2055 1284 2073 1320 ὁ
2090 1281 2148 1320 ἐπὶ
2167 1281 2319 1335 Ὠγύγου

1268 1337 1386 1389 γέγονε
1419 1337 1680 1389 κατακλυσμός.
1719 1338 1792 1378 Καὶ
1822 1338 1982 1383 εἰκότως·
2011 1342 2080 1378 τῶν
2111 1339 2179 1393 γὰρ
2206 1343 2320 1393 Atyo—

1267 1396 1377 1434 πτίων
1401 1398 1486 1450 ὀργῇ
1519 1398 1614 1436 Θεοῦ
1634 1397 1805 1449 χαλάζαις
1833 1398 1894 1436 καὶ
1921 1401 2070 1450 χειμῶνι
2105 1401 2318 1451 μαστιζομέ-

1268 1470 1349 1505 νων,
1373 1455 1462 1500 εἰκὸς
1492 1450 1534 1504 ἦν
1554 1455 1642 1508 μέρη
1663 1457 1740 1494 τινὰ
1769 1457 1993 1509 συμπάσχειν
2021 1461 2082 1505 τῆς
2098 1461 2181 1510 γῆς·
2202 1458 2254 1498 ἔτι
2279 1476 2318 1498 τε

1268 1514 1467 1560 Ἀθηναίους
1495 1517 1563 1552 τῶν
1584 1516 1698 1552 αὐτῶν
1719 1515 1921 1566 Αἰγυπτίοις
1940 1515 2129 1554 ἀπολαύειν
2150 1517 2241 1562 εἰκὸς
2259 1512 2316 1567 ἦν,

1269 1571 1432 1616 ἀποίκους
1456 1572 1593 1611 ἐκείνων
1623 1573 1914 1624 ὑπονοουμένους,
1934 1572 1982 1618 ὥς
2002 1590 2120 1627 φασιν.
2175 1575 2260 1615 ’Ότι
2280 1575 2317 1616 δὲ

1268 1631 1410 1684 Ὠγύγῳ
1423 1631 1622 1683 συνήκμαζε
1635 1633 1783 1680 Μωσῆς,
1800 1633 1971 1683 Πολέμων
1983 1635 2042 1690 [fr.
2060 1649 2075 1671 1
2084 1635 2122 1686 3]
2137 1635 2173 1672 ἐν
2186 1633 2318 1689 πρώτῳ

1268 1690 1445 1743 Ἱστοριῶν
1456 1690 1670 1738 Ἑλληνικῶν
1685 1694 1815 1744 ἱστορεῖ
1827 1691 1937 1743 λέγων
1951 1708 1958 1715 ·
1973 1711 1988 1726 ι(
2004 1692 2088 1732 Ἐπὶ
2099 1691 2242 1738 Ἄπιδος
2253 1697 2312 1732 τοῦ

1268 1749 1464 1804 Φορωνέως
1483 1751 1590 1803 μοῖρα
1609 1753 1670 1789 τοῦ
1689 1751 1891 1802 Αἰγυπτίων
1910 1755 2058 1804 στρατοῦ
2079 1751 2237 1797 ἐξέπεσεν
2252 1754 2317 1793 Αἷ-

1268 1809 1421 1861 γύπτου,
1452 1808 1485 1847 οἳ
1511 1810 1546 1847 ἐν
1575 1812 1618 1861 τῇ
1655 1809 1878 1861 Παλαιστίνῃ
1909 1810 2108 1862 καλουμένῃ
2137 1811 2251 1865 Συρίᾳ
2276 1813 2315 1850 οὐ

1267 1867 1387 1920 πόρρω
1413 1866 1578 1919 Ἀραὸίας
1598 1866 1757 1920 ᾤκησαν.
1776 1886 1792 1902 n
1810 1869 1926 1915 Δῆλον
1945 1868 1981 1906 δὲ
2001 1867 2214 1914 ὅτι-τούτους
2231 1870 2316 1923 φησὶ

1266 1926 1345 1970 τοὺς
1363 1925 1452 1977 μετὰ
1473 1925 1630 1969 Μωσέως
1646 1925 1842 1971 ἐξελθόντας
1861 1929 1989 1965 ἐκεῖθεν
2010 1926 2206 1981 Ἑὸραίους.

1320 1997 1351 2024 2.
1381 1985 1428 2022 Οἱ
1448 1982 1701 2037 Ἀναξαγόρειοι
1719 1983 1782 2032 τὴν
1804 1984 1947 2033 Ἀθηνᾶν
1963 1986 2008 2029 εἰς
2026 1984 2089 2032 τὴν
2107 1986 2233 2038 τέχνην
2253 1987 2316 2026 ἄλ·

1266 2044 1486 2096 ληγοροῦσιν,
1503 2040 1578 2081 ὅθεν
1594 2042 1653 2081 καὶ
1667 2042 1723 2091 τὸ,

1348 2149 1544 2190 Ὀλλυμένων
1559 2151 1672 2190 χειρῶν
1688 2148 1764 2190 ἔρρει
1778 2149 1949 2191 πολύμητις
1959 2150 2081 2188 Ἀθήνη.

1267 2231 1309 2285 (3)
1344 2231 1391 2271 Ὁ
1412 2230 1592 2275 Ἀϊδωνεὺς
1622 2230 1785 2284 βασιλεὺς
1812 2225 1854 2278 ἧν
1876 2232 2078 2279 Μολοττῶν,
2103 2232 2314 2284 παμμεγέθη

1263 2291 1352 2329 κύνα
1371 2290 1461 2343 ἔχων
1482 2289 1672 2342 Κέρὸερον,
1701 2289 1736 2333 ὃς
1755 2290 1966 2342 διεχρήσατο
1984 2290 2182 2342 Πειρίθουν·
2197 2291 2255 2331 τὸν
2274 2292 2312 2330 δὲ

1263 2348 1388 2396 Θησέα
1400 2348 1581 2400 Ἡρακλῆς
1595 2348 1775 2401 ἐρρύσατο.
1790 2348 1857 2387 Διὰ
1874 2347 1910 2387 δὲ
1923 2352 1982 2387 τοῦ
1995 2348 2152 2387 κινδύνου
2164 2349 2204 2387 τὸ
2214 2353 2317 2402 προῦ·

1262 2423 1348 2446 πτον
1374 2407 1409 2452 ἐξ
1449 2406 1532 2460 ᾅδου
1563 2409 1751 2459 ἀναγαγεῖν
1785 2406 1888 2445 αὐτὸν
1913 2406 2094 2460 <Ηρακλῆς
2127 2408 2313 2457 ἐμυθεύθη.

1265 2467 1306 2517 (ι)
1324 2465 1408 2504 Ἀπὸ
1429 2465 1578 2510 Ἀτθίδος
1597 2468 1658 2512 τ’ῆς
1671 2467 1835 2517 Κραναοῦ
1850 2469 1912 2504 τοῦ
1932 2465 2138 2518 αὐτόχθονος
2149 2466 2316 2519 θυγατρὸς

1265 2527 1284 2571 ἠ
1302 2523 1441 2571 Ἀττικὴ
1460 2523 1603 2571 ἐκλήθη.
1623 2524 1664 2577 (5)
1683 2523 1924 2576 Τριπτόλεμος
1941 2526 2065 2576 μακρῷ
2079 2524 2190 2578 πλοίῳ
2205 2540 2315 2577 προσ-

1263 2582 1400 2621 ὅάλλων
1415 2587 1491 2626 ταῖς
1505 2581 1647 2631 πόλεσι,
1663 2581 1794 2621 καὶτὸν
1820 2585 1912 2621 σῖτον
1931 2582 2101 2627 διαδιδοὺς
2111 2613 2122 2633 ,
2142 2583 2316 2635 πτερωτὸς

1263 2640 1337 2693 ὄφις
1364 2641 1532 2691 ἐμυθεύθη
1544 2657 1553 2666 ·
1574 2641 1663 2684 εἰκὸς
1683 2641 1720 2679 δὲ
1738 2641 1798 2679 καὶ
1816 2640 1878 2688 τὴν
1899 2644 1982 2679 ναῦν
2001 2641 2156 2680 τοιούτου
2176 2641 2316 2693 σχήμα·

195 2756 250 2786 Fr.
276 2758 305 2786 1.
329 2765 345 2781 α
370 2755 448 2785 Haec
470 2753 628 2794 descripta
643 2757 718 2786 sunt
737 2761 754 2785 e
778 2753 858 2785 cod.
877 2755 951 2793 Reg.
974 2756 1074 2792 1763,
1089 2753 1183 2784 form.
1203 2753 1310 2792 in-4⁰‚
1336 2753 1505 2784 chartaceo
1531 2754 1563 2785 et
1587 2753 1824 2792 recentissimo,
1842 2755 1960 2794 quippe
1983 2753 2083 2794 ipsius
2105 2754 2147 2785 cl.
2166 2753 2314 2786 salmasii

154 2809 254 2832 manu
272 2802 416 2832 exarato.
437 2799 529 2832 Unde
547 2802 656 2831 autem
670 2800 739 2832 haec
762 2799 973 2840 depromserit
990 2799 1164 2831 Salmasius
1182 2809 1245 2831 non
1263 2800 1374 2840 liquet.
1396 2802 1664 2840 Excerptasunt,
1688 2802 1725 2831 ut
1740 2801 1864 2840 opinor,
1881 2809 1920 2832 ex
1935 2809 2049 2841 magno
2068 2809 2164 2840 opere
2178 2801 2311 2833 Joannis

155 2847 344 2882 Antiocheni
355 2872 363 2887 ,
376 2857 442 2879 non
456 2848 582 2880 Malalae
591 2872 600 2888 ,
614 2849 652 2879 ut
664 2848 830 2879 annotavit
846 2847 960 2887 aliquis
975 2847 1007 2879 in
1023 2848 1125 2888 prima
1138 2847 1257 2878 codicis
1270 2847 1400 2887 pagina,
1417 2847 1473 2878 sed
1487 2847 1571 2878 illius
1583 2856 1601 2879 e
1613 2856 1677 2887 quo
1694 2849 1852 2887 Excerpta
1866 2847 2021 2879 habemus
2033 2848 2117 2879 inter
2129 2847 2308 2881 collectan.

155 2895 360 2929 constantini
375 2895 572 2935 porphyrog.
593 2895 699 2926 Vales.
717 2896 750 2926 et
773 2894 806 2925 in
827 2894 930 2934 prima
947 2894 1043 2934 hujus
1056 2893 1230 2925 voluminis
1246 2895 1337 2933 parte
1359 2895 1434 2932 Περὶ
1457 2894 1640 2926 ἐπιδουλῶν.
1660 2895 1716 2926 llis
1736 2894 1822 2926 enim
1840 2902 1914 2925 cum
1936 2893 2053 2926 Malaia
2073 2893 2197 2925 collafis
2218 2893 2310 2927 facile

156 2941 340 2984 apparebit,
354 2941 442 2981 quod
455 2941 527 2972 dico
542 2950 654 2973 verum
668 2950 754 2979 esse,
772 2941 845 2973 licet
861 2942 1016 2973 nonnulla
1032 2942 1162 2981 utrique
1174 2941 1238 2972 sint
1253 2940 1449 2971 communia.
1470 2953 1485 2967 »
1501 2942 1656 2974 caman.

195 2987 215 3029 §
238 2991 266 3020 1.
284 2987 387 3020 Petita
408 2987 477 3018 haec
495 2996 533 3018 ex
554 2987 693 3019 Africani
712 2987 794 3019 libro
813 2988 920 3019 tertio.
941 2987 1023 3019 Vide
1041 2987 1180 3028 Syneell.
1202 2996 1235 3028 p.
1261 2989 1316 3018 148
1328 3010 1337 3026 ,
1357 2988 1383 3017 Ι)
1397 2988 1407 3026 (
1422 2996 1452 3027 p.
1469 2990 1526 3018 281
1545 2988 1569 3018 Β
1583 2987 1688 3027 »ηη.);
1702 2987 1770 3018 not.
1787 2985 1828 3017 ad
1846 2987 2009 3018 Polemon.
2029 2987 2068 3019 fr.
2094 2990 2150 3027 133
2168 2988 2310 3020 castoris

155 3036 196 3069 fr.
220 3039 268 3067 15.
285 3052 328 3058 -
342 3033 361 3075 §
375 3039 404 3066 2.
423 3034 473 3066 ef.
490 3035 629 3074 Syncell.
646 3044 677 3075 p.
700 3037 756 3066 149
769 3058 777 3073 ,
794 3035 819 3066 C
839 3046 848 3069 ε
863 3034 990 3071 Τούτοις
1004 3037 1068 3070 τοῖς
1087 3034 1207 3075 χρόνοις
1218 3058 1227 3073 ,
1247 3034 1288 3070 ὥς
1301 3045 1395 3074 φασι,
1416 3035 1594 3075 Προμηθεὺς
1609 3034 1646 3072 ἦν
1657 3057 1665 3071 ,
1689 3034 1722 3069 ὃς
1742 3034 1904 3074 ἐμυθεύετο
1920 3034 2062 3066 πλάττειν
2079 3034 2258 3076 ἀνθρώπους
2273 3036 2304 3072 ἐξ

155 3080 358 3116 ἀπαιδευσίας
371 3081 425 3111 καὶ
439 3080 566 3120 ἀλογίας
580 3082 622 3117 εἰς
635 3081 797 3113 παίδευσιν
814 3081 956 3122 μετάγων
967 3105 977 3121 ,
996 3083 1038 3118 ὡς
1056 3081 1204 3120 Πλάτων,
1232 3082 1249 3112 ὁ
1265 3081 1320 3119 τὴν
1332 3081 1468 3112 παλαιὰν
1483 3080 1668 3121 κωμῳδίαν,
1686 3080 1716 3111 ἐν
1735 3081 1895 3121 Σοφισταῖς
1906 3089 1914 3096 ·

320 3138 484 3180 Προμηθία
499 3138 558 3180 γάρ
572 3139 654 3170 ἐστιν
668 3140 837 3180 ἀνθρώποις
857 3141 874 3171 ὁ
895 3143 977 3177 νοῦς.

153 3198 375 3242 Ἑρμηνεύουσι
389 3198 421 3229 δὲ
434 3199 463 3229 οἱ
482 3197 702 3239 Ἀναξαγόρειοι
715 3199 785 3236 τοὺς
803 3201 951 3241 μυθώδεις
968 3200 1053 3237 θεοὺς
1066 3223 1074 3239 ,
1091 3202 1162 3232 νοῦν
1176 3200 1231 3240 μὲν
1246 3201 1298 3233 τὸν
1312 3199 1390 3238 Δία,
1407 3199 1461 3237 τήν
1474 3198 1507 3230 δὲ
1520 3197 1643 3236 Ἀθηνᾶν
1656 3197 1784 3238 τέχνην,
1802 3196 1869 3228 ὅθεν
1885 3197 1938 3228 καὶ
1951 3198 1997 3235 τὸ,

319 3264 439 3304 Χειρῶν
454 3262 626 3303 ὀλλυμένων
643 3263 720 3305 ἔρρει
733 3264 902 3305 πολύμητις
917 3264 1035 3303 Ἀθήνη.

156 3319 301 3354 Eundem
324 3327 455 3351 versum
474 3319 602 3351 exhibet
623 3320 786 3353 cedrenus
811 3323 838 3360 1,
861 3330 892 3362 p.
914 3324 990 3362 144,
1018 3325 1053 3354 17
1072 3321 1122 3354 ed.
1148 3323 1274 3360 Bonn.‚
1299 3320 1332 3352 et
1357 3317 1503 3350 Meletius
1531 3317 1564 3348 in
1588 3318 1696 3349 cram.
1720 3316 1841 3349 Anecd.
1868 3319 1973 3349 oxon.
1998 3318 2062 3356 Ill,
2089 3326 2120 3358 p.
2147 3320 2227 3356 618,
2248 3320 2305 3356 10,
2359 3312 2363 3315 ’

155 3368 215 3400 nisi
236 3366 323 3407 quod
344 3366 396 3398 hic
413 3375 470 3407 pro
486 3366 656 3407 πολύμητις
672 3367 782 3399 scribit
803 3368 980 3408 πολύεργος.
996 3385 1035 3390 —-
1051 3367 1070 3409 §
1086 3371 1117 3400 3.
1138 3368 1259 3400 Eadem
1281 3367 1392 3399 iisdem
1411 3365 1518 3397 verbis
1534 3364 1657 3405 plenius
1684 3364 1833 3404 leguntur
1849 3373 1899 3405 ap.
1917 3364 2100 3404 syncellum
2120 3372 2151 3404 p.
2175 3366 2246 3403 157,
2266 3365 2303 3395 C.

157 3416 207 3448 Cf.
227 3414 341 3446 Euseb.
357 3417 443 3446 Arm.
457 3413 497 3444 ad
511 3422 564 3444 an.
579 3413 698 3446 Abrab.
716 3417 775 3446 618
787 3438 796 3453 ,
813 3423 845 3454 p.
862 3417 921 3446 288
939 3414 988 3446 ed.
1004 3415 1076 3446 Mai.
1092 3416 1273 3456 Utrumque
1289 3414 1395 3446 locum
1412 3411 1755 3444 habesin.1‘hilochori
1770 3412 1881 3452 fragm.
1899 3415 1949 3443 46.
1971 3430 2011 3437 —-
2024 3411 2043 3452 ᾗ
2057 3414 2086 3443 4.
2102 3411 2151 3444 cf.
2165 3409 2303 3451 Synoell.

156 3471 188 3503 p.
212 3465 288 3501 157,
309 3462 344 3496 Β.
366 3459 482 3493 Euseb.
503 3459 543 3491 ad
562 3467 612 3491 an.
634 3463 705 3492 511.
730 3478 770 3484 -
786 3459 805 3500 §
823 3465 851 3493 5.
870 3460 990 3493 Eadem
1014 3461 1149 3501 Syncell.
1170 3471 1201 3502 p.
1226 3465 1303 3502 158,
1330 3463 1367 3493 D.
1396 3459 1550 3492 Eusebius
1573 3457 1612 3490 ad
1631 3467 1683 3489 an.
1706 3462 1786 3498 611,
1805 3466 1843 3490 ex
1868 3458 2057 3490 Philochoro
2078 3457 2138 3497 (tr.
2169 3458 2238 3498 28).
2262 3472 2307 3480 —
