2326 3724
957 194 1295 235 FRAGMENTA.
2152 206 2198 240 27

539 303 601 342 33,

101 399 192 435 Exc.
210 399 268 434 De
281 405 375 436 sent.
392 410 431 447 p.
448 397 523 445 267
546 410 555 434 z
576 394 718 449 (Ὠσπερ
734 390 792 434 οὗν
807 397 838 435 οἱ
853 395 992 449 φυσικοί
1008 411 1094 449 φασι

49 453 162 502 πάσης
178 453 345 501 κινήσεως
364 448 451 492 εἶναι
469 454 566 498 τέλος
585 454 784 506 ἀκινησίαν,
811 454 834 502 ἢ
862 454 938 498 ταῖς
972 454 1094 499 ἄλλαις

53 512 227 560 κινήσεσιν
242 512 283 552 τὸ
303 515 472 552 κινεῖσθαι
500 513 639 551 δίδωσιν
666 513 754 559 αὐτὴ
785 513 958 564 μένουσα,
986 513 1094 558 οὕτως

49 569 90 610 ἄν
110 586 160 615 τις
187 570 342 609 ὑπέλαὸε
374 571 435 609 καὶ
465 570 542 610 τότε
569 571 628 610 τὸν
659 571 860 624 πρεσὸύτην
884 571 1092 624 Ἇρὸιτίωνα

45 628 295 687 παρατυχόντα
312 628 373 676 τὴν
391 634 453 669 τοῦ
470 630 640 682 βασιλέως
653 629 803 668 ἄτακτον
820 629 881 668 καὶ
898 630 1090 680 κυματώδη

45 686 156 742 φορὰν
176 691 224 732 εἷς
242 688 375 739 ὁμαλὸν
391 688 452 727 καὶ
465 689 556 738 λεῖον
567 687 826 740 καταστορέσαι
845 691 905 727 τοῦ
921 690 1091 740 λογισμοῦ

45 747 172 791 πάθος·
196 751 323 800 μικροῦ
333 747 401 800 γὰρ
418 747 538 796 ἐξέστη
552 746 608 786 διὰ
629 747 759 786 δειλίαν
775 749 845 786 τῶν
861 750 985 789 κοινῶν
1001 763 1091 801 πρα-

46 801 204 858 γμάτων.

96 866 153 904 Cf.
174 867 344 904 Zosimus
373 868 449 914 IV,
473 880 493 914 7
510 895 520 914 ‚
551 866 572 904 5
591 881 600 904 ι
620 865 726 905 Ἀλλὰ
756 864 955 918 Προκόπιος
973 864 1034 915 μὲν
1054 866 1089 903 ἐν

44 921 176 968 τούτοις
197 919 258 972 ἦν·
278 927 296 963 ὁ
316 924 352 963 δὲ
384 924 548 976 βασιλεὺς
567 924 731 972 Οὐάλης,
757 923 820 971 τὴν
850 924 1090 977 ἐπανάστασιν

43 982 78 1020 ἐν
97 985 140 1035 τῇ
161 981 252 1021 κατὰ
278 983 440 1036 Φρυγίαν
459 983 621 1037 Γαλατίᾳ
641 983 854 1034 πυθόμενος,
880 982 1088 1033 κατεπλάγη

43 1038 107 1091 μὲν
121 1041 197 1092 ἅμα
210 1044 254 1094 τῇ
271 1043 373 1093 ἀκοῇ,
391 1041 451 1080 καὶ
465 1042 667 1093 ἐπίμπλατο
681 1044 853 1094 ταραχῆς.
870 1041 1091 1095 Ἀρὸιτίωνος

45 1098 82 1137 δὲ
110 1102 248 1153 θαρρεῖν
281 1100 529 1149 κελεύσαντος,
561 1101 683 1140 ἔταττε
705 1099 767 1152 μὲν
797 1103 843 1145 ὡς
862 1102 908 1144 εἷς
935 1100 1088 1150 πόλεμον

41 1157 104 1203 τὰς
120 1158 224 1204 οὔσας
244 1160 420 1211 δυνάμεις.
442 1163 663 1199 Ammianus
674 1163 824 1209 XXVI,
847 1176 884 1209 7,
910 1162 972 1200 13.

532 1248 595 1293 34.

94 1334 229 1370 Suidas
259 1347 269 1370 :
295 1334 338 1372 M
350 1336 493 1385 ικροῦ,
525 1333 671 1386 σχεδὸν,
692 1337 858 1387 φανερῶς.
889 1334 1084 1379 Εὐνάπιος·

43 1407 59 1424 α
76 1392 214 1443 Μικροῦ
238 1390 283 1430 τὰ
299 1391 494 1444 πράγματα
509 1392 805 1443 μετακινήσαντος
822 1392 1015 1445 εΟρμίσθου
1026 1397 1087 1432 τοῦ

42 1447 193 1500 Πέρσου.
218 1467 234 1483 ι»

92 1508 200 1544 Idem
225 1526 232 1546 :
270 1509 444 1559 Μικροῦ
463 1508 571 1556 δεῖν,
593 1508 691 1562 παρὰ
718 1509 853 1562 μικρόν.
888 1510 957 1549 Καὶ
979 1509 1087 1563 χωρὶς

39 1568 100 1605 τοῦ
115 1565 204 1603 δεῖν·
223 1583 239 1600 α
259 1567 399 1618 Μικροῦ
428 1565 471 1604 τὰ
504 1566 699 1620 πράγματα
728 1568 1043 1618 μετακινήσαντος,
1068 1587 1085 1603 n

41 1622 117 1661 ἀντὶ
129 1626 210 1671 τοῦ,
229 1626 313 1677 παρ’
328 1624 456 1675 ὀλίγον,
474 1624 571 1677 παρὰ
590 1625 727 1678 μικρόν.

91 1685 149 1720 De
179 1696 221 1721 re
245 1697 283 1724 v.
319 1686 490 1722 Zosimus
519 1687 582 1732 IV,
605 1686 642 1732 8,
667 1700 682 1723 1
711 1685 840 1725 ιἘπεὶ
869 1685 905 1724 δὲ
935 1685 1085 1734 ἤλαυνον

39 1741 94 1779 ἐπ’
109 1741 278 1788 ἀλλήλους
296 1741 317 1780 ὅ
331 1758 367 1780 τε
388 1741 548 1795 βασιλεὺς
570 1744 629 1782 καὶ
653 1745 874 1798 Προκόπιος,
891 1746 1086 1785 συναντῶσί

38 1812 112 1843 πως
142 1800 258 1853 σφίσιν
298 1803 345 1845 εἷς
376 1801 554 1855 Οὖάτειρα
583 1802 628 1840 τὰ
659 1802 926 1856 στρατεύματα·
958 1809 1084 1857 μικροῦ

39 1857 75 1896 δὲ
104 1858 243 1907 ἐδέησεν
272 1861 515 1913 ἡΠροκοπίου
537 1862 653 1915 μερὶς,
686 1862 859 1915 ὑπερτέρα
891 1864 1082 1915 γενομένη,

37 1915 101 1964 τὴν
127 1920 195 1956 τῶν
215 1919 433 1971 πραγμάτων
453 1921 499 1963 εἷς
522 1921 625 1959 αὐτὸν
653 1925 853 1971 μεταθεῖναι
880 1922 1002 1974 ῥοπὴν,
1024 1927 1083 1961 τοῦ

38 1973 254 2027 Ὁρμίσθου,
288 1982 348 2016 τοῦ
380 1978 519 2031 Πέρσου
553 1979 676 2024 παιδὸς
739 1979 933 2032 (ὁμώνυμος
967 1982 1002 2019 δὲ
1041 1977 1083 2029 ἧν

37 2035 87 2087 τῷ
109 2035 262 2087 πατρί),
285 2036 442 2081 δόξαντος
465 2038 499 2075 ἐν
525 2040 568 2090 effi
590 2037 689 2090 μάχῃ
719 2041 952 2079 πλεονεκτεῖν.
981 2043 1085 2078 Atta-

37 2106 124 2130 men
165 2096 356 2142 Gomarii,
398 2098 463 2145 qui
504 2098 601 2133 alter
641 2098 720 2134 dux
763 2099 942 2148 Procopii
979 2106 1082 2146 erat,

37 2153 255 2202 proditione
278 2155 421 2192 factum
445 2163 501 2192 est
518 2164 562 2193 ut
587 2157 828 2207 imperatoris
856 2159 977 2208 copiae
1000 2160 1086 2195 vin-

42 2220 183 2252 cerent.

532 2296 597 2335 35.

89 2377 184 2414 Exc.
210 2379 268 2415 De
293 2386 388 2416 sent.
411 2391 453 2430 p.
485 2380 576 2427 267.
600 2380 677 2417 268
702 2394 711 2418 ε
734 2379 997 2435 Μεγαλόψυχον
1016 2381 1084 2436 γὰρ

1157 283 1221 333 μὲν
1237 283 1305 335 γὰρ
1326 282 1419 328 ξένον
1437 285 1499 330 effic
1515 270 1684 337 τιμωρίας
1705 283 1799 337 λόγῳ
1828 284 1960 336 γίνεται
1982 288 2045 334 effic
2070 288 2200 341 ἀρχῆς,

1155 339 1213 379 ἵνα
1234 341 1332 394 φόὸῳ
1349 341 1539 393 συνέχηται
1559 341 1598 380 τὸ
1615 341 1826 394 ἀρχόμενον·
1843 341 1882 380 τὸ
1903 343 1939 381 δὲ
1966 346 2198 397 ὑπεροπτικὸν

1155 402 1216 446 τῆς
1232 399 1406 444 κολάσεως
1421 401 1463 438 δι’
1481 402 1605 452 ἀρετῆς
1625 399 1802 454 ὑπεροχὴν
1819 400 1975 452 γίνεται,
1991 405 2036 446 ὡς
2057 406 2117 450 τῆς
2133 407 2197 455 βα·

1156 459 1292 506 σιλικῆς
1318 461 1428 511 ἀρχῆς
1452 458 1509 497 διὰ
1527 459 1667 511 μέγεθος
1693 460 1755 498 καὶ
1778 460 1881 511 ὄγκον
1902 460 2074 512 ἀρκούσης
2093 464 2199 514 ἑαυτῇ

1157 517 1216 556 καὶ
1234 517 1315 555 ἄνευ
1335 517 1520 570 τιμωρίας.
1536 517 1644 557 Ἀλλὰ
1663 521 1775 557 ταῦτα
1793 518 1869 569 μὲν,
1889 517 1958 572 ὅπῃ
1971 519 2112 570 γνώμης
2126 520 2200 572 ἔχει

1155 591 1207 620 τις
1224 575 1285 614 καὶ
1302 575 1428 629 κρίνει,
1444 575 1553 620 οὕτως
1568 575 1693 628 ἐχέτω.

1208 626 1295 668 ‘'Oei
1318 632 1336 667 ὁ
1354 628 1585 674 Ποσειδώνιος
1603 629 1733 680 ἔλεγεν,
1750 629 1958 675 ἀπελθόντος
1974 629 2199 683 Ἀλεξάνδρου

1154 686 1194 725 τὸ
1219 687 1453 739 στρατόπεδον
1480 687 1628 727 ἐοικέναι
1654 691 1722 728 τῶν
1746 688 1961 729 Μακεδόνων
1983 692 2200 742 ἐκτετυφλω-

1155 744 1250 799 μένῳ
1270 745 1455 785 Κύκλωπι.

1211 823 1228 839 «
1247 807 1333 843 Sine
1350 806 1468 842 dubio
1494 808 1573 857 agit
1606 807 1802 857 Eunapius
1832 809 1872 844 in
1892 808 1968 844 hoc
1986 807 2199 857 fragmento

1152 863 1202 900 de
1223 865 1416 914 suppliciis
1430 877 1563 901 eorum
1587 866 1653 914 qui
1673 879 1758 902 cum
1778 867 1971 916 Procopio
2000 868 2197 916 conspira-

1151 931 1298 961 verant.
1328 925 1501 972 Namque
1520 925 1717 962 Valentem
1739 925 1945 962 crudeliter
1962 933 2051 975 post
2078 927 2201 961 victo-

1151 981 1251 1018 riam
1271 983 1312 1018 in
1343 995 1430 1019 reos
1447 983 1642 1020 desaevisse
1666 985 1720 1021 ait
1750 986 1971 1021 Ammianus
1988 986 2137 1030 XXVI,
2160 998 2199 1033 9,

1155 1053 1224 1077 nec
1244 1055 1323 1077 non
1336 1043 1507 1078 Zosimus
1523 1044 1588 1088 IV,
1606 1043 1644 1089 8,
1669 1043 1707 1088 6,
1723 1043 1951 1092 quibuscum
1973 1045 2202 1080 consensisse

1153 1101 1370 1150 Eunapium
1401 1102 1464 1137 vix
1480 1101 1631 1139 dubito.
1648 1104 1697 1138 At
1716 1103 1815 1138 enim
1833 1110 2023 1148 oratores,
2041 1104 2105 1151 qui
2122 1116 2202 1138 non

1151 1161 1386 1208 posteritati,
1405 1167 1448 1195 ut
1465 1160 1657 1207 historici,
1675 1161 1743 1197 sed
1751 1163 1926 1211 praesenti
1941 1163 2105 1211 tempori
2124 1174 2200 1198 ser-

1149 1219 1277 1263 viunt,
1294 1219 1540 1266 Symmachus
1562 1231 1584 1256 a
1602 1233 1663 1256 me
1680 1220 1803 1256 editus
1822 1221 1947 1259 Laud.
1966 1222 2050 1258 val.
2072 1222 2111 1265 I,
2132 1233 2175 1256 21
2190 1249 2200 1267 ,

1149 1275 1376 1312 Themistius
1404 1277 1471 1315 Or.
1491 1279 1563 1314 VII
1575 1307 1587 1327 ,
1618 1279 1800 1315 Libanius
1832 1279 1900 1315 Or.
1922 1279 1942 1316 I
1971 1279 2032 1317 ed.
2068 1280 2196 1316 Reisk.

1149 1341 1243 1370 tom.
1261 1335 1300 1383 Ι,
1329 1349 1372 1385 p.
1405 1349 1419 1371 1
1432 1337 1476 1372 13
1491 1365 1501 1383 ,
1519 1350 1605 1373 cum
1627 1339 1894 1388 inscriptione,
1928 1350 2041 1386 quam
2062 1351 2132 1387 ego
2150 1339 2200 1374 ad

1148 1393 1416 1441 Symmachum
1437 1397 1605 1444 protuli,
1624 1397 1788 1433 Valentis
1804 1398 2043 1433 clementiam
2062 1398 2200 1445 praedi-

1147 1460 1249 1489 cant.
1275 1468 1290 1485 n
1312 1454 1391 1489 ΜΔι
1407 1454 1457 1490 ad
1470 1455 1640 1503 priorem
1653 1455 1734 1503 huj.
1751 1456 1799 1493 fr.
1819 1457 1962 1492 locum.
1979 1456 2035 1492 Cf.
2055 1457 2198 1492 Lenain

1148 1510 1196 1547 de
1212 1512 1417 1548 Tillemont
1438 1514 1532 1549 Hisc.
1547 1515 1615 1550 des
1639 1527 1738 1563 emp.
1756 1522 1852 1552 tom.
1871 1517 1914 1560 V,
1931 1527 1972 1563 p.
1997 1514 2061 1557 85..
2083 1536 2136 1542 —
2154 1517 2200 1550 In

1146 1581 1254 1617 seqq.
1274 1571 1482 1607 exercitum
1496 1571 1594 1608 duce
1608 1585 1678 1608 suo
1689 1574 1880 1622 Procopio
1896 1574 2088 1622 privatum
2104 1587 2199 1610 con-

1146 1627 1220 1664 fert
1238 1641 1326 1665 eum
1344 1630 1622 1667 Macedonibus
1640 1640 1730 1682 post
1744 1640 1908 1669 mortem
1923 1632 2144 1670 Alexandri.

1645 1720 1710 1760 36.

1201 1800 1335 1836 Suidas
1359 1814 1367 1836 :
1392 1801 1525 1838 Αἷλια
1537 1799 1582 1838 νό
1589 1817 1618 1844 ς.
1638 1796 1751 1845 Otto:
1777 1799 1835 1839 ἐπὶ
1855 1801 2051 1846 Οὐάλεντος
2071 1803 2198 1855 ἐστρα-

1146 1856 1317 1908 τήγησεν·
1339 1852 1380 1905 ἦν
1398 1858 1434 1896 δὲ
1451 1861 1491 1897 ἐκ
1513 1859 1695 1911 Συέδρων·
1716 1859 1891 1912 ἐλεύθερος
1906 1860 1942 1899 δὲ
1965 1861 2013 1900 ὢν
2032 1861 2119 1913 ἄγαν
2137 1862 2197 1900 καὶ

1147 1916 1348 1965 ἀνεστηκὼς
1367 1918 1405 1956 ἐκ
1433 1917 1556 1962 παιδὸς
1581 1918 1644 1966 τὴν
1663 1917 1781 1971 ψυχὴν
1806 1919 2010 1970 γενόμενος,
2044 1919 2198 1973 ἀφθόνως

1147 1975 1348 2027 ἕχορηγήθη
1365 1976 1410 2014 τὰ
1424 1976 1521 2030 παρὰ
1539 1981 1599 2016 τοῦ
1619 1976 1795 2027 σώματος·
1811 1979 1855 2016 τὰ
1874 1978 1943 2031 γὰρ
1962 1978 2094 2031 ὄργανα
2112 1995 2197 2018 συν-

1147 2034 1316 2085 επεπήγει
1349 2035 1410 2073 καὶ
1448 2035 1607 2089 ἓνέτρεχε
1638 2037 1709 2080 τοῖς
1742 2039 1804 2083 τῆς
1834 2039 1949 2090 ψυχῆς
1986 2037 2194 2088 κινήμασιν,

1146 2091 1230 2131 ὥσθ’
1251 2093 1324 2142 ἅμα
1345 2109 1378 2131 τι
1403 2093 1535 2146 πρᾶξαι
1555 2095 1712 2132 ἐδέδοκτο
1726 2094 1788 2133 καὶ
1803 2094 2003 2146 ἐπέπρακτο
2015 2111 2023 2119 ·
2037 2095 2098 2133 καὶ
2114 2111 2198 2134 παι-

1147 2149 1242 2194 δείας
1261 2149 1339 2189 οὔτε
1360 2150 1451 2194 ἐντὸς
1467 2145 1509 2198 ἦν
1538 2152 1616 2190 οὔτε
1637 2151 1798 2204 ἄμοιρος,
1824 2153 1902 2191 ἀλλ’
1930 2148 1971 2202 ἦν
1995 2154 2197 2206 ἀγροικότε-

1149 2223 1225 2261 ρος,
1242 2208 1304 2248 καὶ
1324 2209 1364 2247 τὸ
1378 2211 1544 2262 θηριῶδες
1557 2214 1618 2248 τοῦ
1638 2214 1746 2261 θυμοῦ
1767 2211 1828 2250 καὶ
1849 2212 1968 2265 ἄγριον
1991 2213 2054 2251 οὐκ
2072 2211 2195 2264 ἐξημέ-

1149 2283 1238 2321 ρωτο
1255 2268 1316 2307 καὶ
1330 2269 1564 2322 κατείργαστο
1583 2270 1650 2308 ὑπὸ
1665 2273 1724 2308 τοῦ
1738 2269 1856 2321 λόγου.

1204 2345 1220 2362 (ι
1241 2331 1380 2366 Totum
1391 2330 1492 2367 hunc
1506 2331 1636 2367 locum
1656 2343 1703 2367 ex
1718 2331 1887 2368 Historia
1900 2331 2103 2384 deperdita
2120 2335 2195 2372 Eu-

1144 2388 1250 2436 napii
1275 2387 1549 2438 depromptum
1564 2402 1643 2426 esse
1662 2389 1842 2426 discimus
1856 2403 1876 2426 e
1897 2390 2015 2428 Suida
2032 2405 2070 2428 V.
2101 2390 2195 2429 Ἀνε-

37 2431 98 2471 καὶ
109 2432 190 2472 λίαν
208 2435 353 2480 θεοειδές
369 2437 408 2475 τὸ
425 2436 485 2475 καὶ
501 2440 569 2475 τῶν
586 2437 705 2476 αἰτίων
726 2438 925 2493 φείσασθαι,
942 2442 1005 2480 οὐκ
1020 2441 1084 2487 ἔξω
1146 2444 1285 2491 στηκώς
1306 2459 1316 2485 :
1333 2447 1400 2484 ubi
1417 2447 1618 2497 fragmenti
1635 2448 1747 2496 hujus
1766 2461 1855 2498 pars
1876 2449 2010 2486 addito
2030 2452 2196 2500 scripto-

37 2491 74 2530 δὲ
92 2495 153 2539 τῆς
164 2494 380 2544 ἀνθρωπίνης
396 2495 531 2547 φύσεως
551 2496 592 2535 τὸ
610 2496 659 2547 μὴ
675 2497 735 2535 καὶ
750 2501 818 2536 τῶν
836 2499 1012 2540 ἀναιτίων.
1033 2501 1084 2540 Τὸ
1143 2506 1194 2541 ris
1218 2506 1324 2542 istius
1343 2507 1497 2543 nomine
1522 2507 1738 2543 adducitur.
1764 2523 1780 2541 >³
1810 2506 1975 2544 Kusrssn.
2001 2509 2052 2545 ad
2082 2510 2188 2546 Suid.

41 2567 2182 2592 Ἥ

77 2656 169 2690 Sicut
181 2657 278 2699 igitur
284 2658 405 2701 physici
417 2660 526 2702 aiunt,
541 2661 683 2702 cujusvis
693 2664 800 2696 motus
811 2663 906 2697 finem
917 2674 985 2699 esse
997 2666 1084 2707 quie·

35 2709 117 2749 tem,
130 2717 205 2750 quae
217 2711 359 2744 motibus
370 2714 438 2745 vim
463 2713 615 2748 mobilem
629 2714 704 2755 dat,
721 2715 789 2756 ipsa
805 2716 932 2749 interim
951 2727 1085 2751 manens

36 2760 188 2802 immota;
202 2761 246 2795 ita
258 2762 335 2796 licet
349 2765 544 2806 existimare,
559 2775 669 2800 senem
682 2767 879 2801 Arbitionem
889 2792 899 2808 ,
914 2779 1016 2811 quum
1034 2771 1084 2803 in-

37 2808 164 2847 cidisset
176 2814 209 2847 in
221 2815 421 2857 imperatoris
437 2817 448 2859 (
468 2819 646 2861 Valentis)
660 2819 905 2861 incompositam
924 2822 1084 2856 fluctuan-

35 2866 170 2907 temque
188 2867 300 2908 agendi
317 2869 493 2910 rationem,
518 2870 559 2903 ad
576 2871 829 2912 aequabilitatem
845 2874 915 2915 ejus
939 2876 1084 2908 animum

37 2918 366 2962 tranquillitatemque
401 2932 587 2964 revocasse;
616 2925 673 2965 qui
700 2934 778 2959 sane
804 2927 848 2959 ob
881 2928 1084 2962 formidinem

38 2977 136 3012 prope
148 2971 326 3005 emissurus
343 2976 412 3006 erat
422 2983 490 3007 rem
506 2975 682 3016 publicam.

534 3030 593 3063 34.

78 3081 196 3113 Parum
209 3081 312 3114 abfuit
325 3083 404 3124 quii]
416 3092 467 3116 res
478 3083 687 3119 labefactaret
702 3087 876 3120 Hormisda
891 3090 1000 3123 Persa.

79 3186 319 3231 Magnanimum
336 3194 383 3225 est
401 3195 434 3226 et
451 3194 544 3227 valde
559 3196 705 3229 divinum
727 3198 789 3230 reis
806 3198 968 3239 ignoscere
986 3212 994 3232 ε
1020 3208 1085 3231 non

39 3242 87 3274 est
97 3243 207 3275 autem
223 3246 313 3276 extra
327 3244 501 3278 humanam
516 3250 666 3280 naturam
677 3273 686 3288 ‚
705 3249 801 3281 etiam
818 3251 997 3283 insontibus
1020 3260 1084 3282 non

41 3301 179 3333 parcere.
223 3297 303 3327 Nam
322 3305 424 3336 poenac
440 3298 576 3339 insignes
593 3300 716 3340 imperii
738 3301 850 3333 tuendi
866 3302 966 3342 gratia
987 3302 1083 3343 inlligi

41 3346 164 3385 solent,
190 3348 225 3379 ut
238 3348 353 3381 timore
369 3351 593 3383 contineantur
608 3352 743 3393 subjecti
762 3365 770 3385 :
789 3355 823 3385 at
847 3354 933 3386 enim
955 3356 1084 3387 omissio

41 3406 143 3438 poenae
156 3399 197 3431 ab
215 3400 333 3433 eximia
345 3402 567 3444 virtute-venit
582 3414 590 3436 :
608 3413 666 3437 ceu
680 3405 706 3438 si
722 3406 807 3446 regia
816 3405 952 3447 dignitas
963 3407 1084 3447 magni-

1146 2615 1255 2647 tudine
1274 2615 1462 2657 fastigioque
1478 2625 1539 2649 sno
1554 2616 1613 2649 sibi
1626 2617 1783 2658 sufficiat,
1800 2618 1837 2650 ut
1859 2618 2022 2659 suppliciis
2038 2627 2119 2659 opus
2130 2627 2195 2650 non

1144 2667 1196 2700 sit.
1240 2670 1473 2701 Verumtamen
1485 2669 1525 2701 de
1537 2669 1588 2701 his
1601 2678 1658 2710 pro
1670 2678 1730 2702 sua
1742 2670 1879 2711 quisque
1891 2670 2049 2703 sententia
2060 2670 2193 2710 judicet.

1186 2723 1294 2759 Quum
1308 2730 1326 2754 e
1350 2722 1433 2755 vivis
1453 2723 1647 2762 ‚excessisset
1670 2723 1865 2763 Alexander,
1883 2723 2073 2756 Posidonius
2091 2724 2197 2756 aiebat

1145 2773 1387 2807 Macedonicum
1416 2774 1597 2808 exercitum
1621 2775 1760 2808 similem
1785 2775 1881 2809 tuisse
1905 2775 2057 2818 Cyclopis
2071 2775 2195 2809 lumine

1144 2827 1237 2860 cassi.

1644 2885 1702 2919 36.

1186 2942 1330 2975 AElianus
1350 2943 1411 2975 sub
1441 2943 1579 2982 Valente
1608 2944 1669 2977 suit
1696 2943 1864 2986 copiarum
1889 2943 1970 2976 dux.
1987 2943 2062 2977 Fuit
2085 2944 2194 2976 autem

1145 2994 1299 3026 oriundus
1314 2994 1440 3035 Syedris
1457 2995 1469 3036 (
1478 3004 1557 3037 quoe
1566 2996 1650 3028 urbs
1665 2998 1717 3028 est
1735 2995 1919 3037 lsaurioe),
1934 2995 2028 3027 valde
2041 2995 2192 3034 liberalis,

1145 3047 1265 3087 quique
1277 3055 1296 3078 a
1312 3055 1411 3087 puero
1427 3055 1595 3088 generosos
1610 3048 1735 3080 animos
1753 3047 1969 3088 concepisset,
1987 3047 2195 3088 corporisque

1145 3098 1272 3131 dotibus
1284 3108 1303 3131 a
1318 3101 1433 3131 natura
1448 3100 1574 3132 abunde
1591 3100 1778 3134 instructus.
1798 3100 1940 3133 Membra
1955 3100 2041 3132 enim
2054 3100 2193 3133 habebat

1146 3151 1236 3182 firma
1247 3175 1256 3190 ‚
1273 3159 1412 3192 quaeque
1427 3154 1535 3183 motus
1549 3152 1647 3184 animi
1672 3152 1764 3184 facile
1781 3153 1994 3193 sequerentur
2012 3165 2020 3184 t
2038 3152 2136 3192 adeo,
2155 3153 2192 3183 ut

1144 3203 1240 3235 simul
1262 3205 1359 3244 atque
1383 3204 1504 3244 aliquid
1532 3205 1749 3245 peragendum
1772 3205 2000 3243 constitueret,
2023 3204 2190 3236 confestim

1146 3256 1318 3294 perageret.
1335 3256 1496 3288 Doctrinae
1507 3265 1611 3296 neque
1624 3256 1717 3287 valde
1728 3257 1848 3296 peritus
1859 3264 1962 3296 neque
1977 3256 2068 3296 plane
2078 3263 2191 3295 expers

1145 3307 1231 3345 erat3
1248 3305 1304 3337 sed
1325 3307 1479 3346 agrestior
1502 3308 1610 3339 tamen
1631 3317 1695 3347 quo
1718 3307 1912 3346 iracundior,
1939 3307 2032 3338 insita
2050 3306 2190 3346 quadam

1145 3357 1261 3388 ferocia
1274 3359 1306 3389 et
1320 3358 1462 3399 feritate,
1478 3368 1551 3400 quae
1569 3359 1700 3391 rationis
1722 3359 1850 3391 cultura
1866 3368 1930 3390 non
1944 3359 2026 3390 esset
2046 3357 2189 3397 mitigata

1146 3409 1195 3440 vel
1211 3409 1355 3441 subacta.
