2326 3724
0 0 23 55 ‚as

23 440 25 445 ,
0 387 14 411 '⁸
0 363 13 395 ”⁸
0 109 27 367 Raefflffvysssssffl'gffi
0 48 23 102 {⁶¹2²

8 275 148 315 αὐτοῦ
164 275 370 329 θεράποντές
390 277 456 314 εἰσι
473 290 683 328 στρατηγοι,
707 275 801 327 αὐτω
822 273 857 313 δὲ
873 276 904 313 οἱ
921 280 990 319 τοῖς
1014 278 1075 324 βα·

0 334 212 374 σιλεύουσι
240 334 427 385 Ῥωμαίων
466 335 640 384 ὁμότιμοι.
674 333 843 372 Ἔσεσθαι
875 332 911 371 δὲ
943 334 1006 371 οὐκ
1031 335 1078 377 εἷς

0 387 176 445 -μακρὰν
200 409 260 439 της
287 393 464 464 παρούσης
496 394 590 430 αὐτῶ
622 393 797 440 δυνάμεως
824 391 987 438 αὔξησιν·
1011 406 1075 438 ση-

26 452 171 501 μαίνειν
191 451 250 490 καὶ
267 467 367 490 τουτο
387 453 444 490 τὸν
468 451 542 489 θεὸν
559 451 597 488 τὸ
616 466 675 489 του
703 448 821 502 Ἄρεος
850 449 1076 502 ἀναφήναντα

26 507 146 572 ῥξιφος,
165 508 285 562 ὅπερ
267 526 304 548 ον
321 509 412 562 ἱερὸν
430 525 490 548 και
505 508 602 562 παρὰ
618 511 686 546 τῶν
706 510 885 547 Σκυθικων
905 507 1076 560 βασιλέων

30 566 243 617 ΐτιμώμενον,
259 571 315 606 οἱα
333 568 373 614 δὴ
391 584 440 621 τῳ
456 567 567 620 ἐφόρω
580 583 648 605 των
664 567 861 616 πολέμιον’
842 567 1077 617 ανακείμενον,

27 627 69 665 ἐν
89 632 157 670 τοῖς
172 627 283 664 πάλαι
301 630 529 679 ἀφανισθῆναι
545 625 703 678 χρόνοις,
720 629 795 664 εἶτα
816 624 872 663 διὰ
888 625 965 677 βοὸς
981 628 1074 678 εὗρε·

23 680 219 734 θῆναι(οί“.
237 687 284 722 fr.
308 697 433 736 10‚p.
455 687 542 736 96).

0 781 14 784 ,,
91 743 160 782 Και
176 743 326 782 ἑκάστου
347 744 457 796 λέγειν
475 760 508 782 τι
522 743 600 796 περὶ
617 746 684 781 τῶν
701 743 930 782 καθεστώτων
954 744 1076 794 βουλο-

0 808 15 827 *'
6 801 159 857 μένου,
180 801 391 853 Ὀνηγησίου
412 802 669 851 ὓπεξελθόντος,
688 804 773 854 παρ’
791 802 893 840 αὐτὸν
911 803 1075 857 ἤλθομεν,

0 869 13 889 ⁸
33 860 93 899 καὶ
113 859 331 913 ἐπειρώμεθα
351 876 431 912 περι
450 863 518 899 τῶν
549 860 840 910 ἐσπουδασμένων
870 860 1071 911 μανθάνειν

0 952 3 973 5
33 917 79 958 ‘O
109 918 145 956 δέ
172 934 244 956 τισι
268 918 434 971 πρότερον
461 918 649 972 βαρὸάροις
679 897 884 970 διάλεχθεὶς,
906 918 1073 956 πυθέσθαι

33 992 77 1028 με
96 976 192 1029 παρὰ
215 977 412 1028 Μαξιμίνου
440 978 605 1030 ἐπέτρεπε
638 976 716 1014 τίνα
754 977 928 1027 Ῥωμαῖοι
966 976 1075 1028 ἄνδρα

33 1038 99 1073 τῶν
115 1038 294 1074 ὑπατικῶν
304 1035 407 1089 ,παρὰ
425 1035 483 1074 τὸν
498 1036 665 1082 Ἀττήλαν
684 1035 959 1087 πρεσὸευόμενον
977 1035 1074 1073 στέλ-

33 1095 164 1134 λουσιν.
186 1094 247 1139 Ὡς
263 1094 299 1132 δὲ
321 1094 505 1146 παρελθὼν
521 1096 570 1138 εἷς
585 1093 648 1141 τὴν
664 1094 794 1142 σκηνὴν
814 1094 970 1147 ἔφραζον,
987 1093 1076 1146 ἅπερ

31 1152 146 1203 εἴρητό
169 1168 246 1202 μοι,
276 1152 336 1191 καὶ
359 1152 424 1190 ὅτι
450 1154 501 1191 δεῖ
524 1153 636 1205 λέγειν
656 1147 703 1190 ὧν
732 1152 835 1205 χάριν
858 1155 875 1190 ὁ
900 1152 1075 1205 βάρὸαρος

31 1214 131 1259 ἡμῶν
153 1212 297 1250 ἐπύθετο
319 1211 392 1262 ἅμα
413 1214 462 1265 τῷ
480 1211 666 1264 Μαξιμίνῳ
688 1211 961 1263 βουλευσάμενος
980 1213 1067 1249 ἐπα-

31 1271 154 1316 νῆλθον
185 1273 232 1314 ὡς
260 1270 319 1309 τὸν
352 1270 577 1321 Ὀνηγήσιον,
608 1270 733 1321 λέγων,
762 1272 808 1313 ὥς
833 1270 986 1308 ἐθέλουσι
1012 1268 1074 1320 μὲν

32 1327 205 1378 Ῥωμαῖοι
234 1327 338 1366 αὐτὸν
363 1328 460 1380 παρὰ
489 1334 578 1381 σφᾶς
606 1328 748 1374 ἐλθόντα
773 1331 841 1366 τῶν
869 1327 1073 1380 ἀμφιὸόλων

31 1385 131 1425 ἕνεκα
148 1386 389 1438 διαλέγεσθαι,
406 1389 435 1425 εἰ
450 1386 486 1425 δὲ
502 1385 622 1425 τούτου
637 1386 872 1438 διαμάρτοιεν,
884 1386 1074 1438 ἐκπέμψειν

33 1444 180 1498 βασιλέα
203 1445 240 1483 ὃν
262 1445 424 1497 βούλεται
448 1444 760 1498 πρεσόευσόμενον.
786 1444 859 1483 Καὶ
887 1443 983 1488 εὐθὺς
1009 1461 1071 1494 με-

30 1503 138 1542 τιέναι
155 1519 200 1552 με
218 1505 276 1542 τὸν
302 1503 497 1554 Μαξιμῖνον
527 1503 828 1555 παρεκελεύσατο,
861 1502 921 1541 καὶ
940 1503 1071 1550 ἥκοντα

31 1563 133 1601 αὐτὸν
163 1557 227 1613 ἦγε
253 1561 351 1614 παρὰ
379 1562 438 1600 τὸν
470 1562 654 1609 Ἀττήλαν.
682 1562 756 1601 Καὶ
782 1562 905 1614 μικρὸν
930 1561 1073 1614 ὕστερον

31 1620 223 1666 ὑπεξελθὼν
247 1624 265 1659 ὁ
285 1620 476 1671 Μαξιμῒνος
505 1621 634 1672 ἔλεγεν,
655 1620 782 1659 ἐθέλειν
805 1621 862 1659 τὸν
896 1620 1073 1673 βάρὸαρον

33 1679 156 1729 Νόμαν
172 1678 195 1726 ἢ
212 1679 406 1718 Ἀνατόλιον
423 1678 445 1725 ἢ
463 1678 640 1731 Σενάτορα
657 1677 926 1730 πρεσὸεύεσθαι·
945 1677 993 1729 μὴ
1007 1678 1074 1729 γὰρ

31 1737 73 1775 ἂν
92 1737 195 1775 ἄλλον
209 1736 305 1790 παρὰ
324 1736 400 1780 τοὺς
419 1736 617 1789 εἰρημένους
634 1737 801 1782 δέξεσθαι.
820 1737 892 1776 Καὶ
906 1739 952 1781 ὡς
969 1739 1073 1775 αὐτοῦ

27 1795 326 1848 ἀποκριναμένου,
356 1794 404 1845 μὴ
435 1799 564 1847 χρῆναι
595 1795 652 1833 ἐπὶ
684 1794 745 1842 τὴν
776 1796 965 1848 πρεσὸείαν
997 1795 1075 1840 τοὺς

31 1854 156 1906 ἄνδρας
171 1855 342 1893 καλοῦντα
360 1854 533 1898 ὑπόπτους
548 1857 715 1892 καθιστᾶν
732 1856 889 1906 βασιλεῖ,
902 1855 1074 1908 εἰρηκέναι

29 1913 86 1951 τὸν
107 1912 286 1960 Ἀττήλαν,
306 1914 336 1951 εἷ
356 1912 405 1962 μὴ
426 1911 556 1951 ἕλοιντο
575 1919 683 1951 ποιεῖν
706 1913 728 1951 ἃ
751 1913 933 1965 βούλεται,
954 1912 1074 1958 ὅπλοις

29 1970 74 2008 τὰ
92 1971 269 2022 ἀμφίὸολα
289 1971 582 2023 διακριθήσεσθαι.
603 1972 886 2010 Ἐπανελθόντων
907 1972 943 2010 δὲ
968 1975 1068 2023 ἡμῶν

943 187 1266 229 FRAGMENTA.
1905 209 1909 212 ’
2130 207 2172 240 91

1139 277 1173 319 ἐς
1202 275 1265 323 τὴν
1295 276 1439 329 σκηνὴν,
1459 281 1477 317 ὁ
1496 283 1555 317 τοῦ
1576 279 1742 333 Ὀρέστου
1771 282 1888 336 πατὴρ
1911 287 2003 331 ἧκε
1994 285 2032 323 Λέ
2033 302 2115 335 γων,
2135 291 2180 331 ὡς

1139 334 1352 388 ἀμφοτέρους
1371 340 1460 386 ὑμᾶς
1479 338 1680 384 Ἀττηλας’
1665 340 1722 377 επὶ
1744 340 1782 377 τὸ
1803 343 1994 391 συμπόσιον
2013 359 2178 395 παρακα-

1138 394 1207 440 λει,
1226 393 1430 444 γενήσεσθαι
1450 395 1485 433 δὲ
1505 396 1588 434 αὐτὸ
1604 412 1684 449 περι
1706 399 1733 436 θ’
1753 401 1814 444 τ’ῆς
1833 400 1977 452 ἡμέρας.
1998 400 2090 444 Ὡς
2073 402 2107 440 οὲ
2121 404 2178 441 τὸν

1138 451 1256 503 καιρὸν
1273 452 1490 504 ἐφυλάξαμεν
1510 454 1568 492 καὶ
1588 455 1644 492 ἐπὶ
1664 455 1702 493 τὸ
1719 457 1853 494 δεῖπνον
1871 458 2052 504 κληθέντες
2071 476 2179 512 παρε-

1138 509 1305 560 γενόμεθα
1326 512 1427 560 ἡμεῖς
1445 527 1481 550 τε
1499 512 1559 550 καὶ
1578 515 1609 551 οἱ
1629 514 1697 552 ἀπὸ
1718 531 1784 552 των
1805 515 1972 568 ἑσπερίων
1994 516 2179 568 Ῥωμαίων

1138 568 1362 621 πρέσὸεις,”
1344 585 1492 621 εστημεν
1513 571 1569 609 ἐπι
1587 588 1647 610 του
1671 573 1811 611 οὖδοῦ’
1792 573 1891 611 αντία
1911 574 2072 621 Ἀττήλα.
2111 577 2181 614 Και

1137 627 1264 665 κύλικα
1283 630 1314 665 οἱ
1334 628 1481 680 οἰνοχόοι
1509 629 1602 668 κατὰ
1630 634 1669 669 τὸ
1700 631 1885 684 ἐπιχώριον
1905 633 2072 671 ἐπέδοσαν
2094 634 2180 680 ἔθος,

1138 687 1184 729 ὡς
1204 701 1263 723 και
1295 689 1388 736 ἡμᾶς
1406 686 1473 739 πρὸ
1502 690 1563 733 τ’ἧς
1582 687 1681 740 ε’δρας
1701 687 2000 734 ἐπεύξασθαι.ου
2024 692 2064 737 δὴ
2085 708 2179 743 γενο·

1138 743 1261 794 μένου,
1278 747 1339 791 τ’ἧς
1354 744 1530 789 κύλικος
1511 747 1788 798 απογευσάμενοι
1809 748 1866 787 ἐπὶ
1883 766 1959 793 τους
1972 750 2106 802 θρόνους
2123 751 2180 797 ἥλ-

1137 807 1254 852 θομεν,
1274 806 1312 841 οὗ
1333 802 1401 841 ἔδει
1421 804 1683 849 καθεσθέντας
1665 812 1826 847 οειπνεῖν.
1848 807 1942 860 Πρὸς
1961 807 1996 846 δὲ
2015 814 2086 852 τοῖς
2109 809 2179 846 τοί-

1135 875 1210 912 χοις
1222 865 1281 899 τοῦ
1293 861 1481 911 οἰκήματος
1491 862 1616 906 πάντες
1627 866 1781 915 ὑπῆρχον
1793 867 1823 902 οἱ
1838 865 1950 917 δίφροι
1965 865 1998 910 ἐξ
2014 866 2178 918 ἑκατέρας

1136 920 1300 971 πλευρᾶς.
1320 919 1382 958 Εν
1401 920 1591 973 μεσωτάτῳ
1608 921 1643 959 δὲ
1660 925 1777 968 ἡστο’
1763 939 1819 960 επι
1834 923 1950 970 κλίνης
1965 926 1981 961 ὁ
1997 924 2177 974 Ἀττήλας,

1136 977 1297 1030 ἑτέραςσ
1285 977 1457 1022 ἐξόπισθεν
1488 979 1605 1026 κλίνης
1637 981 1861 1032 ὑπαρχούσης
1895 984 2012 1035 αὔτω,
2037 985 2110 1032 μεθ’
2137 984 2178 1030 ἣν

1138 1035 1267 1087 βαθμοί
1282 1052 1368 1080 τινες
1382 1037 1437 1074 ἐπὶ
1451 1037 1513 1084 τὴν
1525 1041 1630 1076 αὐτοῦ
1646 1042 1769 1090 ἀνῆγον
1783 1040 1895 1088 εὐνὴν,
1910 1042 2178 1091 καλυπτομένην

1135 1094 1267 1138 ὀθόναις
1285 1095 1345 1133 καὶ
1373 1095 1542 1139 ποικίλοις
1573 1098 1873 1149 παραπετάσμασι
1901 1099 2032 1149 κόσμου
2059 1101 2177 1152 χάριν,

1135 1153 1293 1204 καθάπερ
1310 1154 1366 1191 ἐπὶ
1383 1157 1451 1193 τῶν
1467 1155 1672 1205 γαμούντων
1688 1155 1860 1204 Ἵῖλληνές
1877 1174 1913 1196 τε
1929 1158 1989 1195 καὶ
2006 1158 2179 1209 Ῥωμαῖοι

1135 1212 1446 1258 κατασκευάζουσι.
1474 1214 1544 1252 Καὶ
1573 1214 1715 1267 πρώτην
1746 1214 1808 1265 μὲν
1829 1216 1984 1266 ἐνόμιζον
2009 1233 2076 1254 των
2106 1218 2176 1254 δει-

1133 1270 1308 1309 πνούντων
1328 1271 1422 1316 τάξιν
1442 1271 1504 1317 τὴν
1525 1275 1559 1310 ἐν
1580 1273 1673 1326 δεξιοί
1695 1278 1755 1312 τοῦ
1765 1275 1944 1346 νἈττήλα,
1965 1275 2126 1327 δευτέραν
2142 1276 2176 1313 δὲ

1135 1328 1196 1374 τὴν
1215 1329 1404 1380 εὐώνυμον,
1423 1332 1457 1368 ἐν
1472 1326 1528 1383 ᾐ’
1513 1332 1746 1383 ετυγχάνομεν
1760 1333 1872 1380 ὄντες,
1889 1334 2179 1385 προκαθεσθέντος

1134 1389 1235 1436 ἡμων
1268 1389 1434 1440 Βεριχου,
1464 1390 1561 1441 παρὰ
1596 1390 1747 1435 Σκύθαις
1778 1394 1815 1429 εὖ
1843 1392 2020 1443 γεγονότος
2044 1393 2176 1444 ἀνδρός.

1134 1443 1179 1483 ‘O
1209 1445 1276 1496 γὰρ
1306 1446 1549 1498 ΗΟνηγήσιος
1534 1463 1591 1485 επι
1612 1448 1731 1501 δίφρου
1751 1453 1838 1496 ἧστο
1864 1452 1898 1487 ἐν
1925 1450 2018 1503 δεξιᾷ
2037 1467 2098 1497 της
2117 1455 2176 1489 τοῦ

1137 1503 1305 1555 βασιλέως
1325 1505 1455 1551 κλίνης.
1478 1505 1633 1557 Ἀντικρυ
1653 1507 1688 1544 δε
1707 1511 1767 1545 τοῦ
1798 1491 2011 1556 Ὀνηγησίού
2041 1510 2097 1547 επὶ
2126 1510 2177 1548 δι’·

1134 1577 1219 1614 φρου
1243 1562 1442 1608 ἐκαθέζοντο
1462 1563 1520 1609 δύο
1548 1567 1615 1602 τῶν
1635 1564 1783 1612 Ἀττήλα
1808 1566 1953 1604 παίδων·
1970 1570 1988 1605 ὃ
2007 1567 2074 1620 γὰρ
2094 1584 2176 1619 πρε-

1135 1620 1331 1672 σὸύτερος’
1316 1637 1373 1659 επι
1390 1638 1451 1668 της
1468 1622 1597 1661 ἐκείνου
1617 1627 1663 1670 ἡσ
1643 1639 1703 1661 στο
1722 1624 1861 1675 κλίνης,
1884 1626 1945 1662 οὐκ
1960 1625 2080 1676 ἐγγὺς,
2099 1627 2178 1665 ἀλλ’

1134 1680 1189 1716 ἐπ’
1206 1678 1337 1730 ἄκρου,
1358 1681 1450 1718 αἰδοῖ
1475 1684 1533 1718 τοῦ
1559 1696 1687 1733 πατρος
1710 1681 1884 1734 βλέπων’
1870 1699 1901 1725 ες
1920 1699 1999 1734 γην.
2028 1684 2177 1722 Πάντων

1135 1736 1170 1774 δὲ
1207 1738 1242 1774 ἐν
1275 1737 1398 1791 κόσμῳ
1441 1738 1679 1787 καθεστώτων,
1716 1740 1899 1793 παρελθὼν
1943 1741 2092 1794 οἰνοχόος
2126 1745 2175 1796 τῷ

1134 1796 1283 1850 ’Λττήλᾳ
1304 1797 1395 1835 οἴνου
1420 1797 1599 1836 κισσύὸιον
1627 1798 1818 1837 ἐπιδίδωσι.
1847 1799 2042 1850 Δεξάμενος
2063 1801 2097 1839 δὲ
2118 1801 2176 1839 τὸν

1133 1858 1175 1908 τῇ
1191 1855 1284 1896 τάξει
1298 1859 1432 1909 πρῶτον
1447 1857 1636 1903 ἠσπάζετο.
1652 1856 1697 1896 ‘0
1712 1857 1747 1895 δὲ
1763 1860 1813 1911 τῷ
1831 1860 2009 1912 ἀσπασμῷ
2023 1860 2178 1909 τιμηθεὶς

1134 1915 1349 1952 διανίστατο·
1369 1915 1428 1953 καὶ
1443 1917 1480 1953 οὔ
1495 1915 1660 1968 πρότερον
1677 1918 1794 1963 ἱζῆσαι
1808 1917 1903 1967 θέμις
1919 1912 1974 1963 ἧν,
1993 1918 2072 1969 πρὶν
2088 1917 2110 1964 ἢ
2126 1921 2176 1971 τῷ

1134 1973 1278 2026 οἰνοχόῳ
1300 1973 1580 2024 ἀπογευσάμενος
1599 1973 1620 2020 ἢ
1641 1974 1700 2012 καὶ
1721 1974 1849 2013 ἐκπιὼν
1870 1975 2029 2014 ἀπέδωκε
2045 1977 2084 2014 τὸ
2103 1993 2176 2015 κισ-

30 2081 141 2120 cebat,
166 2081 211 2113 illi
229 2090 338 2113 servos
352 2090 421 2114 esse
445 2083 648 2114 exercituum
671 2082 788 2122 duces,
807 2083 866 2114 sibi
888 2091 964 2114 vero
986 2084 1072 2114 viros

30 2133 275 2174 imperatoribus
297 2134 449 2165 Romanis
472 2134 626 2174 dignitate
643 2143 745 2175 pares.
771 2137 813 2167 Et
837 2135 926 2166 brevi
943 2135 1072 2175 quidem

31 2185 92 2218 sibi
106 2186 254 2225 potentiae
270 2186 481 2217 accessionem
506 2186 593 2226 sore,
611 2186 697 2226 quod
711 2188 743 2218 et
756 2186 853 2226 deus,
870 2187 980 2218 Martis
998 2195 1073 2219 ense

30 2237 62 2269 in
77 2237 181 2268 lucem
196 2238 374 2277 protracto,
388 2237 595 2276 portenderit.
611 2237 670 2269 Hic
681 2238 765 2269 ensis
774 2239 929 2278 tanquam
941 2246 1029 2270 sacer
1041 2240 1073 2270 et

31 2287 92 2319 deo
110 2288 264 2320 bellorum
282 2288 408 2328 praesidi
424 2288 606 2329 dedicatus,
620 2298 639 2320 a
650 2289 842 2329 Scytharum
857 2289 982 2330 regibus
994 2289 1072 2322 olim

31 2340 206 2379 colebatur,
231 2342 263 2372 et
289 2341 400 2373 multis
420 2341 548 2374 saeculis
570 2350 635 2373 non
657 2341 762 2382 visus,
784 2342 875 2374 bovis
896 2342 1072 2374 ministerio

31 2393 134 2426 fluerat
145 2394 223 2425 tunc
238 2394 389 2433 temporis
407 2395 530 2426 erutus.
584 2434 589 2437 .

74 2447 155 2476 Dum
174 2445 218 2476 ita
233 2444 273 2476 de
287 2445 433 2484 praesenti
450 2454 556 2476 rerum
575 2445 660 2476 statu
676 2443 933 2485 confabulamur,
949 2448 1070 2487 Onege·

31 2497 97 2528 sins
123 2497 206 2529 foras
228 2497 363 2537 prodiit,
389 2497 428 2528 ad
446 2506 563 2537 quem,
589 2499 626 2529 ut
641 2507 683 2529 ex
710 2507 748 2530 eo
764 2498 961 2531 disceremus
998 2507 1072 2539 quae

33 2551 150 2580 nostrae
159 2557 246 2580 curae
257 2549 425 2580 commissa
436 2549 572 2586 fuerant,
584 2549 784 2581 accessimus.
829 2550 886 2581 Ille
900 2559 974 2582 vero
985 2550 1072 2590 prius

33 2609 105 2632 cum
130 2600 236 2632 nescio
260 2601 377 2640 quibus
403 2601 546 2633 barbaris
571 2602 765 2641 collocutus,
788 2611 929 2643 quaerere
954 2611 1006 2635 me
1031 2611 1070 2635 ex

31 2652 206 2686 Maximino
220 2653 333 2693 Jussit,
354 2662 448 2694 quem
472 2654 606 2685 Romani
628 2663 665 2685 ex
686 2654 907 2686 consularibus
931 2655 1070 2695 legatum

32 2703 72 2735 ad
87 2705 216 2736 Attilam
228 2706 332 2736 essent
343 2705 482 2737 missuri.
527 2706 571 2736 Ut
585 2705 617 2737 in
631 2705 805 2737 tentorium
818 2706 890 2738 veni
900 2729 909 2744 ‚
923 2708 955 2738 et
969 2706 1069 2738 Maxi-

31 2755 137 2794 mino,
158 2764 232 2796 quae
247 2755 325 2786 mibi
339 2756 512 2795 onegesins
536 2756 679 2796 dixerat,
698 2757 813 2797 retuli,
835 2757 942 2789 habita
956 2757 996 2789 de
1010 2766 1047 2789 eo
1059 2782 1068 2798 ‚

32 2807 117 2846 quod
142 2806 286 2838 barbaris
304 2807 559 2848 respondendum
579 2809 678 2847 esset,
702 2808 944 2848 deliberatione,
971 2809 1069 2849 redii,

33 2856 164 2898 dixique
179 2859 352 2899 Onegesio,
379 2861 537 2890 Romanos
554 2867 743 2900 magnopere
763 2860 942 2892 desiderare
953 2884 962 2899 ‚
979 2861 1069 2892 illum

32 2918 160 2942 suarum
186 2919 260 2942 cum
286 2911 385 2943 Attila
400 2912 691 2943 controversiarum
713 2912 955 2953 disceptatorem
978 2914 1018 2945 ad
1036 2923 1070 2946 se

32 2961 194 2994 accedere.
212 2964 284 2999 Qua
307 2971 362 3003 spe
378 2963 403 2993 si
419 2962 614 3002 exciderint,
630 2964 852 3004 imperatorem
863 2989 872 3004 ,
889 2974 985 3005 quem
1010 2966 1068 2998 sibi

34 3013 176 3053 libuerit,
194 3014 335 3054 legatum
349 3015 531 3048 missurum.
549 3017 715 3056 Extemplo
735 3026 786 3048 me
800 3018 1009 3049 Maximinum
1020 3028 1069 3050 ar-

34 3072 154 3096 cessere
167 3065 277 3106 jussit,
295 3075 391 3106 quem
402 3091 411 3106 ,
424 3067 462 3098 ut
480 3067 585 3107 venit,
599 3067 639 3098 ad
654 3068 782 3099 Attilam
796 3069 941 3101 deduxit.
978 3070 1069 3102 Unde

33 3122 96 3147 non
123 3116 226 3148 multo
251 3120 322 3157 post
341 3118 533 3150 Maximinus
554 3127 715 3158 reversus,
732 3119 874 3151 narravit
895 3120 1067 3152 barbarum

35 3167 116 3198 vel¹e
130 3168 353 3207 imperatorem
370 3169 410 3199 ad
426 3178 459 3201 se
478 3170 604 3201 mittere
630 3170 749 3210 legatos
776 3172 833 3202 aut
853 3173 990 3203 Nomum
1012 3174 1068 3204 aut

34 3218 213 3250 Anatolium
235 3221 290 3251 aut
311 3221 518 3260 senatorem,
541 3230 644 3260 neque
668 3222 750 3253 ullos
771 3222 851 3254 alios
872 3224 987 3262 praeter
1010 3223 1068 3255 bos

33 3269 257 3302 admissurum.
299 3273 340 3303 Et
356 3281 457 3312 quum
471 3273 661 3305 Maximinus
682 3274 833 3313 objiceret
850 3275 980 3307 minime
993 3283 1066 3306 con-

33 3322 140 3354 venire
158 3323 295 3363 legatos,
311 3325 366 3364 qui
379 3325 420 3356 ad
434 3334 468 3357 se
492 3327 673 3365 mittantur,
690 3326 881 3366 designando
904 3330 1068 3367 suspectos

35 3370 218 3414 imperatori
232 3376 361 3409 reddere
370 3401 379 3417 ,
393 3378 524 3410 Attilam
538 3379 733 3419 respondisse
742 3404 751 3420 ,
765 3381 790 3411 si
805 3380 873 3412 baec
884 3380 1064 3422 abnuerint,

1130 2084 1228 2115 armis
1246 2093 1279 2115 se
1292 2085 1526 2116 controversias
1547 2084 1812 2125 disceptaturum.
1860 2088 2005 2118 Reversis
2028 2087 2120 2118 nobis
2142 2087 2175 2118 in

1130 2137 1304 2168 tentorium
1315 2161 1323 2176 ,
1336 2146 1410 2168 ecce
1422 2137 1461 2168 ad
1477 2146 1536 2169 nos
1549 2138 1672 2170 Orestis
1684 2140 1784 2178 pater,
1802 2151 1817 2165 α
1832 2140 1897 2170 Vos
1911 2139 2021 2170 ambos
2031 2163 2039 2179 ‚
2052 2139 2154 2180 inquit
2164 2163 2173 2176 ‚

1129 2187 1170 2219 ad
1183 2188 1364 2220 convivium
1383 2188 1494 2221 invitat
1507 2189 1642 2228 Attilas;
1665 2189 1718 2221 fiet
1734 2198 1811 2221 vero
1825 2189 1904 2221 illud
1921 2190 1961 2221 ad
1975 2199 2094 2222 nonam
2112 2191 2173 2222 diei

1131 2240 1254 2273 boram.
1271 2254 1286 2269 υ
1302 2244 1461 2282 Tempore
1474 2242 1622 2273 condicto
1635 2241 1803 2273 observato
1813 2266 1822 2282 ,
1837 2243 1873 2273 ut
1886 2242 2049 2282 venimus,
2063 2244 2094 2274 et
2110 2252 2175 2274 una

1130 2301 1258 2333 quoque
1281 2295 1500 2324 Romanorum
1518 2292 1773 2325 occidentalium
1795 2293 1904 2333 legati,
1923 2293 2071 2326 stetimus
2086 2295 2118 2326 in
2135 2295 2174 2326 li-

1130 2345 1216 2377 mine
1232 2346 1387 2377 coenaculi
1401 2354 1510 2377 coram
1531 2346 1641 2378 Attila.
1662 2348 1743 2378 'rum
1757 2346 1936 2386 pincernae,
1948 2348 1984 2377 ut
1997 2355 2066 2378 mos
2082 2347 2174 2379 estin

1129 2396 1191 2428 illis
1217 2397 1414 2436 regionibus,
1434 2397 1567 2428 calicem
1593 2397 1812 2436 tradiderunt,
1836 2398 1873 2429 ut
1896 2398 1969 2428 ante
1988 2398 2171 2430 accubitum

1129 2450 1205 2479 vota
1222 2448 1410 2480 faceremus.
1428 2450 1500 2485 Quo
1516 2449 1600 2479 sacto
1613 2472 1622 2487 ‚
1636 2450 1668 2479 et
1681 2449 1778 2479 calice
1790 2448 1959 2488 degustato
1969 2472 1978 2488 ‚
1995 2449 2063 2489 ipsa
2075 2450 2153 2481 solia
2163 2474 2172 2489 ‚

1129 2500 1163 2532 in
1197 2501 1314 2541 quibus
1346 2510 1403 2532 nos
1426 2500 1572 2532 sedentes
1599 2509 1725 2532 coenare
1749 2501 1934 2541 oportebat,
1961 2502 2169 2534 ascendimus.

1129 2553 1244 2584 Omnia
1260 2553 1369 2585 sedilia
1387 2553 1471 2584 circa
1482 2553 1616 2593 parietes
1631 2553 1770 2584 cubiculi
1791 2552 1832 2584 ab
1849 2554 1985 2593 utraque
2004 2555 2092 2593 parte
2107 2554 2171 2585 dis-

1130 2606 1231 2645 posita
1244 2606 1334 2637 erant
1349 2618 1357 2637 ι
1371 2605 1495 2636 medius
1508 2605 1635 2636 inlecto
1648 2605 1777 2637 sedebat
1794 2605 1908 2636 Attilas
1916 2629 1926 2645 ,
1940 2607 2041 2636 altero
2057 2606 2138 2638 lecto
2150 2616 2169 2638 a

1129 2658 1217 2695 tergo
1233 2658 1351 2696 strato,
1367 2665 1449 2696 pone
1464 2665 1561 2696 quem
1578 2658 1669 2687 erant
1685 2656 1816 2696 quidam
1831 2656 1963 2695 gradus,
1981 2657 2034 2696 qui
2051 2657 2090 2688 ad
2104 2657 2172 2696 ejus

1128 2708 1233 2740 cubile
1247 2708 1407 2744 serebant,
1431 2708 1535 2739 linteis
1551 2707 1693 2739 candidis
1706 2710 1737 2739 et
1750 2708 1847 2739 variis
1863 2709 2020 2748 tapetibus·
2041 2712 2172 2741 ornatus

1127 2760 1229 2799 gratia
1243 2761 1426 2791 contectum
1437 2783 1445 2798 ‚
1463 2759 1566 2790 simile
1579 2759 1738 2790 cubilibus
1750 2782 1758 2796 ,
1775 2767 1848 2798 quae
1866 2760 1999 2791 Romani
2014 2761 2045 2791 ct
2067 2761 2169 2792 Graeci

1127 2811 1321 2842 nubentibus
1333 2810 1489 2842 adornare
1503 2820 1560 2850 pro
1574 2819 1663 2841 more
1683 2810 1812 2842 babent.
1832 2813 1870 2842 Et
1887 2810 2024 2851 primum
2039 2811 2168 2851 quidem

1129 2862 1337 2894 convivarum
1360 2862 1467 2893 locum
1485 2862 1554 2901 ejus
1570 2861 1728 2893 habebant
1739 2885 1748 2900 ‚
1765 2861 1821 2901 qui
1837 2861 1876 2892 ad
1900 2863 2005 2893 Attilae
2022 2862 2168 2894 dextram

1128 2915 1279 2954 sedebat,
1297 2914 1474 2946 secundum
1488 2914 1573 2954 eius,
1587 2914 1642 2954 qui
1655 2913 1694 2945 ad
1711 2914 1826 2945 laevam
1844 2926 1852 2945 z
1868 2914 1899 2944 in
1910 2923 1974 2953 quo
1988 2923 2044 2946 nos
2060 2917 2092 2946 et
2111 2917 2168 2947 Be-

1127 2967 1254 3006 ricbus,
1278 2966 1326 2997 vir
1342 2965 1428 3006 apud
1447 2966 1582 3005 Scythas
1600 2965 1732 3004 nobilis,
1758 2964 1813 2996 sed
1833 2965 1986 2997 Bericbus
2007 2967 2169 3006 superiore

1127 3018 1208 3050 loco.
1225 3020 1304 3050 Nam
1315 3016 1487 3056 Onegesius
1498 3016 1531 3047 in
1543 3016 1619 3048 sella
1632 3016 1673 3047 ad
1685 3015 1831 3047 dextram
1845 3016 1918 3056 regii
1933 3017 2030 3056 tbori,
2046 3019 2076 3048 et
2090 3027 2107 3049 e
2122 3027 2167 3049 re-

1127 3072 1220 3111 gione
1247 3070 1390 3109 Onegesii
1407 3069 1472 3100 duo
1492 3078 1532 3100 cx
1551 3069 1658 3100 Attilae
1674 3068 1747 3099 tiliis
1771 3068 1934 3100 sedebant.
1953 3069 2063 3100 Senior
2081 3070 2165 3100 enim

1127 3124 1160 3154 in
1179 3122 1301 3159 eodem,
1315 3130 1378 3162 quo
1393 3123 1494 3161 pater,
1511 3121 1640 3160 throno,
1657 3129 1720 3152 non
1734 3129 1843 3160 prope,
1859 3120 1913 3152 sed
1931 3121 2069 3152 multum
2084 3121 2166 3152 infra

1126 3174 1354 3224 accumbebat,
1374 3173 1476 3204 oculis
1489 3182 1554 3214 prm
1576 3173 1696 3213 pudore
1712 3174 1842 3213 propter
1854 3173 1950 3213 patris
1965 3174 2164 3212 praesentiam

1126 3235 1250 3266 semper
1264 3225 1421 3256 interram
1433 3224 1593 3264 conjectis.
1606 3224 1763 3256 Omnibus
1776 3224 1888 3255 ordine
1900 3224 2097 3262 sedentibus,
2109 3224 2163 3263 qui

1125 3279 1233 3310 Attilae
1247 3278 1314 3309 erat
1336 3286 1354 3308 a
1373 3277 1507 3317 poculis,
1524 3276 1703 3316 ingrediens
1716 3278 1857 3317 pateram
1869 3276 1934 3307 vini
1950 3276 2056 3307 tradit.
2075 3278 2163 3307 Hauc

1126 3330 1180 3362 ubi
1195 3330 1343 3370 suscepit,
1355 3329 1535 3369 proximum
1546 3328 1656 3360 ordine
1665 3329 1827 3368 salutavit,
1837 3328 1893 3368 qui
1905 3328 2094 3359 salutatione
2108 3328 2161 3358 bo-

1125 3384 1256 3414 noratus
1283 3381 1431 3421 surrexit,
1449 3389 1553 3421 neque
1575 3380 1661 3421 prius
1679 3389 1751 3412 eum
1773 3380 1883 3412 sedere
1903 3379 1949 3410 sas
1966 3379 2046 3418 erat,
2064 3387 2160 3419 quam
