2326 3724
723 236 787 276 ET
815 235 1207 278 AGLAOSTHENIS
1235 238 1570 279 FRAGMENTA.

82 322 150 362 Δία
170 323 270 362 ἄλλοι
297 322 464 375 ἱστορικοὶ
492 321 750 375 ἀναγράφουσιν
777 323 866 361 ἰδίαν
892 322 970 362 τινὰ
1002 323 1122 376 σχέσιν

84 381 161 435 περὶ
177 383 284 420 αὐτοῦ
299 383 532 434 ἱστοροῦντες,
547 381 659 433 τρισὶν
676 382 868 434 ὀφθαλμοῖς
882 382 987 420 αὐτὸν
1001 385 1127 434 κεχρῆ-

82 439 143 478 σαί
157 455 276 494 φασιν,
293 442 340 484 ὡς
356 442 387 479 οἱ
411 440 492 493 περὶ
509 439 625 491 Ἀγίαν
646 439 706 478 καὶ
725 440 898 493 Δερκύλον
922 439 1125 492 (Δέρκαλον

81 499 210 550 eod.).
236 501 320 539 vid.
355 501 558 537 Pausanias
588 501 650 546 11,
684 505 755 546 24,
787 505 831 547 43
859 501 974 547 VIII,
1003 500 1070 547 46,
1090 513 1126 538 2.

79 559 268 596 Welcker.
292 559 395 607 Cycl.
413 571 454 608 p.
478 571 570 609 279,
595 565 677 598 not.
703 563 795 608 449.

585 656 620 696 4.

130 745 331 783 Athenaeus
353 747 457 792 XIV,
475 758 516 796 p.
540 746 639 792 626,
660 747 689 785 F
708 759 716 782 :
740 744 856 796 Ἀγίας
872 744 902 783 δ’
923 746 941 783 ὁ
964 744 1127 796 μουσικὸς

78 801 163 856 ἔφη,
182 803 242 842 τὸν
259 802 437 857 στύρακα,
453 802 512 842 τὸν
532 805 567 843 ἐν
583 806 660 847 ταῖς
677 803 889 857 ὀρχήστραις
907 803 1125 854 θυμιώμενον

77 861 147 906 τοῖς
164 860 369 909 Διονυσίοις,
389 860 546 914 Φρύγιον
568 863 678 900 ποιεῖν
697 861 808 912 ὀδμὴν
829 867 898 905 τοῖς
915 861 1123 912 αἰσθανομέ-

77 932 160 963 νοις.
173 918 226 959 Τὸ
238 919 266 957 δ’
278 920 458 973 ἄρχαῑονὴ
477 918 629 970 μουσικὴ
640 919 694 959 ἐπ’
705 919 865 973 ἀνδρείαν
873 919 1053 972 προτροπὴ
1065 915 1121 968 ἦν.

129 979 233 1028 Agiae
263 989 406 1016 nomen
428 979 629 1018 Fabricius
651 979 662 1030 (
681 979 780 1016 Bibl.
801 979 868 1017 Gr.
891 980 929 1024 Ι,
959 992 1001 1028 p.
1022 979 1124 1029 658)

81 1039 219 1087 reponi
243 1038 365 1074 voluit
389 1050 454 1088 ap.
485 1038 604 1077 schol.
633 1039 768 1088 Eurip.
801 1038 935 1076 Phoen.
974 1037 1045 1088 13,
1063 1039 1131 1075 ubi

81 1091 197 1145 vulgo
217 1096 355 1146 legitur
384 1094 570 1147 Αἶγύστιος
589 1098 650 1134 vel
678 1095 883 1147 Αἰγύπτιος.
907 1098 985 1135 Nos
1002 1098 1131 1134 locum

81 1155 277 1192 attulimus
303 1156 345 1191 in
377 1155 595 1205 fragmentis
620 1156 847 1205 Lysimachi.
871 1177 924 1183 --
954 1155 1130 1194 Ceterum

76 1212 125 1249 de
143 1214 332 1263 scriptura
352 1215 518 1251 nominis
536 1212 652 1264 Ἀγίας
675 1226 713 1252 v.
735 1215 926 1252 Welcker.
949 1215 990 1251 in
1009 1217 1121 1253 Hom.

77 1271 181 1319 Cycl.
194 1280 233 1321 p.
247 1272 336 1319 278.
353 1274 491 1309 Praeter
500 1274 636 1322 Agiam
646 1270 794 1311 Νόστων
808 1280 1001 1309 auctorem
1014 1280 1128 1322 atque

79 1331 215 1378 Agiam
230 1333 422 1367 comicum
441 1330 615 1381 (Pollux,
627 1333 703 1377 ΙΙΙ,
720 1331 768 1368 36
783 1330 810 1381 ),
823 1332 975 1368 enotavi
993 1333 1127 1379 Agiam

78 1396 225 1432 vatem,
247 1389 431 1437 Agelochi
449 1389 495 1435 f.‚
516 1390 583 1438 qui
600 1389 800 1438 Lysandro
819 1390 1018 1426 victoriam
1035 1404 1130 1439 prae-

77 1445 189 1492 dixit,
203 1459 266 1496 ap.
279 1449 439 1484 Pausan.
454 1449 529 1493 III,
550 1460 566 1484 1
577 1446 651 1494 1‚5‚
662 1448 731 1484 ubi
739 1460 778 1486 v.
792 1448 952 1497 interpr.
966 1460 976 1494 3
991 1448 1128 1497 Agiam

75 1505 263 1542 Arcadem
280 1506 321 1541 in
337 1506 519 1556 Xenoph.
536 1506 660 1544 Anab.
681 1507 740 1552 ΙΙ,
758 1504 824 1553 5,7
839 1520 850 1552 ;
874 1509 1012 1556 Agiam
1030 1506 1127 1557 (vgo

77 1563 251 1614 Ageum)
281 1565 462 1612 Argivum
493 1566 810 1614 Olympionicam,
845 1565 905 1604 Ol.
942 1579 957 1602 1
969 1566 1034 1612 13,
1068 1579 1129 1617 ap.

76 1620 216 1661 Euseb.
235 1622 378 1662 Chron.
401 1636 443 1673 p.
471 1622 543 1662 152
566 1624 630 1663 ed.
651 1624 727 1661 Mai
735 1636 747 1670 3
765 1626 906 1673 Agiam
923 1627 1121 1674 Argivum,

78 1681 159 1729 qui,
179 1682 381 1719 interfecto
396 1683 627 1732 Argivorum
639 1689 804 1730 tyranno
821 1684 1016 1733 Aristippo
1036 1683 1126 1734 (vid.

75 1740 196 1776 Diniae
209 1741 341 1790 Argivi
359 1738 517 1793 fragm.)
531 1768 542 1787 ‚
557 1753 705 1779 summa
719 1753 850 1779 rerum
862 1744 1022 1792 potitur,
1037 1744 1127 1780 Plu-

80 1798 201 1835 tarch.
225 1800 332 1836 Arat.
355 1812 390 1836 c.
413 1812 478 1848 29.

298 2027 905 2086 AGLAOSTHENES.

477 2146 725 2186 ΝΑΞΙΑΚΑ.

585 2253 619 2279 1-

131 2316 305 2366 Hyginus
337 2316 447 2355 Poet.
482 2322 626 2355 astron.
650 2317 712 2363 11,
749 2329 770 2353 2
796 2328 805 2355 :
838 2320 971 2354 Arctos
1000 2322 1129 2357 mitior.

78 2377 189 2417 Hanc
216 2375 507 2423 Aglaosthene's‚
540 2380 605 2423 qui
631 2371 787 2412 Naxica
814 2380 1044 2428 conscripsit,
1077 2381 1134 2413 ait

17 2462 20 2466 .
82 2434 311 2482 Cynosuram
325 2446 403 2471 esse
416 2447 529 2470 unam
542 2435 591 2470 cle
608 2435 711 2471 Iovis
730 2437 932 2472 nutricibus
944 2449 993 2472 ex
1012 2437 1132 2472 Idaeis

78 2490 295 2541 nymphi55‘
309 2493 359 2530 ab
383 2497 464 2541 ejus
492 2506 634 2542 quoque
654 2498 805 2530 nomine
828 2503 867 2531 et
881 2496 1021 2540 urbem,
1046 2508 1132 2544 quoe

76 2551 244 2587 Hestioea
271 2559 435 2596 vocatur,
471 2565 497 2588 a
524 2552 734 2590 Nicostrato
767 2561 804 2589 et
832 2554 1024 2590 sodalibus
1052 2558 1132 2600 ejus

77 2613 330 2655 constitutam,
359 2618 396 2647 et
409 2619 557 2659 portum
577 2615 641 2659 qui
655 2612 705 2647 ibi
722 2619 777 2648 est
794 2619 833 2648 et
845 2615 929 2662 agri
949 2616 1129 2659 masorem

73 2670 221 2709 partem
239 2662 466 2710 Cynosuram
493 2665 744 2713 appellatam.
763 2665 872 2700 Hanc
892 2673 1015 2716 autem
1035 2669 1131 2705 inter

80 2720 232 2765 Curetas
239 2719 382 2768 fuisse,
398 2725 464 2770 que·
478 2723 578 2759 Iovis
578 2721 743 2770 suerunt
755 2724 993 2762 administri„

131 2780 396 2817 Eratosthenes
404 2781 581 2818 Cataster.
599 2793 639 2827 2,
652 2781 700 2818 de
713 2794 799 2819 ursa
809 2783 950 2818 minori
963 2795 971 2818 :
983 2778 1131 2831 Ἇγλαοὲ

44 2885 47 2888 ⁴
81 2833 204 2883 σθένης
229 2836 464 2890 (Ἀγασθένης
492 2851 573 2877 var.
605 2840 693 2876 lect.
714 2839 743 2909 )...
752 2838 829 2877 δὲ’
814 2855 848 2876 εν
870 2844 940 2883 τοῖς
965 2838 1129 2883 Ναξικοῒς

85 2894 190 2956 (fic)
226 2911 311 2950 φησι
336 2911 460 2950 τροφον
490 2895 650 2947 γενέσθαι
681 2901 743 2935 τοῦ
769 2897 850 2941 Διος
878 2899 1127 2951 Κυνόσουραν,

81 2948 168 2992 εἶναι
188 2954 224 2994 δὲ
257 2954 341 3007 μίαν
365 2958 434 2994 τῶν
456 2955 593 2995 Ἰδαίων
617 2959 772 3011 νυμφῶν,
801 2957 862 3011 ἀφ’
885 2952 958 3005 ἦς’
943 2974 977 2997 εν
973 2957 1040 3018 ωμὲ
1043 2973 1060 2995 ν
1085 2961 1127 3010 τῇ

80 3013 181 3051 πόλει
206 3017 250 3065 τῇ
269 3013 468 3067 καλουμένῃ
495 3013 622 3059 Ἱστοῖς
641 3015 656 3067 [
676 3015 829 3066 τοῦνομα
852 3031 953 3055 τουτο
971 3019 1012 3064 ἠν
1029 3017 1059 3068 ],
1081 3016 1123 3064 ἣν

80 3071 207 3124 οἱπερὶ
222 3071 500 3125 Νικόστρατον”
481 3088 637 3120 εκτισαν,
648 3074 708 3112 καὶ
725 3074 783 3113 τὸν
801 3076 837 3113 ἐν
851 3076 939 3126 αὖτῃ
917 3074 988 3112 δὲ
1002 3073 1127 3124 λιμένα

2155 263 2230 296 293

1186 341 1324 364 nomen
1336 341 1380 365 ex
1395 329 1432 366 h.
1450 329 1476 364 l.
1494 329 1773 365 emendandum
1788 344 1849 378 ap.
1875 335 2066 381 Hyginum
2081 342 2118 371 et
2133 335 2231 373 Ger—

1186 387 1392 424 manicum.
1418 386 1525 422 Idem
1551 399 1693 424 nomen
1716 386 1825 425 Ἱστοὶ
1858 396 2036 438 tanquam
2062 394 2233 430 stationis

1187 445 1226 479 in
1241 446 1364 481 Icaria
1380 446 1449 482 ins.
1473 444 1589 481 habes
1607 458 1669 495 ap.
1690 447 1869 485 Strabon.
1890 449 1993 498 XIV,
2014 463 2054 498 p.
2079 451 2167 500 639.

1240 502 1455 542 Germanic.
1483 503 1531 540 ad
1548 506 1653 542 Arat.
1682 509 1731 547 24
1751 516 1759 542 :
1782 507 2051 553 Agatosthenes
2078 507 2173 558 (sic)
2196 514 2235 546 in

1191 565 1370 599 Asiaticis
1383 561 1616 599 carminibus
1639 563 1869 612 Cynosuram
1888 566 1979 601 dicit
1991 564 2115 611 fuisse
2133 569 2236 604 Jovis

1190 626 1368 658 nutricem
1383 635 1497 659 unam
1510 635 1560 658 ea·
1571 624 1694 659 Idoeis
1708 623 1885 671 nymphis
1895 650 1905 668 ‚
1927 636 1952 659 a
1965 637 2041 672 qua
2057 628 2095 659 in
2115 625 2236 662 Creta?

1188 682 1325 729 oppido
1337 683 1466 717 Histoe·
1475 682 1708 718 Nicostratus
1724 685 1909 718 constituit
1917 690 2064 730 portus,
2088 691 2127 718 et
2137 687 2236 720 circa

1188 751 1270 775 eum
1286 741 1404 775 locum
1425 740 1655 787 Cynosuram
1665 753 1676 784 ‚·
1693 739 1818 787 fuisse
1837 753 1918 776 cum
1939 741 2148 787 Telclainiis,
2174 748 2238 791 qui

1189 798 1361 833 dicuntur
1384 798 1536 835 Curetes
1547 799 1662 836 Idoei.

1244 857 1358 892 Initio
1385 856 1506 893 scribe
1532 856 1806 904 Aglaosthenes
1843 860 1879 892 in
1907 858 2105 896 Naxiacis.
2132 859 2236 895 Istud

1190 916 1369 951 Asiaticis
1399 917 1626 951 carminibus
1652 914 1663 965 (
1685 913 1894 958 Ἀσιατικοῖς
1923 914 2051 967 ἔπεσι)
2080 918 2237 957 fortasse

1191 980 1322 1009 natum
1355 973 1470 1010 fuerit
1497 986 1543 1010 ex
1564 975 1694 1023 graecis
1723 971 1912 1016 Ναξιακοῒς
1943 988 2042 1026 φησι.
2073 997 2124 1004 —-
2156 978 2238 1012 Tel-

1190 1032 1316 1068 chines
1349 1033 1430 1082 ipse
1459 1032 1727 1082 grammaticus
1758 1033 1927 1069 intulisse
1959 1034 2124 1070 videtur.
2145 1036 2239 1071 Vide

1191 1092 1359 1131 Lobeck.
1387 1092 1573 1142 Aglaoph.
1595 1105 1635 1142 p.
1665 1092 1778 1131 1182.
1800 1093 1854 1130 Cf.
1885 1093 2022 1166 Hoeck.
2047 1095 2178 1139 Creta,
2201 1096 2237 1141 l,

1189 1165 1231 1201 p
1257 1151 1348 1195 434-

1693 1234 1732 1260 2.

1246 1314 1495 1352 Germanicus
1521 1314 1572 1352 ad
1600 1316 1706 1352 Arat.
1732 1315 1835 1361 314:
1858 1317 2130 1366 Aglaostlzenes
2148 1320 2241 1356 dicit

1191 1374 1317 1409 Joc’em
1344 1377 1383 1409 in
1399 1375 1567 1422 aquilam
1595 1345 1914 1421 transfiguratum&
1926 1376 2096 1412 Nau-iam
2114 1382 2236 1424 regio-

1194 1444 1275 1467 nem
1295 1433 1359 1468 ubi
1386 1436 1544 1468 nutritus
1558 1430 1698 1478 fuerat
1717 1436 1884 1481 petiisse,
1910 1443 1947 1470 et
1960 1447 2114 1484 regnum
2131 1449 2240 1472 acce-

1185 1493 1288 1538 pisse
1303 1504 1316 1526 .·
1333 1503 1478 1539 egresso
1493 1503 1585 1527 vero
1598 1492 1646 1526 de
1660 1492 1792 1536 Naxo,
1814 1505 1923 1540 quum
1940 1495 2114 1530 adversus
2135 1496 2240 1531 Tita-

1191 1562 1262 1585 nas
1270 1550 1568 1598 proficisceretur
1578 1557 1617 1586 et
1632 1550 1860 1598 sacrificium
1876 1549 2044 1597 faceret,
2071 1556 2239 1601 aquilam

1192 1612 1229 1644 ei
1247 1612 1286 1644 in
1313 1611 1479 1657 auspicio
1506 1612 1726 1657 apparuisse
1750 1617 1789 1644 et
1795 1608 1970 1655 fulmina
1991 1614 2238 1657 ministrasse;

1192 1681 1304 1716 quam
1346 1669 1439 1704 bono
1479 1671 1600 1704 omine
1643 1676 1836 1720 acceptam
1873 1671 1999 1705 tuteloe
2026 1671 2237 1717 subsecisse.

1192 1727 1336 1763 Eadem
1352 1739 1398 1763 ex
1416 1726 1645 1763 Germanico
1665 1727 1806 1775 repetit
1821 1728 2054 1773 Lactantius,
2077 1727 2109 1774 Ι,
2136 1742 2150 1764 1
2163 1743 2196 1765 1.

1247 1784 1506 1822 Eratosthenis
1522 1786 1704 1823 Cataster.
1727 1786 1775 1822 30
1794 1798 1802 1824 :
1821 1785 2067 1838 Ἀγλαοσθένης
2085 1788 2122 1825 δέ
2136 1802 2240 1840 φησιν

1194 1836 1227 1880 ἐν
1247 1843 1318 1917 τρῖς
1343 1842 1556 1890 Ναξὶακοῒς,
1584 1843 1770 1894 γενόμενον
1790 1843 1848 1882 τὸν
1877 1845 1944 1883 Δία
1977 1846 2011 1883 ἓν
2036 1845 2158 1899 Κρήτῃ
2180 1847 2239 1885 καὶ

1192 1900 1284 1939 κατὰ
1310 1901 1451 1954 κράτος
1489 1901 1714 1953 ζητούμενον,
1754 1903 1882 1940 ἐκεῖθεν
1917 1904 2137 1951 ἐκκλαπηναι
2181 1905 2241 1944 κα).

1194 1962 1344 2013 ἀχθηναι
1376 1961 1423 2004 εἷς
1451 1958 1591 2004 Νάξον·
1611 1959 1826 2012 ἐκτραφέντα
1855 1960 1891 1999 δὲ
1917 1961 1977 1999 καὶ
2003 1961 2184 2014 γενόμενον
2205 1965 2240 2002 ἐν

1193 2018 1314 2071 ἡλικία
1333 2018 1396 2064 τὴν
1413 2033 1482 2055 των
1502 2019 1586 2055 θεῶν
1607 2017 1786 2069 βασιλειαν
1801 2025 2013 2072 κατασχεῖν·
2029 2020 2239 2073 ἐξορμῶντος

1193 2075 1229 2114 δὲ
1249 2078 1288 2114 ἐκ
1310 2078 1371 2122 τῆς
1391 2074 1509 2120 Νάξου
1531 2075 1591 2113 ἐπὶ
1611 2075 1689 2119 τους
1707 2078 1877 2124 Τιτᾶνας,
1901 2078 1997 2130 (καὶ)
2019 2079 2118 2117 ἀετὸν
2147 2081 2239 2133 αὐτῷ

1196 2137 1345 2184 φανῆναι
1379 2133 1561 2182 συνιόντα,
1590 2133 1647 2172 τὸν
1680 2133 1714 2172 δὲ
1742 2135 1990 2186 οἰωνισάμενον
2023 2137 2113 2190 ἱερὸν
2134 2138 2238 2177 αὐτὸν

1193 2193 1410 2241 ποιήσασθαι
1442 2192 1770 2245 κατηστερισμένον·
1803 2193 1864 2232 καὶ
1892 2194 1949 2232 διὰ
1979 2199 2082 2234 τοῦτο
2111 2199 2173 2243 τῆς
2204 2199 2238 2235 ἓν

1193 2253 1330 2304 οὐρανῷ
1359 2254 1464 2300 τιμῆς
1493 2250 1695 2298 ἀξιωθῆναι.
1725 2255 1902 2295 «Vocem
1935 2253 1995 2291 καὶ
2027 2263 2114 2292 ante
2140 2253 2239 2292 ἀετὸν

1194 2311 1396 2351 delendam
1410 2319 1476 2350 aut
1486 2309 1703 2363 ἱερεύσαντος
1718 2324 1764 2350 ex
1777 2313 1928 2362 Hygino
1943 2313 2195 2363 (sacrificanti
2203 2319 2240 2351 ei

1193 2372 1361 2418 aquilam
1369 2374 1602 2419 auspicatam
1614 2370 1625 2421 )
1639 2371 1857 2408 addendum
1866 2374 2011 2409 censuit
2019 2374 2201 2421 Heynius.
2219 2391 2234 2406 n

1196 2430 1251 2466 W
1249 2438 1473 2467 estermann.
1518 2430 1599 2478 Ego
1636 2441 1709 2477 pro
1746 2431 1896 2480 φανῆναι
1930 2429 2089 2469 συνιόντα
2127 2433 2241 2468 velim

1192 2489 1343 2540 φανῆναι
1365 2486 1476 2525 αἴσιον
1494 2485 1579 2525 ὄντα
1595 2489 1656 2524 vel
1673 2488 1867 2528 αἷσιοῧντα.

1245 2548 1384 2597 Hygin.
1415 2549 1523 2584 Poet.
1563 2554 1705 2583 astron.
1745 2548 1783 2583 II
1796 2575 1806 2593 ‚
1846 2561 1890 2594 17
1925 2561 1933 2584 ε
1967 2549 2241 2596 Aglaostlzenes

1193 2615 1335 2651 autem,
1358 2610 1421 2656 qui
1437 2607 1592 2646 Naoeica
1604 2609 1773 2657 scripsit,
1798 2610 1855 2643 ait
1870 2608 1997 2643 Iovem
2019 2608 2143 2645 Cretae
2158 2620 2238 2642 sur-

1193 2673 1336 2713 reptum
1345 2692 1355 2709 ‚
1386 2666 1543 2701 Naxum
1558 2665 1725 2699 delatum
1739 2672 1778 2700 et
1794 2666 1848 2700 ibi
1860 2678 1938 2701 esse
1951 2670 2127 2701 nutritum
2147 2677 2156 2702 ε
2173 2669 2239 2713 qui

1186 2731 1383 2771 postquam
1385 2725 1595 2771 pervenerit
1611 2723 1666 2759 ad
1677 2724 1828 2759 virilem
1848 2732 2010 2768 aetatem,
2031 2732 2068 2759 et
2079 2725 2243 2759 voluerit

1191 2782 1288 2818 bello
1316 2783 1494 2818 lacessere
1532 2783 1705 2826 Titanas,
1737 2782 1970 2831 sacrificanti
2000 2785 2037 2817 ei
2070 2783 2235 2829 aquilam

1190 2844 1424 2888 auspicatam
1441 2853 1453 2875 .·
1472 2853 1540 2888 quo
1559 2842 1730 2890 auspicio
1750 2852 1853 2875 usum
1869 2852 1947 2876 esse
1959 2867 1969 2885 ,
1991 2848 2030 2875 et
2045 2853 2128 2875 eam
2145 2843 2241 2875 inter
2275 2885 2279 2890 .

1190 2907 1294 2938 astra
1314 2900 1523 2936 collocasse.
1544 2898 1599 2935 Cf.
1622 2899 1772 2936 Miiller.
1792 2900 1888 2938 Min.
1908 2913 1949 2948 p.
1968 2899 2102 2945 443,5.

1694 2992 1731 3031 3.

1245 3075 1382 3111 Pollux
1400 3074 1471 3120 IX,
1491 3073 1583 3120 6‚83
1607 3085 1616 3111 τ
1638 3072 1651 3123 (
1670 3074 1812 3124 Πρῶτοι
1833 3070 1988 3124 νόμισμα
2011 3072 2139 3125 ἔκοψαν
2159 3071 2235 3111 Νά-

80 3129 141 3185 ’tul
160 3129 220 3168 τὸν
235 3130 293 3169 ἐπ’
320 3132 410 3184 αὐτῇ
429 3130 534 3171 τόπον
555 3132 782 3184 Κυνόσουραν
806 3133 991 3179 κληθῆναι.
1013 3134 1128 3170 Urbis
1189 3131 1251 3176 ξιοι
1270 3130 1362 3169 κατὰ
1388 3130 1450 3177 τὴν
1472 3129 1721 3181 Ἀγλωσθένους
1740 3132 1751 3180 (
1770 3134 1796 3168 i.
1821 3147 1859 3181 q.
1881 3132 2065 3182 Ἀγλαοσθ.
2084 3130 2093 3181 )
2112 3130 2230 3174 δόξαν.

80 3240 235 3272 culiarem
248 3241 407 3282 quendam
421 3242 567 3275 habitum
584 3243 681 3275 fuisse
701 3242 826 3283 dicunt,
843 3243 1012 3283 tribusque
1027 3242 1129 3274 oculis
1190 3242 1358 3275 cientibus.
1380 3242 1493 3275 Priscis
1509 3251 1584 3275 vero
1603 3243 1799 3283 temporibus
1811 3242 1934 3279 musica
1959 3242 1999 3277 ad
2018 3239 2234 3274 fortitudinem

18 3316 20 3318 .
79 3291 272 3325 instructum
282 3295 416 3325 narrant
427 3318 436 3335 ,
453 3294 548 3326 sicuti
562 3294 657 3334 Agias
670 3295 701 3326 et
719 3294 887 3338 Dercylus.

123 3399 214 3440 Agias
228 3401 371 3433 musicus
383 3401 484 3439 dixit,
512 3349 690 3442 styrzssem,
708 3410 803 3442 quem
824 3403 856 3433 in
871 3401 1042 3434 orchestris
1063 3402 1128 3434 suf-

83 3449 164 3484 fiunt
180 3451 263 3483 seriis
285 3452 554 3494 Bacchanalibus,
572 3453 744 3493 Phrygium
762 3452 875 3484 afferre
896 3453 1027 3485 odorem
1044 3454 1123 3485 olfa-

1191 3293 1250 3327 ruit
1261 3294 1553 3327 adhortamentum.
2226 3307 2242 3324 =

1692 3349 1727 3380 3.

1229 3402 1329 3434 Primi
1359 3411 1476 3435 numos
1504 3403 1662 3435 cuderunt
1696 3380 1788 3438 Naxii
1820 3400 1993 3433 secundum
2016 3395 2233 3438 Aglaosthenis

1186 3454 1387 3487 sententiam.
