2372 3704
133 242 205 275 384

127 317 283 360 σοειδεῖς.
325 315 545 369 Ὑπάρχουσι
581 316 616 355 δὲ
647 316 708 355 καὶ
743 317 917 370 Περσικαὶ
955 317 1171 372 καλασίρεις,

129 375 231 427 αἵπερ
260 375 327 414 εἶσὶ
353 375 540 414 κάλλισται
567 377 704 415 πασῶν.
726 373 814 415 Ἴδοι
841 376 869 414 δ’
896 376 938 414 ἄν
965 393 1032 424 τις,
1066 377 1173 427 φησὶ,

128 433 188 472 καὶ
220 433 280 477 τὰς
311 433 527 484 καλουμένας
559 434 721 482 ἀκταίας,
741 432 826 486 ὅπερ
853 434 926 473 ἐστὶ
945 436 1004 474 καὶ
1024 439 1174 474 πολυτε-

128 491 294 531 λέστατον
327 495 362 531 ἓν
391 496 461 537 τοῖς
492 495 678 546 Περσικοῖς
707 493 983 546 περιὸλήμασιν.
1003 491 1110 534 Ἔστι
1138 495 1173 532 δὲ

128 555 230 590 τοῦτο
256 551 433 598 σπαθητὸν
463 552 582 605 ἰσχύος
613 552 673 591 καὶ
698 552 908 605 κουφότητος
925 554 1046 605 χάριν·
1065 569 1174 592 κατα-

129 609 331 648 πέπλασται
352 609 387 648 δὲ
414 616 555 664 χρυσοῖς
575 610 751 663 κέγχροις·
774 613 805 649 οἱ
826 611 862 649 δὲ
885 611 1026 663 κέγχροι
1046 612 1177 662 νήματι

129 672 296 722 πορφυρῷ
322 670 449 714 πάντες
469 672 515 714 εἷς
542 668 604 716 τὴν
632 669 714 708 εἴσω
736 673 861 722 μοῖραν
880 669 1015 720 ἅμματ’
1037 670 1176 722 ἔχουσιν

131 727 196 765 ἀνὰ
218 726 338 778 μέσον.
361 746 375 762 u
405 727 549 772 Τούτοις
573 734 662 766 πᾶσι
682 728 835 781 χρῆσθαί
861 744 946 782 φησι
965 728 1042 773 τοὺς
1071 729 1176 780 Ἔφε-

131 788 223 830 σίους
239 786 417 831 ἐπιδόντας
431 788 478 831 εἷς
495 786 641 841 τρυφήν.

546 927 757 940 —o-OOOQ—

387 1031 915 1090 DEMOGNETUS.

468 1162 592 1199 IlEPI
622 1147 828 1199 ΚΝΙΔΟΥ.

186 1257 427 1293 Herodianus
444 1257 495 1294 Π.
517 1270 595 1306 μον.
617 1254 687 1299 λέξ.
709 1270 747 1305 p.
774 1270 833 1301 11,
856 1270 903 1303 27
927 1271 934 1293 2
958 1256 1183 1308 Δημόγνητος

133 1317 168 1352 ἔν
190 1317 240 1367 τῷ
262 1314 349 1366 Περὶ
378 1313 518 1353 Κνιδίου
537 1315 585 1367 (l.
608 1313 758 1364 Κνίδου)
776 1327 784 1335 ”
809 1332 823 1347 «
849 1314 919 1353 Καὶ
941 1315 1106 1354 Κόκκυνα
1124 1315 1181 1352 τὸν

132 1376 164 1412 Τ
167 1375 344 1426 ελεστερον
377 1372 617 1424 (Τελεστέρου
633 1372 673 1425 Ρ)
696 1372 756 1410 καὶ
784 1373 921 1411 Κόλλον
950 1373 988 1411 τὸ
1015 1374 1066 1426 (l.
1101 1373 1181 1424 τὸν)

134 1432 279 1484 Σκίρου,
293 1431 352 1470 καὶ
364 1431 520 1483 Λωγάων
538 1433 584 1482 (Ρ)
604 1431 663 1469 τὸν
681 1431 784 1470 αὐτὸν
799 1435 885 1481 ὁμοῦ
906 1433 916 1483 (
932 1431 1134 1483 Αὖτονόμου
1148 1436 1181 1483 Ρ)

133 1490 192 1529 καὶ
212 1493 345 1537 Κτῆσιν
362 1490 545 1541 (Κτησίαν
558 1491 594 1540 P)
613 1490 670 1528 τὸν
688 1491 902 1537 Μνησιθέου.
918 1509 933 1524 »

186 1549 360 1601 λωγάων]
380 1564 471 1587 num
491 1548 672 1601 Α’ωγάνιον
697 1548 917 1600 (Λωγάνιον,
936 1549 1046 1600 ὄνομα
1067 1550 1183 1602 κύριον

135 1610 313 1658 Suidas)?
503 1611 509 1618 '

550 1713 766 1728 —Qou-ae

177 1819 722 1877 DEMOSTHENES
754 1819 1144 1878 BITHYNUS.

195 1940 471 1976 Demosthenes
497 1939 683 1987 Bithynus
714 1936 782 1987 (sr.
813 1937 859 1988 5)
897 1937 941 1987 (Ἴ
977 1938 1188 1990 Βιθυνιακὰ,

138 2012 220 2047 quae
240 1999 370 2035 decem
382 1998 579 2033 minimum
592 1998 710 2033 libros
725 1998 1087 2046 complectebantur,
1106 2012 1191 2035 car-

137 2058 238 2093 mine
248 2058 412 2105 scripsit,
430 2064 542 2110 atque
557 2055 906 2101 Krioet;,incertum
916 2071 1007 2093 num
1019 2059 1190 2094 versibus

139 2130 187 2152 an
210 2118 383 2152 oratione
403 2117 539 2152 soluta.
564 2117 731 2152 AEtatem
754 2118 920 2152 auctoris
938 2118 1076 2153 certius
1094 2130 1190 2153 con-

139 2177 292 2212 stituere
305 2188 383 2211 non
401 2188 616 2224 possumus·
638 2175 853 2212 Alexandro
870 2176 1109 2224 Polyhistore
1129 2183 1195 2213 at-.

183 2274 224 2314 (*)
243 2274 332 2306 Alius
345 2273 576 2306 Demosthenes
590 2273 765 2314 Bithynus
779 2275 827 2306 est
842 2274 1072 2307 Demosthenes
1087 2274 1190 2307 Phila·

141 2321 260 2360 letheS‚
276 2321 447 2354 Alexandri
464 2321 652 2353 Philalethae
666 2320 859 2361 discipulus,
875 2321 1017 2353 medicus
1037 2322 1190 2362 Herophi-

142 2369 215 2408 iius,
230 2369 284 2409 qui
296 2370 361 2400 tres
376 2371 425 2400 De
435 2369 543 2401 oculis
554 2368 654 2400 libros
663 2368 800 2408 scripsit,
814 2370 896 2400 teste
908 2369 1029 2400 Galeno
1042 2369 1121 2400 tom.
1134 2371 1191 2409 111,

141 2425 173 2456 p.
188 2417 228 2447 46
244 2416 442 2453 Basi1.‚10m.
457 2418 533 2447 vill
544 2439 553 2455 ‚
569 2424 600 2456 p.
616 2420 653 2447 10
667 2414 717 2447 ed.
735 2415 834 2447 Paris.
853 2433 893 2438 —
907 2416 969 2453 Qui
982 2415 1068 2455 apud
1082 2415 1190 2448 schol.

141 2462 247 2502 Apoll.
268 2462 370 2493 Rhod.
390 2465 437 2501 11,
456 2466 514 2495 297
537 2461 689 2494 laudatur
705 2462 904 2502 Δημοσθένης
919 2463 950 2494 ἐν
968 2466 1032 2499 τοῖς
1048 2463 1193 2504 Λιμέσιν,

142 2517 210 2540 esse
223 2509 317 2540 debet
329 2510 527 2550 Τιμοσθένης.

145 2610 268 2641 marina
296 2619 437 2651 purpura
459 2610 564 2643 tincti.
590 2612 675 2643 Tum
710 2610 875 2642 calasires
906 2618 1001 2650 opere
1026 2610 1194 2643 Corinthio

145 2663 311 2700 confectae,
330 2671 467 2702 quarum
482 2663 553 2695 aliae
569 2671 739 2703 purpureae
757 2663 844 2702 sunt,
858 2662 930 2694 aliae
942 2663 1107 2702 violaceas,
1123 2663 1195 2694 aliae

146 2714 361 2754 hyacinthinae
375 2725 384 2754 ;
398 2714 505 2746 videas
518 2715 615 2746 etiam
627 2714 792 2746 flammeas
805 2715 838 2746 et
848 2714 962 2746 marini
976 2714 1102 2745 coloris.
1118 2714 1197 2745 Sunt

145 2776 223 2798 vero
237 2767 333 2798 etiam
356 2767 490 2799 Persicae
505 2768 653 2800 calasires
665 2792 673 2807 ,
691 2776 764 2808 quae
782 2769 858 2799 sunt
876 2767 1020 2798 omnium
1046 2767 1196 2807 pulcher-

147 2819 248 2850 rimae.
267 2818 382 2850 Videas
395 2819 491 2851 etiam
505 2829 584 2860 quas
597 2821 724 2852 actoeas
738 2820 856 2851 vocant
871 2831 878 2850 :
894 2818 981 2860 quod
994 2827 1034 2850 ex
1047 2818 1198 2850 omnibus

148 2872 280 2904 Persicis
296 2872 440 2903 amiculis
454 2873 714 2913 pretiosissimum
731 2874 790 2905 est.
810 2873 866 2904 Est
882 2873 990 2904 autem
1013 2872 1076 2903 hoc
1097 2871 1198 2902 dense

147 2926 274 2956 textum
285 2948 293 2963 ,
308 2925 345 2955 ut
360 2924 453 2955 simul
470 2924 601 2956 firmum
619 2926 660 2957 sit
673 2926 705 2956 et
722 2925 792 2956 leve
809 2934 816 2955 :
831 2925 863 2956 et
879 2923 983 2955 aureis
999 2923 1077 2955 milii
1094 2922 1200 2963 granis

150 2984 355 3016 conspersum
365 2986 374 3015 3
384 2977 416 3007 et
429 2976 594 3015 quodlibet
606 2985 739 3016 granum
753 2975 805 3007 filo
816 2984 979 3016 purpureo
990 2984 1044 3016 per
1057 2974 1199 3006 medium

149 3031 335 3061 transeunte
356 3029 389 3060 in
408 3029 559 3060 interiore
572 3029 703 3061 amiculi
724 3030 824 3061 latere
846 3029 1026 3061 revinctum
1041 3029 1100 3060 est.
1116 3039 1131 3055 n
1145 3027 1201 3060 His

150 3080 299 3112 omnibus
309 3080 355 3112 uti
369 3080 414 3112 ait
430 3080 580 3120 Ephesios
593 3080 625 3112 in
642 3081 804 3112 luxuriam
821 3081 950 3113 effusos.

541 3194 609 3232 DE
636 3193 806 3233 CNIDO.

195 3293 412 3333 Demognetus
433 3292 465 3323 in
487 3292 569 3324 libro
589 3294 637 3324 De
665 3293 767 3325 Cnido
786 3306 792 3325 :
816 3306 831 3321 «
860 3294 899 3326 Et
920 3295 1100 3334 Coccynem
1115 3294 1204 3326 Tele-

154 3347 229 3379 steri
248 3346 296 3386 (ἓ)
311 3345 431 3384 filium,
452 3346 483 3376 et
505 3346 631 3377 Collum
652 3346 731 3377 sciri
758 3347 793 3386 f.‚
809 3347 841 3378 et
857 3348 1036 3388 Logaonem
1059 3348 1202 3380 Autono-

155 3400 200 3432 mi
218 3399 254 3440 ἰ,
267 3399 300 3431 et
314 3397 453 3431 ctesiam
471 3397 638 3431 Mnesithei
655 3398 768 3430 filium.
786 3411 802 3425 υ

725 236 1049 282 DEMOGNETI,
1079 236 1438 276 DEMOSTHENIS
1467 237 1678 277 BITHYNI

1237 324 1310 368 que
1323 321 1482 368 Polybio
1497 322 1750 369 antiquiorem
1761 321 1871 357 fuisse
1882 322 2036 370 colligas
2044 333 2063 358 e
2073 321 2204 371 fragm.
2219 335 2233 358 1
2243 321 2279 361 5.

1238 381 1286 415 At
1317 379 1432 416 dubia
1458 392 1515 415 res
1534 387 1590 415 est
1607 393 1699 415 num
1722 387 1824 415 recte
1852 380 1905 415 ibi
1923 392 1962 416 se
1983 381 2122 417 habeat
2139 394 2282 418 nomen

1238 439 1514 484 Demosthenis,
1537 446 1574 474 ct
1596 439 1646 474 ad
1663 440 1840 474 Nostrum
1865 440 2090 488 scriptorem
2108 441 2155 475 sit
2181 441 2259 477 refe
2273 462 2282 468 ·

1238 497 1413 533 rendum.
1438 496 1645 534 Meinekius
1675 496 1724 532 ad
1743 497 1913 546 Euphor.
1937 510 1979 546 p.
2005 498 2067 542 31,
2101 499 2283 547 aequalem

1240 555 1495 603 Euphorionis
1526 554 1636 591 fuisse
1670 555 1942 604 suspicabatur.
1987 557 2137 592 Scilicet
2166 570 2284 605 quum

1241 612 1345 660 apud
1365 613 1663 649 Choeroboscum
1686 613 1726 648 in
1739 613 1858 651 Bekk.
1879 614 2021 650 Anecd.
2044 627 2085 662 p.
2113 614 2211 652 1383
2229 616 2285 651 le-

1240 679 1350 720 gatur
1369 685 1377 708 z
1402 670 1473 710 Καὶ
1494 672 1529 708 ἐν
1549 673 1598 723 τῷ
1619 670 1835 723 Εὐφορίωνος
1848 671 2063 721 Δημοσθένει
2085 672 2210 722 ὁμοίως
2227 675 2286 711 ἐκ-

1241 729 1428 778 τεταμένον
1449 731 1460 778 (
1476 742 1529 766 sc.
1560 728 1599 766 τὸ
1620 729 1641 766 ἆ
1661 731 1701 765 in
1719 743 1815 766 voce
1832 727 1948 780 ἵλαος)
1967 729 2178 782 εὑρίσκεται,
2197 725 2283 770 οἷον·

1243 806 1258 820 «
1281 787 1452 836 Δαίμονος
1475 787 1602 834 ἱλάοιο,
1626 805 1640 821 »
1662 789 1950 837 Euphorionem
1964 802 2114 826 carmen
2130 791 2287 840 aliquod

1243 848 1487 884 Demostheni
1517 847 1667 883 cuidam
1692 848 1943 896 inscripsisse,
1960 861 2122 897 eumque
2144 851 2288 886 Demo-

1243 906 1412 941 sthenem
1424 917 1501 941 esse
1515 906 1718 954 Bithynum
1730 913 1886 954 poetam
1900 907 2092 955 opinatur.
2115 909 2204 955 Quae
2217 920 2287 944 ne-

1245 977 1318 1012 que
1337 977 1476 1014 negare
1492 977 1616 1013 neque
1636 963 1824 1001 affirmare
1838 965 1940 1003 licet.

1617 1059 1914 1098 ΒΙΘΥΝΙΑΚΑ.

1527 1146 1556 1181 Ε
1585 1146 1736 1182 LIBRO
1764 1146 2002 1184 SECUNDO.

1755 1239 1788 1264 1.

1298 1303 1427 1350 Steph.
1447 1302 1534 1349 Byz.
1556 1315 1591 1339 v.
1613 1299 1734 1351 Τάρας
1753 1298 1883 1339 :ssiam
1904 1300 1964 1339 καὶ
1983 1299 2164 1352 Τάραντος
2183 1301 2291 1354 ἀρσε-

1245 1361 1348 1402 νικῶς
1376 1358 1546 1408 λεγομένη
1564 1357 1663 1401 πόλις
1681 1357 1856 1405 Βιθυνίας,
1877 1357 1958 1396 ἔνθα
1979 1365 2126 1409 τιμᾶται
2145 1359 2290 1411 Ταραν-

1245 1423 1339 1461 ταῖος
1359 1415 1446 1460 Ζεὺς
1460 1447 1470 1463 ,
1502 1419 1548 1460 ὡς
1567 1416 1793 1466 Δημοσθένης
1816 1417 1850 1454 ἐν
1881 1416 2032 1471 δευτέρῳ
2061 1419 2286 1456 Βιθυνιακῶν.

1247 1475 1407 1528 Εὕρηται
1425 1475 1486 1514 καὶ
1502 1474 1558 1513 διὰ
1574 1478 1634 1512 τοῦ
1652 1474 1681 1512 δ’
1699 1474 1891 1527 Δάρανδος.

1753 1570 1790 1595 2.

1300 1633 1408 1669 Idem
1426 1645 1461 1668 v.
1479 1631 1617 1686 Ταρσός
1642 1644 1650 1667 z
1672 1626 1778 1668 Ἔστι
1797 1628 1856 1667 καὶ
1876 1628 2015 1683 Ταρσὸς
2035 1629 2125 1677 ἄλλη
2146 1631 2208 1676 τῆς
2227 1629 2293 1667 Βι-

1249 1689 1377 1733 θυνίας.
1405 1689 1458 1729 Τὸ
1479 1688 1610 1727 ἐθνικὸν
1637 1687 1766 1735 ταύτης
1787 1687 1939 1740 Τάρσιος
1957 1687 2018 1726 καὶ
2036 1691 2070 1728 T
2072 1687 2190 1740 αρσία.
2221 1690 2295 1733 Δη-

1250 1740 1416 1799 μοσθένης
1434 1750 1468 1786 ἐν
1495 1748 1643 1800 δευτέρῳ
1663 1749 1879 1786 Βιθυνιακῶν
1903 1747 2080 1799 Ταρσείαν
2101 1746 2157 1785 διὰ
2175 1749 2237 1793 τῆς
2265 1759 2295 1783 ει

1249 1807 1433 1860 διφθόγγου
1458 1806 1520 1853 τὴν
1540 1806 1640 1844 πόλιν
1665 1800 1748 1845 οἶδε.
1778 1805 1831 1845 Τὸ
1848 1806 1978 1844 ἑθνικὸν
1997 1806 2168 1859 Τάρσειος
2183 1820 2192 1830 ·
2222 1804 2296 1843 ἔστι

1249 1865 1310 1904 καὶ
1327 1865 1454 1918 χωρίον
1474 1865 1634 1909 Βιθυνίας
1653 1864 1792 1916 Τάρσος
1807 1864 2008 1915 λεγόμενον.

1556 1961 1584 1995 Ε
1611 1959 1764 1996 LIBRO
1792 1958 1989 1995 TERTIO.

1759 2031 1796 2071 3.

1304 2103 1412 2139 Idem
1429 2114 1439 2139 :
1458 2099 1684 2150 Τευμησσὸς,
1714 2099 1789 2152 ὄρος
1809 2099 1992 2143 Βοιωτίας.
2012 2098 2175 2152 ’Όμηρος
2191 2099 2225 2136 ἐν
2245 2099 2294 2150 τῷ

1253 2163 1300 2204 εἰς
1315 2160 1516 2199 Ἀπόλλωνα
1537 2158 1635 2212 ὕμνῳ
1651 2161 1709 2210 (ν.
1729 2160 1828 2211 224)
1849 2158 1977 2210 (ἄστυ,
1994 2160 2040 2202 ὡς
2067 2156 2292 2208 Δημοσθένης

1253 2221 1287 2258 ἐν
1307 2219 1413 2272 τρίτῳ
1433 2220 1651 2257 Βιθυνιακῶν
1667 2218 1698 2269 )·

1335 2307 1378 2342 εἰς
1393 2305 1604 2343 Μυκαλησσὸν
1617 2305 1673 2337 ἰὼν
1686 2305 1738 2337 καὶ
1753 2304 1938 2345 Τευμησσὸν
1951 2303 2126 2346 λεχεποίην.

1308 2383 1519 2419 Turbatum
1535 2382 1680 2430 aliquid
1699 2381 1864 2429 videtur,
1891 2393 2010 2430 quum
2037 2379 2302 2417 Demosthenis
2369 2407 2372 2414 .

1254 2442 1397 2477 mentio
1412 2442 1511 2476 inter
1524 2441 1680 2477 Homeri
1695 2441 1927 2476 mentionem
1943 2446 1980 2475 et
1992 2450 2143 2474 versum
2158 2438 2300 2473 Home-

1256 2501 1377 2535 ricum
1398 2499 1598 2547 interjecta
1616 2499 1664 2535 sit
1682 2499 1823 2547 inepte.

1615 2623 1945 2663 BITHYNIACA.

1765 2709 1797 2740 1.

1300 2775 1355 2805 Est
1371 2774 1466 2805 etiam
1482 2775 1638 2806 Tarantus
1654 2773 1829 2805 masculine
1847 2772 1934 2804 dicta
1949 2771 2025 2803 urbs
2046 2769 2223 2811 Bithyniae,
2251 2766 2306 2799 ubi

1259 2826 1376 2857 colitur
1398 2828 1574 2858 Taranteus
1597 2825 1763 2866 Juppiter,
1785 2826 1866 2856 teste
1879 2824 2095 2856 Demosthene
2109 2822 2142 2853 in
2163 2819 2305 2853 secundo

1258 2881 1305 2911 De
1321 2879 1477 2919 Bithynia.
1496 2878 1665 2919 Reperitur
1683 2878 1780 2910 etiam
1797 2886 1853 2917 per
1866 2877 1888 2909 d
1902 2877 2027 2908 literam
2041 2873 2220 2907 Darandus.

1766 2934 1801 2965 2.

1299 2992 1417 3022 Tarsus
1434 2989 1532 3021 etiam
1557 2991 1605 3020 est
1631 2987 1790 3028 Bithyniae
1816 2987 1904 3019 urbs.
1930 2985 2018 3017 Civis
2033 2984 2102 3024 ejus
2123 2983 2251 3016 Tarsius
2276 2984 2309 3014 et

1259 3044 1377 3076 Tarsia.
1398 3042 1626 3075 Demosthenes
1644 3041 1676 3072 in
1690 3039 1830 3072 secundo
1854 3041 1898 3070 De
1915 3037 2065 3078 Bithynia
2085 3036 2238 3077 Ταρσείαν
2251 3043 2308 3075 per

1259 3107 1285 3128 ει
1314 3095 1546 3136 diphthongum
1572 3093 1660 3124 urbis
1679 3100 1796 3123 nomen
1818 3090 1939 3122 scribit.
1961 3089 2047 3122 Civis
2075 3090 2223 3120 Tarseus.
2253 3087 2309 3118 Est

1260 3148 1356 3180 etiam
1368 3146 1535 3179 castellum
1549 3143 1705 3185 Bithyniae
1715 3166 1723 3182 ,
1734 3143 1787 3174 cui
1799 3145 1917 3174 Tarsus
1931 3149 2061 3173 nomen.

1762 3199 1796 3230 3.

1301 3259 1510 3294 Teumessus,
1527 3262 1619 3285 mons
1635 3251 1778 3285 Boeotiae.
1797 3253 1952 3283 Homerus
1967 3249 2001 3281 in
2024 3251 2152 3289 Hymno
2168 3247 2199 3278 in
2216 3244 2310 3286 Apol-

1242 3312 1359 3343 ›linem
1377 3310 1549 3350 (tanquam
1573 3307 1686 3338 urbem
1714 3304 1872 3337 memorat
1894 3302 2121 3335 Demosthenes
2145 3298 2240 3332 tertio
2263 3299 2310 3330 De

1263 3363 1427 3404 Bithynia)
1448 3373 1455 3393 ε

1340 3435 1534 3473 Mycalessum
1551 3431 1675 3462 tendens
1690 3433 1720 3460 et
1732 3433 1921 3459 Teumessum
1933 3427 2098 3457 herbosam.
