2326 3724
88 184 159 216 264

83 266 239 316 ὑπῆρχον
259 265 306 308 εἷς
323 262 396 308 ἔτος
416 263 563 303 ἕκαστον
584 263 858 316 νομισμάτων),
874 262 992 310 ἐπειδὴ
1016 263 1072 301 τόν
1093 279 1129 301 τε

84 321 189 360 ἄλλον
209 321 348 376 φόρτον,
365 321 401 360 ὃν
422 323 461 361 ἐκ
475 323 545 361 τῶν
563 322 759 375 χρημάτων
779 321 1049 374 ἐνεπορεύσατο,
1071 321 1131 360 καὶ

83 378 123 416 τὸ
145 379 288 432 χρυσίον
303 378 394 432 ἔχων
411 380 583 427 ἐπανῆκεν
602 382 649 424 ὡς
666 380 780 428 αὐτὸν,
801 381 928 423 ἐκεῖνος
942 382 1131 432 ἀναισχυν-

83 437 215 475 τότατα
229 437 291 476 καὶ
311 438 572 492 βαρὸαρώτατα
593 438 690 493 ἄφνω
705 438 914 492 παραλύσας
929 437 991 483 τὰς
1007 438 1131 484 συνθή-

85 513 168 543 κας,
186 496 226 541 ἃς
253 497 339 551 πρὸς
357 500 391 538 Τ
395 498 520 551 ιὸέριον
545 501 607 546 τῆς
627 497 807 551 Καίσαρος
826 497 997 536 ἐπιὸάντα
1024 497 1134 550 τύχης

87 554 183 600 εὐθὺς
203 556 239 594 ἐν
261 557 387 609 ἀρχαῖς
407 555 620 604 ἐποιήσατο,
648 555 709 594 καὶ
729 561 950 608 πανστρατιᾷ
969 555 1132 606 κινήσας,

86 615 282 667 ἀφικνεῖται
295 614 387 653 κατὰ
404 613 447 661 δὴ
460 614 518 652 τὸν
535 613 630 653 Σάον
645 613 817 664 ποταμὸν,
835 613 965 664 μεταξὺ
983 613 1134 666 Σιρμίου

84 673 220 716 πόλεως
246 673 307 711 καὶ
335 672 568 725 Σιγγηδόνος,
588 672 648 710 καὶ
675 675 844 725 γεφυροῦν
876 672 1048 725 ἐπεχείρει
1074 672 1131 710 τὸν

87 734 184 784 ῥοῦν,
205 731 440 770 ἐπιὸουλεύων
456 731 518 782 μὲν
539 730 679 784 Σιρμίῳ
694 734 738 784 τῇ
752 730 851 769 πόλει
867 730 928 769 καὶ
946 730 1135 783 παραστή-

86 793 215 828 σασθαι
229 790 362 837 ταύτην
380 790 604 843 βουλόμενος·
623 789 737 833 δείσας
751 789 808 836 δὲ,
832 788 882 840 μὴ
903 788 1135 836 διακωλυθείη

86 847 172 901 πρὸς
188 851 258 888 τῶν
275 848 466 900 Ῥωμαίων
481 851 549 887 τῶν
572 847 875 902 ἐπιφυλαττόντων
895 850 930 886 ἐν
949 846 1136 899 Σιγγηδόνι

86 907 147 946 καὶ
165 907 229 955 τὴν
247 909 285 947 ἐκ
299 909 430 946 πολλοῦ
445 911 504 946 τοῦ
520 906 645 959 χρόνου
665 905 787 959 πεῖράν
804 922 842 944 τε
857 906 918 944 καὶ
937 905 1136 956 ἐπιστήμην

86 969 122 1006 ἐν
141 969 217 1010 ταῖς
243 970 303 1005 τοῦ
324 970 487 1016 ποταμοῦ
512 965 633 1004 ναυσὶν
656 964 896 1016 ὑπειδόμενος,
928 964 1138 1016 βουλόμενός

89 1041 128 1064 τε
138 1026 214 1077 πρὸ
228 1029 287 1063 τοῦ
305 1025 368 1072 τὴν
384 1024 511 1078 βουλὴν
531 1025 564 1068 ἐς
580 1024 619 1063 τὸ
633 1022 779 1076 φανερὸν
797 1025 956 1062 ἐκπεσεῖν
970 1022 1008 1061 τὸ
1026 1022 1138 1076 ἐγχεί-

88 1099 190 1136 ρημα
217 1082 474 1129 τελεώσασθαι,
500 1084 607 1120 πλοῖα
636 1081 840 1134 συναγείρας
865 1081 957 1120 κατὰ
984 1082 1047 1129 τὴν
1068 1081 1140 1120 ἄνω

90 1141 299 1182 Παννωνίαν
319 1144 366 1186 εἷς
384 1141 443 1180 τὸν
458 1138 598 1194 Ἴστρον
615 1140 731 1179 πολλὰ
756 1141 867 1194 βαρέα
879 1171 889 1189 ,
910 1141 970 1179 καὶ
990 1143 1028 1180 οὗ
1047 1139 1141 1179 κατὰ

86 1200 190 1252 λόγον
209 1203 271 1247 τῆς
299 1203 518 1252 ναυπηγικῆς
543 1201 688 1252 τέχνης,
719 1199 813 1251 ὅμως
833 1201 874 1239 ἐκ
899 1202 968 1238 τῶν
995 1199 1140 1238 ἐνόντων

89 1258 227 1311 μακρὰς
244 1258 514 1309 συμπηξάμενος
532 1257 784 1311 στρατιώτιδας
798 1262 879 1304 ναῦς
890 1290 900 1308 ,
916 1258 978 1297 καὶ
994 1257 1141 1302 πολλοὺς

89 1319 125 1355 ἐν
144 1318 266 1361 αὐταῖς
282 1317 493 1362 ἐπιὸιὸάσας
509 1317 656 1361 ὁπλίτας
675 1316 795 1370 ἐρέτας
822 1333 881 1367 τε,
901 1319 938 1356 οὗ
967 1317 1060 1356 κατὰ
1077 1316 1139 1355 κό-

89 1391 178 1427 σμον
200 1375 292 1414 ἀλλὰ
323 1376 545 1430 βαρὸαρικῶς
563 1392 601 1414 τε
627 1376 687 1414 καὶ
708 1376 903 1428 ἀνωμάλως
919 1380 995 1420 ταῖς
1008 1375 1143 1421 κώπαις

88 1434 282 1479 τύπτοντας
301 1435 341 1473 τὸ
357 1434 470 1489 ὕδωρ,
486 1434 631 1481 κινήσας
648 1434 786 1487 ἀθρόον,
804 1440 878 1478 ταῖς
900 1450 938 1473 τε
956 1434 1143 1488 ἐπακτρίσι

90 1492 148 1531 τὸν
164 1493 335 1543 ποταμὸν,
354 1493 413 1532 καὶ
435 1493 537 1536 αὐτὸς
551 1491 641 1544 μετὰ
655 1493 772 1540 πάσης
789 1496 850 1540 τῆς
867 1493 1021 1546 Ἀὅάρων
1043 1509 1143 1547 στρα-

91 1558 168 1596 τιᾶς
186 1555 274 1605 πεζῇ
292 1551 348 1590 διὰ
375 1555 438 1599 τῆς
461 1554 655 1605 Σιρμιανῆς
672 1551 901 1605 πορευόμενος
925 1552 1050 1600 νήσου,
1072 1568 1142 1590 πα-

93 1611 270 1663 ραγίνεται
291 1610 382 1649 κατὰ
408 1611 465 1649 τὸν
500 1611 594 1650 Σάον
628 1610 802 1662 ποταμόν.
829 1610 1143 1664 Διαταραχθέντων

95 1669 131 1708 δὲ
147 1671 216 1708 τῶν
232 1671 268 1707 ἐν
288 1670 365 1714 ταῖς
382 1670 505 1708 πόλεσι
522 1670 664 1713 ταύταις
681 1669 870 1720 Ῥωμαίων
889 1670 948 1709 καὶ
969 1670 1008 1709 τὸ
1029 1670 1143 1722 ἐγχεί-

96 1744 193 1781 ρημα
217 1728 493 1775 συννοησάντων,
521 1732 580 1767 τοῦ
601 1744 638 1767 τε
663 1730 697 1767 ἐν
715 1728 904 1780 Σιγγηδόνι
925 1732 1141 1782 στρατηγοῦ,

97 1786 213 1833 Σήθου
228 1785 394 1837 τοῦνομα,
409 1787 606 1831 στείλαντος
619 1787 703 1840 πρὸς
717 1787 774 1826 τὸν
789 1787 971 1839 Χαγάνον,
988 1787 1048 1826 καὶ
1067 1789 1143 1826 ἐπε-

95 1847 270 1897 ρωτῶντος
280 1844 342 1883 ὅτι
359 1843 400 1892 δὴ
413 1846 472 1883 καὶ
488 1844 706 1898 βουλόμενος,
728 1845 865 1898 εἰρήνης
881 1844 1024 1897 βεὸαίας
1035 1860 1071 1883 τε
1083 1844 1142 1884 καὶ

93 1903 208 1955 φιλίας
231 1903 455 1951 συνεστώσης
469 1905 566 1958 αὐτῷ
591 1920 628 1942 τε
650 1904 710 1942 καὶ
729 1903 938 1955 Ῥωμαίοις,
966 1903 1052 1957 πρὸς
1081 1903 1139 1942 τὸν

94 1962 189 2001 Σάον
207 1961 350 2015 ἀφίκετο
370 1961 539 2013 ποταμόν.
565 1961 642 2013 ἅμα
659 1961 695 2001 δὲ
711 1962 885 2013 λέγοντος,
903 1963 948 2005 ὡς
968 1962 1006 2000 οὗ
1023 1961 1140 2014 περιό-

92 2020 196 2074 ψεται
215 2025 383 2074 γεφυροῦν
400 2022 656 2074 ἐπιχειροῦντος
675 2022 779 2060 αὐτοῦ
799 2020 857 2059 τὸν
885 2019 1059 2071 ποταμὸν,
1081 2022 1143 2059 οὐκ

93 2136 208 2160 manos
220 2127 418 2160 comminisci
432 2127 583 2167 dignatus
592 2152 602 2167 ,
616 2127 895 2169 impudentissime
906 2151 915 2167 ,
929 2127 986 2168 qui
1005 2126 1149 2159 barbaris

93 2188 164 2212 mos
176 2181 236 2220 est,
252 2179 372 2212 foedera
381 2204 392 2220 ‚
405 2188 478 2220 quae
494 2188 570 2211 cum
583 2179 713 2212 Tiberio
727 2179 818 2211 initio
831 2179 900 2219 ejus
918 2179 1052 2220 imper1o
1068 2179 1148 2211 fece·

95 2233 164 2272 rat,
182 2231 281 2272 rupit,
304 2233 337 2263 et
352 2240 426 2263 cum
451 2232 541 2263 omni
563 2231 708 2263 exercitu
726 2239 862 2263 movens
877 2231 918 2262 ad
946 2233 1065 2263 Savum
1087 2230 1148 2262 ssu-

95 2284 184 2315 vium
202 2283 285 2316 inter
307 2284 462 2316 Sirmium
483 2284 638 2325 oppidum
652 2287 663 2325 (
678 2284 740 2316 hoc
762 2293 803 2316 ex
819 2278 942 2316 insidiis
960 2293 1074 2325 capere
1096 2293 1149 2316 co-

96 2335 241 2375 gitabat)
268 2337 300 2367 et
323 2336 535 2376 Singedonem
561 2339 665 2368 castra
693 2337 800 2377 ponit,
830 2337 863 2368 et
893 2335 1027 2367 nuvium
1053 2338 1150 2377 ponte

94 2387 226 2427 jungere
241 2387 385 2428 suscipit.
404 2390 512 2425 Quum
532 2390 641 2420 autem
661 2388 788 2420 timeret
807 2397 846 2420 ne
859 2388 1042 2421 aRomanis
1054 2388 1149 2427 impe-

97 2438 233 2479 diretur,
252 2439 308 2479 qui
334 2438 515 2479 Singedone
543 2439 576 2471 in
597 2439 748 2480 praesidiis
773 2441 883 2479 erant,
904 2440 1044 2472 maxime
1061 2440 1148 2481 quod

96 2492 237 2524 multum
251 2500 347 2523 usum
358 2493 391 2524 et
403 2492 568 2524 scientiam
581 2493 714 2524 navium
727 2492 867 2524 fluminis
880 2492 1060 2532 habebant;
1075 2501 1150 2524 con-

97 2543 205 2575 silium
229 2552 340 2582 suum,
352 2545 525 2584 antequam
545 2543 578 2575 in
594 2544 710 2584 vulgus
735 2544 964 2582 innotesceret,
979 2547 1149 2576 exsecutu-

97 2603 154 2626 rus
166 2619 175 2634 ‚
194 2594 297 2626 multa
312 2594 454 2626 veetoria
466 2594 639 2635 graviaque
654 2595 779 2636 navigia
793 2595 826 2626 in
840 2596 921 2627 istro
937 2603 993 2636 per
1004 2596 1148 2636 superio·

97 2657 165 2679 rem
193 2648 392 2680 Pannoniam
411 2648 532 2689 coegit,
555 2657 594 2680 ex
611 2648 748 2688 quibus,
774 2656 989 2688 quaecumque
1009 2647 1150 2680 nancisci

97 2700 220 2740 potuit,
243 2708 308 2731 non
331 2699 461 2741 quidem
486 2699 528 2732 ad
552 2699 630 2732 artis
656 2699 788 2731 navium
810 2699 1073 2731 aedificandarum
1095 2708 1149 2731 ra-

97 2752 217 2784 tionem
231 2775 240 2792 ‚
254 2754 364 2784 tamen
383 2761 483 2785 naves
500 2761 538 2785 ea
559 2752 778 2793 magnitudine
790 2775 799 2792 ,
815 2753 852 2784 ut
868 2752 909 2784 ad
929 2752 1049 2784 beilum
1066 2754 1150 2793 aptae

97 2805 218 2843 essent,
238 2804 419 2844 exstruxit,
442 2805 475 2836 et
496 2813 549 2837 eas
575 2803 759 2836 hominibus
780 2804 912 2836 armatis
928 2805 960 2836 et
978 2804 1151 2844 remigibus

98 2855 253 2887 instruxit
264 2879 272 2895 ,
283 2856 339 2896 qui
351 2856 524 2888 barbarum
537 2856 568 2888 in
581 2865 704 2888 morem
718 2855 889 2888 inconditis
901 2855 1018 2888 ictibus
1031 2864 1150 2896 aquam

100 2908 325 2940 verberabant.
339 2910 387 2940 lta
396 2909 492 2941 simul
506 2910 606 2942 classe
619 2918 734 2950 magno
745 2911 834 2942 motu
848 2909 980 2948 flumine
995 2909 1129 2942 devecta
1139 2933 1148 2949 ‚

101 2969 177 2992 cum
197 2961 348 2993 omnihus
374 2965 514 2994 Avarum
536 2963 737 3003 pedestribus
765 2963 864 3003 copiis
881 2971 936 3003 per
956 2962 1149 2995 Sirmianam

99 3012 238 3044 insulam
252 3021 383 3045 cursum
397 3014 522 3053 tenuit,
537 3016 569 3046 et
583 3014 623 3045 ad
641 3016 738 3047 Saum
755 3014 892 3046 fluvium
909 3014 1066 3055 pervenit.
1082 3016 1152 3046 Hoc

101 3065 274 3104 conspecto
299 3066 468 3105 apparatu,
495 3066 652 3105 Romani,
675 3067 730 3107 qui
746 3066 778 3098 in
795 3066 930 3098 urbibus
946 3067 978 3097 in
1003 3074 1042 3098 ea
1061 3067 1152 3106 parte

101 3114 170 3146 sitis
186 3114 384 3155 habitabant,
410 3116 617 3150 vehementer
641 3120 718 3149 sunt
734 3117 922 3158 perturbati.
944 3119 1019 3150 Erat
1035 3118 1152 3150 Sethus

105 3165 286 3206 singedone
308 3167 488 3207 praesectus.
507 3170 537 3200 Is
555 3169 595 3200 ad
618 3169 806 3210 Chaganum
834 3169 932 3208 misit,
953 3169 1061 3210 quiex
1084 3170 1152 3210 ipso

103 3219 283 3257 quaereret,
298 3219 450 3259 quoniam
462 3228 523 3260 pax
538 3221 571 3252 et
586 3221 726 3252 amicitia
740 3221 784 3252 iili
806 3230 880 3252 cum
893 3221 1044 3253 Romanis
1058 3223 1151 3260 esset,

103 3268 181 3308 quid
199 3269 260 3301 sibi
270 3270 383 3310 veliet,
395 3271 481 3311 quod
497 3272 538 3303 ad
549 3274 645 3304 Saum
659 3273 812 3311 venisset,
825 3281 921 3312 quem
938 3272 963 3303 si
978 3273 1151 3312 pontejun-

103 3329 177 3358 gere
197 3321 375 3355 inconsulto
401 3323 592 3364 imperatore
621 3326 775 3363 tentaret,
794 3334 858 3356 non
888 3334 1037 3365 passurus
1058 3328 1150 3358 esset.

105 3372 176 3414 lile,
195 3382 258 3405 non
272 3375 306 3407 ut
323 3375 494 3416 quicquam
505 3377 578 3408 mali
593 3377 745 3409 Romanis
760 3377 1011 3418 machinaretur,
1024 3380 1153 3418 pontem

835 176 1109 216 MENANDRI
1141 175 1488 215 PROTECTORIS

1194 263 1435 315 ἐπιτρέποντος
1445 263 1531 307 ὅλως
1541 266 1600 302 τοῦ
1614 262 1863 316 αὐτοκράτορος
1874 277 1882 286 ·
1894 263 1931 300 οὗ
1945 261 2036 300 κατὰ
2049 260 2239 311 Ῥωμαίων

1196 338 1228 360 τι
1249 323 1502 375 μηχανώμενος
1522 321 1586 375 ἔφη
1606 321 1790 373 βούλεσθαι
1805 320 1977 372 πηγνύναι
1992 320 2054 367 τὴν
2074 319 2240 374 γέφυραν,

1197 381 1310 426 ἄλλως
1328 380 1365 419 δὲ
1384 380 1475 420 κατὰ
1493 381 1709 428 Σκλαὸηνῶν
1729 386 1872 433 χωρεῖν,
1893 379 1952 417 καὶ
1969 378 2242 432 διαπεραιούμε-

1195 455 1249 484 νος
1265 440 1323 478 τὸν
1348 440 1441 479 Σάον
1462 439 1650 478 ἐπιὸαίνων
1673 455 1710 477 τε
1730 441 1762 483 ἐς
1777 438 1840 485 τὴν
1859 440 1877 459 '⁰‘
1900 438 2044 489 Ῥώμην
2069 431 2165 482 αὖθις
2182 437 2240 476 τὸν

1194 497 1332 550 ,Ἴστρον
1352 497 1580 545 διαδήσεσθαι
1597 501 1674 536 κατ’
1692 499 1804 535 αὐτῶν
1811 527 1821 544 ,
1838 497 1968 535 πλοίων
1987 497 2081 548 αὐτῷ
2100 497 2242 535 πολλῶν

1196 555 1294 608 παρὰ
1309 558 1377 594 τῶν
1399 557 1476 608 (τοῦ
1491 558 1627 606 Bekk.)
1650 555 1839 606 Ῥωμαίων
1857 554 2109 608 αὐτοκράτορος
2129 555 2162 599 ἐς
2181 554 2244 603 τὴν

1198 615 1360 654 διάὸασιν
1374 615 1751 667 παρασκευαζομένων.
1771 617 1885 654 Τοῦτο
1901 615 1967 667 γὰρ
1982 613 2023 661 δὴ
2041 613 2103 652 καὶ
2119 613 2244 666 πρότε-

1202 690 1259 727 ρον
1278 673 1362 726 πρὸς
1387 673 1490 726 χάριν
1510 677 1570 712 τοῦ
1601 672 1788 724 Ῥωμαίων
1817 673 1987 725 βασιλέως
2006 671 2155 724 πρᾶξαι,
2182 671 2245 711 καὶ

1201 730 1335 775 πολλὰς
1356 731 1593 783 αἰχμαλώτων
1625 731 1794 783 μυριάδας
1823 733 1862 769 ἐκ
1881 734 1942 777 τῆς
1970 730 2162 781 (Ρωμαίων
2181 733 2247 782 γῆς

1200 789 1419 837 Σκλαὸηνοῖς
1439 788 1704 840 δεδουλωμένων
1732 790 1911 842 ἐλευθέρας
1931 784 2027 834 αὖθις
2053 790 2247 841 “Ρωμαίοις

1200 849 1399 887 ἀποδοῦναι.
1427 850 1501 888 Νῦν
1522 847 1556 886 δὲ
1577 848 1737 901 ὓὸρίσθαι
1758 848 1820 899 μὲν
1842 848 1940 900 ἔλεγε
1958 848 2044 901 πρὸς
2072 850 2186 887 αὐτῶν
2206 850 2247 887 οὗ

1203 907 1424 960 βουλομένων
1442 906 1482 946 τὸ
1502 906 1690 959 συνταχθὲν
1712 912 1904 955 τηνικαῦτα
1923 907 2020 952 τέλος
2034 907 2133 960 παρὰ
2149 909 2246 960 σφῶν

1201 966 1281 1004 καθ’
1301 965 1446 1004 ἕκαστον
1468 965 1541 1010 ἔτος
1554 966 1609 1004 ἐπ’
1628 965 1731 1004 αὐτὸν
1746 965 1990 1004 κατατιθέναι·
2008 965 2069 1004 καὶ
2084 965 2248 1019 πρέσὸεις

1202 1023 1238 1062 δὲ
1271 1023 1425 1076 Ἀδάρων
1460 1023 1649 1067 σταλέντας
1678 1023 1764 1076 πρὸς
1797 1025 1910 1063 αὐτῶν
1938 1026 2146 1076 ἀνῃρῆσθαι.
2179 1023 2250 1064 Διὰ

1202 1082 1313 1122 ταῦτά
1331 1099 1367 1121 τε
1388 1082 1485 1130 ἥκειν
1514 1085 1547 1127 ἐς
1575 1082 1633 1120 τὸν
1661 1083 1766 1130 Σάον,
1787 1083 1848 1121 καὶ
1867 1082 1925 1122 ἐπὶ
1952 1082 2064 1136 τούτῳ
2089 1082 2252 1136 πρέσὸεις

1203 1140 1362 1180 ἐκέλευσε
1382 1141 1543 1186 δέξασθαι
1570 1142 1656 1193 παρ’
1677 1142 1782 1178 αὐτοῦ
1809 1140 1867 1179 τὸν
1891 1142 2004 1188 Σῆθον
2031 1140 2253 1191 σταλησομέ·

1204 1214 1280 1242 νους
1299 1199 1343 1237 δι’
1376 1200 1481 1237 αὐτοῦ
1511 1200 1557 1242 ὡς
1583 1198 1639 1236 τὸν
1669 1198 1929 1251 αὐτοκράτορα,
1956 1197 2018 1253 καὶ
2046 1198 2253 1246 αἰτήσοντας

1204 1257 1474 1310 παρασκευάσαι
1494 1256 1586 1296 κατὰ
1604 1256 1661 1295 τὸν
1678 1256 1817 1308 Ἴστρον
1835 1259 1930 1310 αὐτῷ
1946 1257 1990 1295 τὰ
2008 1258 2114 1296 πλοῖα
2130 1258 2254 1296 διαπε-

1206 1320 1387 1368 ραιοῦσθαι
1421 1316 1584 1368 μέλλοντι
1614 1315 1705 1354 κατὰ
1742 1316 1975 1363 Σκλαὸηνῶν.
2014 1315 2181 1367 Ὀμνύειν
2214 1331 2253 1354 τε

1206 1375 1324 1427 ἔλεγεν
1358 1374 1451 1427 ἔχειν
1491 1375 1638 1426 ἑτοίμως
1673 1374 1750 1419 τοὺς
1789 1374 2036 1425 νομιζομένους
2071 1374 2255 1426 μεγίστους

1205 1434 1303 1487 παρά
1326 1449 1364 1472 τε
1390 1434 1546 1487 Ἀὅάροις
1564 1434 1625 1472 καὶ
1649 1433 1840 1484 Ῥωμαίοις
1861 1432 2003 1486 ὅρκους,
2023 1435 2070 1477 ὡς
2089 1433 2253 1484 οὐδεμίαν

1204 1491 1281 1530 τινὰ
1294 1491 1386 1530 κατὰ
1407 1492 1597 1542 Ῥωμαίων
1617 1491 1639 1539 ἢ
1659 1493 1751 1530 κατὰ
1769 1495 1830 1539 τῆς
1851 1491 2000 1544 Σιρμίου
2024 1491 2158 1535 πόλεως
2179 1507 2253 1542 μη-

1204 1566 1229 1602 χ
1232 1550 1405 1602 ανώμενος
1423 1551 1571 1604 βλάὸην,
1586 1551 1662 1589 ἀλλ’
1677 1551 1734 1589 ἐπὶ
1746 1554 1789 1603 τῇ
1805 1555 1863 1589 τοῦ
1881 1550 1996 1594 ἔθνους
2009 1550 2251 1598 τῶνΣκλαὸη-

1205 1612 1271 1647 νῶν
1292 1609 1404 1663 ἐφόδῳ
1424 1609 1486 1657 τὴν
1506 1609 1657 1663 γέφυραν
1685 1609 1843 1661 βούλοιτο
1858 1608 2046 1656 πήξασθαι.
2064 1611 2190 1649 Ταῦτα
2211 1611 2250 1647 οὗ

1205 1668 1312 1707 πιστὰ
1342 1668 1404 1718 μὲν
1430 1668 1507 1707 οὔτε
1541 1670 1645 1722 Σήθῳ
1674 1669 1769 1721 αὐτῷ
1795 1667 1873 1707 οὔτε
1902 1669 1971 1711 τοῖς
1998 1669 2032 1705 ἐν
2061 1668 2254 1720 Σιγγηδόνι

1207 1726 1318 1765 ἐδόκει
1342 1726 1546 1777 Ῥωμαίοις.
1570 1724 1698 1777 Ὅμως
1714 1726 1749 1764 δὲ
1773 1725 1850 1763 οὔτε
1874 1725 2104 1778 παρασκευὴν
2128 1725 2254 1773 ἱκανὴν

1205 1785 1296 1838 ἔχειν
1317 1784 1488 1836 οἰόμενοι,
1506 1786 1728 1838 στρατιωτῶν
1745 1800 1779 1822 τε
1799 1783 1924 1835 ὀλίγων
1941 1785 2056 1828 αὐτοῖς
2070 1784 2255 1836 παρόντων

1205 1845 1264 1882 καὶ
1281 1844 1463 1895 δρομάδων
1481 1846 1565 1882 νεῶν
1579 1844 1718 1882 πολλῶν
1737 1844 1775 1881 οὐ
1792 1845 1992 1895 παρουσῶν,
2008 1837 2064 1881 οἶα
2081 1844 2142 1889 τῆς
2158 1842 2255 1889 κινή-

1211 1918 1298 1946 σεως
1317 1902 1446 1949 ταύτης
1463 1901 1622 1956 ἐξαίφνης
1638 1918 1674 1940 τε
1691 1901 1750 1940 καὶ
1767 1900 2035 1954 ἀπροσδοκήτως
2046 1900 2233 1952 γενομένης
2244 1917 2253 1926 ·

1205 1960 1279 2012 ἅμα
1296 1977 1333 1999 τε
1349 1965 1408 1999 τοῦ
1423 1961 1588 2012 Χαγάνου
1601 1961 1791 1998 διαπειλεῒν
1806 1959 2000 2012 ἀρξαμένου
2014 1958 2076 1998 καὶ
2094 1960 2251 2012 διαμαρ-

1203 2020 1391 2073 τύρασθαι,
1409 2023 1455 2064 ὡς
1474 2019 1576 2064 αὐτὸς
1596 2020 1659 2070 μὲν
1675 2020 1751 2063 ταῖς
1766 2018 1851 2071 πρὸς
1867 2018 2067 2068 Ῥωμαίους
2079 2021 2255 2057 συντεθεισ-

1207 2135 1241 2158 se
1256 2128 1380 2159 struere
1393 2127 1457 2166 ait,
1473 2125 1529 2158 sed
1546 2127 1583 2158 ut
1607 2126 1718 2158 contra
1733 2124 1898 2158 sclavinos
1913 2124 2148 2165 expeditionem
2161 2125 2257 2157 susci-

1209 2181 1298 2220 peret
1310 2188 1364 2212 :se
1379 2179 1566 2211 transmisso
1582 2180 1643 2211 sao
1653 2203 1662 2218 ‚
1677 2179 1710 2211 et
1721 2178 1837 2211 finibus
1853 2179 2071 2210 Romanorum
2086 2178 2256 2218 percursis,

1208 2241 1320 2265 rursus
1335 2234 1455 2264 Istrum
1469 2232 1679 2272 traiecturum
1689 2255 1699 2271 ‚
1715 2231 1827 2263 multis
1841 2230 2123 2271 ad²trajectionem
2137 2230 2178 2262 ab
2195 2230 2257 2262 im·

1209 2286 1357 2325 peratore
1370 2286 1587 2317 Romanorum
1598 2283 1775 2324 impetratis
1782 2282 1928 2314 navibus.
1939 2282 2027 2314 idem
2040 2290 2075 2314 se
2081 2281 2149 2322 iam
2162 2284 2257 2314 antea

1209 2339 1242 2369 in
1257 2337 1393 2378 gratiam
1414 2339 1632 2370 Romanorum
1648 2335 1848 2377 imperatoris
1870 2335 1998 2374 secisse,
2019 2334 2052 2366 et
2069 2334 2172 2366 multa
2191 2336 2256 2366 Ro-

1211 2399 1382 2422 manorum
1393 2390 1513 2430 millia,
1527 2390 1583 2431 qui
1599 2390 1633 2421 in
1645 2389 1833 2421 servitutem
1846 2396 1866 2420 a
1881 2387 2037 2420 sclavinis
2046 2386 2166 2419 redacti
2183 2387 2255 2419 suis-

1209 2443 1279 2474 sent
1289 2466 1298 2482 ,
1316 2442 1464 2474 libertate
1481 2441 1599 2473 donata
1612 2464 1621 2480 ,
1634 2440 1785 2474 Romanis
1801 2439 1986 2488 restituisse.
2005 2440 2097 2471 Nunc
2113 2447 2191 2470 vero
2204 2439 2255 2470 di-

1209 2494 1304 2525 cebat
1313 2518 1322 2534 ‚
1336 2493 1558 2526 seaSclavinis
1565 2492 1682 2533 injuria
1693 2492 1846 2524 affectum
1859 2515 1868 2530 ‚
1883 2490 1959 2532 quia
1966 2490 2088 2522 nollent
2100 2490 2258 2529 tributum

1210 2545 1381 2586 quotannis
1402 2545 1458 2576 illo
1477 2546 1620 2585 tempore
1632 2543 1789 2575 indictum
1815 2542 1875 2575 sibi
1901 2542 2044 2582 solvere,
2069 2542 2140 2574 tum
2159 2541 2256 2574 etiam

1209 2598 1286 2638 quia
1303 2601 1446 2630 Avarum
1464 2598 1583 2638 legatos
1601 2606 1621 2629 a
1635 2605 1669 2629 se
1686 2596 1799 2628 missos
1810 2595 2030 2635 sustulissent,
2047 2595 2080 2626 et
2094 2603 2166 2626 eam
2190 2601 2259 2625 esse

1210 2658 1340 2681 causam
1361 2658 1419 2680 cur
1441 2649 1482 2681 ad
1507 2652 1606 2682 Saum
1622 2648 1816 2680 accessisset.
1834 2648 1947 2687 Itaque
1960 2646 2093 2679 sethum
2109 2645 2258 2686 excipere

1207 2701 1302 2742 jussit
1323 2702 1463 2742 legatos,
1494 2710 1574 2742 quos
1595 2701 1636 2733 ad
1658 2702 1884 2741 imperatorem
1906 2699 2074 2739 mittebat,
2095 2698 2151 2740 qui
2168 2699 2258 2739 pete·

1211 2755 1283 2785 rent
1302 2755 1337 2786 ut
1355 2753 1414 2786 sibi
1433 2753 1466 2785 in
1486 2753 1650 2786 sclavinos
1665 2752 1838 2791 trajecturo
1862 2760 1961 2783 naves
1973 2759 2030 2792 per
2043 2752 2164 2783 Istrum
2178 2758 2258 2790 proe-

1210 2808 1347 2847 pararet.
1365 2806 1507 2846 Adiecit,
1523 2814 1556 2838 se
1570 2814 1625 2846 per
1638 2814 1675 2837 ea
1687 2814 1760 2846 quae
1779 2806 1811 2836 et
1821 2804 1907 2845 apud
1921 2806 2082 2836 Romanos
2094 2805 2127 2835 et
2139 2806 2260 2835 Avarae

1209 2857 1407 2890 sanctissima
1426 2858 1595 2896 habentur,
1611 2859 1757 2897 paratum
1775 2856 1895 2895 Jurare‚
1910 2864 1944 2887 se
1959 2855 2086 2887 nullum
2103 2854 2258 2886 damnum

1210 2910 1348 2950 cogitare
1367 2911 1425 2941 aut
1444 2909 1595 2941 Romanis
1610 2910 1667 2940 aut
1682 2907 1800 2948 oppido
1816 2907 1931 2940 Sirmio
1955 2907 2089 2946 inferre,
2107 2905 2161 2938 sed
2183 2907 2256 2937 tan-

1210 2963 1300 3000 tum,
1315 2970 1381 3002 quo
1400 2961 1460 2992 sibi
1476 2960 1599 2992 aditum
1612 2959 1652 2991 ad
1673 2959 1836 2991 sclavinos
1852 2958 2041 2999 patefaciat,
2065 2959 2195 2999 pontem
2209 2957 2258 2989 sa-

1211 3023 1283 3046 cere
1294 3014 1478 3046 instituisse.
1497 3013 1554 3046 His
1570 3012 1701 3054 quidem
1724 3012 1840 3044 sethus
1855 3013 1887 3043 et
1901 3011 2052 3051 Romani,
2069 3011 2126 3052 qui
2151 3010 2259 3050 singe-

1211 3066 1295 3099 done
1307 3067 1409 3106 erant,
1424 3067 1555 3098 minime
1565 3065 1705 3098 fidebant
1720 3064 1794 3097 :sed
1807 3073 1842 3096 se
1858 3064 1973 3096 idoneo
1989 3065 2130 3096 exercitu
2141 3064 2259 3095 instru-

1212 3121 1297 3158 ctos,
1311 3121 1368 3150 aut
1386 3118 1542 3150 militibus
1556 3118 1696 3158 (paucos
1717 3115 1803 3148 enim
1835 3115 2020 3156 habebant)
2039 3117 2096 3146 aut
2123 3114 2260 3146 navibus

1211 3170 1376 3203 velocibus
1389 3170 1520 3202 minime
1544 3169 1620 3201 satis
1634 3168 1761 3209 paratos
1782 3175 1850 3199 esse
1875 3167 2070 3206 cogitabant.
2099 3166 2160 3198 Hic
2172 3165 2258 3197 enim

1212 3227 1320 3254 motus
1338 3222 1378 3254 de
1410 3221 1583 3262 improviso
1607 3222 1640 3252 et
1659 3221 1773 3260 proeter
1788 3227 1877 3259 spem
1906 3219 2076 3250 acciderat.
2104 3219 2260 3250 Praeterea

1213 3276 1384 3316 Chaganus
1402 3274 1542 3306 minitari
1556 3273 1651 3314 coepit
1669 3275 1702 3304 et
1717 3271 1891 3311 testificari,
1915 3280 1949 3302 se
1965 3272 2070 3303 solum
2092 3270 2259 3302 conventis

1213 3327 1294 3358 inter
1304 3335 1338 3358 se
1354 3327 1385 3358 et
1402 3328 1562 3358 Romanos
1577 3325 1662 3366 pacis
1678 3323 1915 3356 conditionibus
1932 3324 2034 3362 stare,
2058 3326 2090 3354 et
2106 3322 2259 3362 quoniam

1214 3379 1246 3410 in
1257 3386 1444 3411 communes
1459 3386 1535 3410 suos
1547 3378 1579 3410 et
1595 3378 1812 3409 Romanorum
1834 3376 1938 3407 hostes
1951 3376 2070 3415 pergat,
2085 3373 2214 3406 minime
2227 3381 2260 3405 se
