2372 3704
709 214 948 266 TIMOLAI,
974 214 1274 254 TIMOMACHI
1302 215 1632 256 FRAGMENTA.

386 369 390 374 ·
424 337 822 397 TlMOLAUS.

489 455 768 496 ΦΡΥΓΙΑΚΑ.
877 507 880 510 ,

397 562 428 597 Ε
455 560 630 597 meno
659 560 854 597 PRIMO.
899 605 904 609 ‚

157 652 349 690 Plutarch.
368 654 426 689 De
442 650 534 701 fluv.
558 664 591 690 c.
616 663 640 699 9
665 663 674 686 :
696 648 897 701 Μαίανδρος
918 647 1075 698 ποταμὸς
1091 650 1153 695 τῆς

105 709 239 754 Ἀσίας·
266 710 424 747 ἐκαλεῖτο
443 708 478 746 δὲ
496 707 662 759 πρότερον
690 706 920 745 Ἀναὸαίνων·
957 707 1058 756 μόνος
1080 705 1148 758 γὰρ

105 771 146 807 ἐκ
161 769 300 807 πάντων
317 770 385 806 τῶν
399 770 567 816 ποταμῶν
589 766 658 804 ἀπὸ
677 768 744 804 τῶν
763 765 858 803 ἰδίων
878 765 1070 817 ἀρχόμενος
1086 780 1152 812 πη-

105 829 175 879 γῶν
196 828 243 870 εἷς
261 825 380 865 ἑαυτὸν
404 825 646 877 παλινδρομεῒ.
668 823 940 876 Προσηγορεύθη
958 823 994 861 δὲ
1011 822 1152 862 Μαίαν-

105 885 183 936 δρος
219 883 288 921 ἀπὸ
323 883 545 934 Μαιάνδρου,
582 885 641 920 τοῦ
666 881 852 934 Κερκάφου
867 882 926 920 καὶ
957 881 1153 926 Ἀναξιὸίας

104 941 246 989 παιδὸς,
267 941 303 986 ὃς
331 941 415 994 πρὸς
434 940 719 984 Πεσσινουντίους
736 940 886 989 πόλεμον
904 939 993 991 ἔχων
1024 938 1152 986 ηὔξατο

104 1002 148 1053 τῇ
167 998 288 1053 Μητρὶ
309 1001 375 1037 τῶν
398 1001 495 1045 θεῶν,
516 997 576 1036 ἐὰν
601 997 769 1052 ἐγκρατὴς
794 997 935 1048 γένηται
960 1001 1021 1044 τῆς
1036 996 1152 1046 νίκης,

105 1058 217 1096 θύσειν
235 1057 292 1095 τὸν
306 1060 447 1109 πρῶτον
459 1058 554 1110 αὐτῷ
569 1055 790 1108 συγχαρέντα
807 1058 882 1099 ταῖς
894 1057 1151 1107 ἀνδραγαθίαις,

105 1116 259 1168 τρόπαια
291 1115 417 1169 φέρων.
455 1115 736 1167 ςΥποστρέψαντι
762 1112 798 1151 δὲ
830 1116 881 1166 τῷ
911 1114 1152 1167 προειρημένῳ

107 1177 246 1228 πρῶτος
267 1174 445 1226 συνεχάρη
463 1173 678 1218 συναντήσας
702 1175 719 1210 ὁ
738 1177 820 1215 παῖς
839 1172 1021 1225 Ἀρχέλαος
1033 1201 1043 1219 ,
1063 1172 1152 1223 μετὰ

107 1235 168 1279 τῆς
189 1232 320 1284 μητρὸς
339 1232 399 1270 καὶ
430 1235 492 1278 τῆς
518 1233 685 1284 ἀδελφῆς·
707 1234 725 1269 ὁ
756 1231 792 1269 δὲ
809 1234 869 1277 τῆς
899 1230 1152 1283 προειρημένης

107 1290 377 1341 δεισιδαιμονίας
396 1290 646 1340 ἀναμνησθεὶς,
661 1289 737 1327 κατ’
758 1289 913 1340 ἀνάγκην
933 1291 1063 1340 βωμοῖς
1083 1304 1148 1326 κα-

108 1348 240 1400 τήγαγε
255 1347 334 1391 τοὺς
353 1349 602 1399 προσήκοντας.
625 1345 821 1396 ’Λθυμήσας
841 1347 870 1383 δ’
890 1346 948 1383 ἐπὶ
967 1351 1036 1389 τοῖς
1057 1360 1153 1397 πρα-

106 1409 239 1459 χθεῖσιν
267 1405 404 1458 ἔρριψεν
422 1404 544 1443 ἑαυτὸν
569 1406 616 1448 εἷς
638 1403 797 1454 ποταμὸν
829 1402 1097 1453 Ἀναὸαίνοντα,
1118 1402 1154 1446 ὃς

109 1464 171 1503 ἀπ’
201 1465 305 1502 αὐτοῦ
340 1463 541 1516 Μαίανδρος
571 1461 854 1515 προσηγορεύθη·
885 1460 998 1505 καθὼς
1026 1462 1155 1513 ἱστορεῖ

108 1522 332 1574 Τιμόλαος
366 1524 407 1560 ἐν
442 1522 480 1559 α’
512 1522 793 1573 Φρυγιακῶν.
816 1520 1008 1570 Μέμνηται
1021 1518 1057 1557 δὲ
1074 1519 1155 1558 τού-

109 1597 177 1620 των
196 1580 257 1620 καὶ
276 1581 535 1632 Ἀγαθοκλῆς
554 1581 572 1618 ὃ
592 1579 759 1631 Σάμιος
778 1579 819 1630 ἐν·
833 1581 876 1631 τῇ
900 1581 1156 1618 Πεσσινουν-

108 1639 209 1679 τίων
238 1638 452 1691 πολιτείᾳ.

163 1702 335 1737 Fortasse
359 1699 553 1735 Timolaus
580 1698 643 1734 hic
676 1697 777 1734 idem
795 1703 850 1734 est
879 1709 966 1733 cum
981 1697 1154 1733 Timolao

113 1758 344 1804 Macedone,
370 1757 476 1804 cujus
498 1757 640 1792 mentio
669 1755 713 1792 fit
731 1768 791 1805 ap.
812 1756 931 1794 schol.
960 1756 1009 1791 ad
1039 1757 1154 1794 Hom.

110 1814 242 1865 Odyss.
262 1830 296 1865 γ,
324 1815 397 1862 267
423 1815 478 1865 (et
497 1816 665 1851 Eustath.
701 1815 728 1853 l.
762 1813 813 1863 l.)
840 1812 938 1852 :Tbv
971 1812 1006 1850 δὲ
1037 1811 1156 1861 Δημό·

113 1875 214 1912 δοκον
247 1874 294 1917 εἷς
333 1871 506 1918 Μυκήνας
544 1871 662 1909 λαὸὼν
695 1870 922 1922 Ἀγαμέμνων
961 1869 1060 1914 ἔταξε
1093 1869 1156 1917 τὴν

114 1929 436 1982 Κλυταιμνήστραν
449 1929 578 1981 τηρεῖν.
594 1928 753 1977 Ἐτίμων
769 1928 808 1966 δὲ
827 1928 906 1966 λίαν
919 1928 1072 1979 (Ἔτίμα
1088 1928 1155 1982 γὰρ

114 1988 208 2040 λίαν,
220 1988 316 2041 φησὶ,
342 2003 396 2027 sc.
428 1987 639 2039 Δημήτριος,
667 1987 788 2036 Eust.)
806 1985 883 2029 τοὺς
901 1985 1007 2038 ᾠδοὺς
1035 1988 1081 2029 ὡς
1101 1987 1156 2023 δι-

112 2047 308 2090 δασκάλους
326 2049 393 2084 τῶν
419 2061 456 2083 τε
474 2044 572 2083 θείων
604 2045 663 2083 καὶ
690 2045 850 2082 παλαιῶν
878 2043 1156 2096 ἀνδραγαθημά-

112 2120 193 2152 των,
211 2104 271 2142 καὶ
286 2106 354 2142 τῶν
372 2103 486 2142 ἄλλων
506 2102 660 2156 ὀργάνων
674 2101 779 2140 πλέον
793 2101 855 2149 τὴν
876 2101 983 2153 λύραν
996 2101 1155 2152 ἠγάπων·

112 2163 214 2210 δηλοῖ
229 2162 264 2200 δὲ
279 2163 339 2202 καὶ
357 2161 654 2212 Κλυταιμνήστρα
675 2160 737 2207 τὴν
752 2162 866 2198 αὐτῶν
882 2159 1000 2208 τιμήν.
1022 2161 1075 2198 Οὐ
1090 2159 1157 2212 γὰρ

112 2236 267 2272 φονευειν
288 2221 364 2259 ἀλλ’
382 2219 553 2272 ἀφορίζειν
571 2219 674 2258 αὐτὸν
687 2218 847 2257 ἐκέλευσε
840 2220 999 2279 (ἀφηκε
1011 2220 1114 2256 Eust.
1126 2219 1154 2267 ).

112 2280 226 2329 Τιμό
239 2281 294 2318 λα
306 2294 349 2322 ος
367 2278 402 2316 δὲ
421 2278 569 2331 ἀδελφὸν
590 2277 693 2316 αὐτόν
710 2292 814 2329 φησιν
828 2280 915 2314 εἶναι
935 2275 1098 2331 Φημίου,
1121 2274 1158 2314 ὃν

114 2335 309 2380 ἀκολούθως
325 2336 447 2381 ἔταξαν
465 2337 525 2375 καὶ
543 2339 586 2389 τῇ
621 2336 811 2385 Πηνελόπῃ
834 2335 893 2401 eie„
910 2333 1049 2380 Ιθοίκην
1075 2334 1158 2386 πρὸς

111 2393 370 2447 παραφυλακὴν
403 2395 523 2441 αὐτῆς.
559 2393 623 2432 Διὸ
656 2393 716 2431 καὶ
748 2393 807 2445 βίᾳ
842 2407 909 2436 τοις
945 2394 1157 2444 μνηστῆρσιν

114 2453 234 2494 ἀείδει.
266 2455 442 2492 Τοσοῦτον
477 2450 514 2489 δὲ
538 2451 598 2490 καὶ
627 2450 712 2503 πρὸς
731 2449 775 2488 τὰ
805 2449 968 2487 πολιτικὰ
998 2449 1157 2488 διέτεινεν

114 2514 136 2558 ἡ
152 2513 221 2549 τῶν
234 2511 436 2563 κιθαρῳδῶν
454 2509 604 2560 μουσικὴ
620 2512 665 2552 ὡς
681 2511 750 2547 τῶν
774 2510 1004 2559 Σπαρτιατῶν
1021 2505 1084 2551 τὴν
1098 2506 1159 2546 πό-

113 2570 167 2607 λιν
185 2570 394 2622 ὠφελεῖσθαι
425 2569 583 2620 λέγουσιν
614 2568 681 2606 ὑπὸ
703 2565 833 2605 τούτων
853 2569 920 2604 τῶν
955 2566 1088 2617 ἀνδρῶν
1114 2565 1157 2603 τὰ

115 2627 266 2679 μέγιστα
296 2626 356 2665 καὶ
381 2627 465 2679 πρὸς
484 2626 644 2676 ὁμόνοιαν
666 2625 726 2664 καὶ
753 2625 838 2678 πρὸς
861 2624 924 2670 τὴν
953 2626 1022 2662 τῶν
1042 2623 1157 2674 νόμων

2169 226 2241 260 5²1

1211 300 1299 353 ᾠδοῦ
1315 330 1325 348 ,
1346 301 1499 354 συνάρας
1525 302 1595 340 ἀπὸ
1615 303 1876 354 Λακεδαίμονος
1901 304 2020 353 Ἰθάκη
2043 306 2144 358 (lege
2163 308 2249 354 Πη-

1211 359 1373 409 νελόπῃ).
1399 362 1550 397 Scilicet
1571 363 1856 409 Clytaemnestrae
1871 373 2061 402 cantorem
2075 365 2160 409 τινὲς
2173 367 2249 405 Χα-

1213 415 1356 469 ρίδημον
1384 417 1582 470 (Χαριάδην
1610 421 1711 458 Eust.
1728 420 1761 469 ),
1783 421 1813 457 οἱ
1835 418 1870 457 δὲ
1890 421 2091 471 Δημόδοκον
2115 425 2252 462 καλοῦ-

1213 489 1283 523 σιν,
1301 476 1331 513 οἱ
1351 474 1386 512 δὲ
1405 477 1576 522 Γλαῦκον,
1594 478 1714 515 schol.
1737 478 1872 526 Odyss.
1894 478 1942 529 γ’,
1966 482 2055 527 267.

1267 535 1436 572 Eustath.
1470 534 1532 573 ad.
1557 535 1689 583 odyss.
1711 535 1752 581 λ,
1773 549 1814 584 p.
1856 538 1967 585 1697,
1989 538 2035 583 57
2064 552 2073 575 :
2108 538 2252 586 Ἐδόθη-

1216 607 1280 629 σαν
1295 591 1330 629 δὲ
1353 592 1411 630 καὶ
1431 591 1547 635 ἄλλοις
1557 594 1624 630 τῶν
1645 592 1767 644 ἡρώων
1780 592 1972 645 μνήμονες,
1992 611 2060 632 οιον
2078 598 2126 633 τῶ
2143 596 2176 635 Α
2181 598 2254 648 χιλ

1213 650 1265 687 λεῖ
1283 648 1367 701 πρὸς
1387 665 1448 696 της
1469 649 1616 701 μητρὸς,
1634 652 1679 693 ὡς
1694 652 1821 701 ἱστορει
1807 651 1896 688 ”ml
1910 652 2116 704 Λυκόφρων,
2132 654 2190 691 καὶ
2204 657 2254 692 τῶ

1214 707 1447 760 Πατρόκλῳ
1429 706 1464 745 οὲ
1486 709 1545 744 ὑπ’
1569 707 1752 759 Ἀχιλλέως
1770 708 1926 760 Εὔδωρος
1957 710 2045 759 μετὰ
2070 711 2132 757 τὴν
2153 728 2254 761 μηνιν

1214 767 1248 804 ἔν
1266 769 1308 818 τῇ
1335 765 1533 819 ναυμαχία,
1554 766 1644 804 ὥστε
1661 766 1709 817 μὴ
1728 766 1848 818 πρόσω
1867 774 2005 820 χωρεῖν,
2033 771 2254 821 ἀναιρεθῆναι

1215 824 1246 861 δ’
1265 823 1368 861 αὐτὸν
1385 823 1511 868 εὖθυς’
1497 840 1530 861 εν
1551 827 1593 877 τῇ
1613 824 1807 876 συμὸολῇε
1795 841 1862 863 υπο
1882 826 2110 878 Πυραίχμου·
2127 827 2178 866 διὸ
2195 823 2255 866 καὶ

1214 882 1317 919 αὐτὸν
1339 884 1473 934 πρῶτον
1494 883 1716 935 ἀναιρεθῆναι
1733 883 1801 921 ὑπὸ
1819 882 2027 936 Πατρόκλου
2047 886 2178 937 ἱστορεῖ
2194 887 2253 925 Τι-

1215 940 1342 989 μόλαος
1356 942 1373 977 ὁ
1391 940 1578 980 Μακεδών.

1266 1000 1505 1036 Antecedunt
1528 1001 1661 1037 similia
1696 1000 1742 1036 de
1771 1000 1962 1039 Chalcone
1984 1002 2254 1050 Cyparissensi‚

1214 1070 1327 1105 quem
1353 1059 1490 1093 Nestor
1519 1059 1722 1094 Antilocho
1748 1058 1827 1094 filio
1860 1059 2054 1095 custodem
2091 1059 2253 1098 dederit.

1213 1117 1303 1162 Quae
1327 1124 1530 1152 narrantur
1562 1130 1607 1153 ex
1628 1117 1849 1166 Asclepiade
1875 1119 2084 1164 Myrleano.
2109 1120 2163 1154 Ex
2190 1131 2255 1155 eo-

1215 1175 1300 1210 dem
1319 1183 1475 1211 auctore
1494 1176 1688 1212 Werferus
1719 1176 1823 1223 (Act.
1856 1176 1950 1214 Phil.
1987 1178 2136 1212 Monac.
2159 1184 2252 1212 tom.

1214 1233 1271 1278 11,
1290 1245 1329 1281 p.
1358 1231 1452 1280 542)
1472 1234 1586 1269 etiam
1611 1234 1771 1269 Timolai
1796 1233 2105 1280 reliquorumque
2124 1242 2257 1271 aucto-

1213 1303 1312 1335 rum,
1333 1290 1399 1338 qui
1427 1292 1483 1326 ibi
1502 1292 1720 1336 laudantur,
1744 1293 1975 1327 mentionem
1993 1291 2142 1327 fluxisse
2170 1305 2256 1328 cen·

1213 1356 1269 1384 set
1289 1349 1553 1397 probabiliter.
1580 1349 1755 1387 Ceterum
1775 1350 1934 1385 Macedo
1955 1350 2016 1385 ille
2046 1351 2140 1384 nihil
2160 1351 2256 1387 adeo

1215 1406 1338 1441 obstat
1367 1407 1459 1453 quin
1476 1408 1523 1442 sit
1550 1408 1740 1442 Timolaus
1760 1408 2000 1443 Anaximenis
2027 1407 2254 1456 discipulus,

1215 1463 1262 1499 cle
1279 1476 1355 1511 quo
1382 1465 1433 1500 ita
1456 1465 1589 1501 Suidas
1606 1464 1742 1501 habet:
1768 1463 1963 1513 Τιμόλαος,
1986 1465 2198 1514 Λαρισσαῖος
2218 1465 2257 1502 ἐκ

1215 1520 1451 1568 Μακεδονίας,
1472 1520 1709 1570 Ἀναξιμένους
1734 1524 1793 1559 τοῦ
1814 1523 2056 1573 Λαμψακηνοῦ
2085 1522 2255 1571 μαθητής·

1215 1577 1250 1621 ὃς
1267 1577 1327 1616 καὶ
1355 1580 1543 1626 ποιητικῶς
1563 1579 1653 1630 ἔχων
1671 1578 1887 1631 παρενέὸαλε
1909 1582 1951 1630 τῇ
1981 1579 2106 1618 Ἰλιάδι
2136 1579 2254 1631 στίχον

1214 1635 1299 1688 πρὸς
1311 1635 1445 1688 στίχον,
1454 1636 1514 1674 καὶ
1523 1636 1699 1689 ἐπέγραψε
1710 1635 1749 1674 τὸ
1765 1636 1948 1688 σύνταγμα
1956 1637 2113 1688 Τρωικόν
2127 1638 2260 1690 (Τρωι-

1215 1694 1262 1733 κά
1281 1697 1448 1735 Eustath.
1460 1697 1500 1732 in
1512 1697 1675 1734 Prooem.
1688 1697 1840 1744 odyss„
1859 1697 1927 1732 ubi
1947 1697 2111 1747 eadem)-

1298 1780 1399 1817 Μῆνιν
1413 1777 1496 1810 ἄειδε
1509 1778 1563 1809 θεὰ
1581 1777 1766 1815 Πηληιάδεω
1780 1778 1918 1819 Ἀχιλῆος
1927 1802 1936 1817 ,

1296 1827 1333 1864 ἢν
1346 1826 1431 1857 ἔθετο
1447 1825 1572 1866 Χρύσου
1587 1826 1802 1865 κεχολωμένος
1816 1826 1919 1856 εἵνεκα
1933 1825 2066 1866 κούρης,

1297 1873 1478 1912 οὐλομένην,
1492 1872 1511 1910 ἣ
1527 1872 1607 1913 μυρί’
1626 1872 1757 1912 Ἀχαιοῖς
1774 1871 1857 1911 ἄλγε’
1873 1872 1963 1908 ἔθηκε

1297 1919 1520 1959 μαρναμένοις,
1538 1918 1589 1949 ὅτε
1603 1919 1725 1959 Τρωσὶν
1740 1918 1810 1958 ἄτερ
1822 1918 1988 1958 πολέμιζον
2006 1917 2152 1954 ἄνακτος.

1298 1967 1420 2003 Πολλὰς
1434 1967 1459 1997 δ’
1475 1965 1614 2006 ἰφθίμους
1630 1966 1732 2007 ψυχὰς
1749 1965 1810 1996 ἄϊδι
1825 1965 1976 2006 προΐαψεν

1296 2012 1446 2054 Ἕκτορος
1459 2013 1490 2045 ἐν
1504 2013 1667 2054 παλάμῃσι
1682 2012 1870 2053 δαῖζομένων
1886 2013 1948 2044 ὑπὸ
1965 2011 2063 2053 δουρί.

1213 2092 1375 2147 Ἔγραψε
1402 2094 1462 2132 καὶ
1489 2094 1581 2132 ἄλλα
1610 2093 1703 2134 τινά.
1735 2117 1788 2122 -
1808 2096 1999 2131 Timolaus
2032 2094 2263 2143 Cyzicenus,

1214 2155 1380 2192 Platonis
1400 2155 1621 2204 discipulus,
1643 2166 1705 2204 ap.
1725 2155 1939 2203 Diogenem
1954 2156 2082 2192 Laert.
2105 2155 2177 2199 111,
2202 2153 2266 2197 46.

1480 2358 1997 2418 TIMOMACHUS.

1594 2466 1885 2506 ΚΥΠΡΙΑΚΑ.

1732 2569 1766 2595 1.

1272 2627 1475 2665 Athenaeus
1491 2627 1595 2674 XIV,
1612 2640 1655 2676 p.
1675 2627 1768 2672 638,
1788 2628 1850 2663 A.
1870 2624 2080 2676 Τιμόμαχος
2100 2623 2130 2662 δ’
2152 2624 2186 2661 ἐν
2203 2623 2273 2666 τοῖς

118 2685 292 2739 φυλακήν.
318 2687 375 2725 Cf.
408 2687 525 2723 schol.
559 2687 629 2723 Od.
655 2700 700 2731 α,
725 2685 836 2721 325:
861 2677 973 2726 Οὗτος
1010 2684 1026 2719 ὁ
1048 2682 1161 2726 ἀοιδὸς
1218 2686 1433 2736 Κυπριακοῖς
1459 2684 1684 2737 Στήσανδρον
1711 2683 1804 2734 λέγει
1831 2699 1889 2721 τον
1910 2683 2045 2732 Σάμιον
2069 2682 2126 2720 έπι
2148 2682 2268 2720 πλεῖον

118 2744 332 2796 (Phemius)
372 2743 518 2796 ἀδελφὸς
547 2746 589 2790 ἠν
611 2742 744 2795 Χαρίου
764 2745 823 2780 τοῦ
845 2740 1160 2792 Κλυταιμνήστρας
1214 2742 1363 2790 αυξησαι
1379 2742 1442 2789 τὴν
1461 2742 1603 2795 τέχνην,
1625 2742 1685 2780 και
1702 2743 1839 2794 πρῶτον
1855 2742 1888 2778 ἓν
1904 2741 2050 2792 Δελφοῖς
2067 2741 2269 2791 κιθαρῳδῆ-

483 2855 794 2903 PHRYGIACA.

155 2940 317 2973 Moeander
335 2939 452 2972 fluvius
468 2941 515 2972 est
527 2940 626 2978 Asiae,
641 2938 696 2979 qui
713 2938 800 2979 prius
812 2940 945 2970 vocatus
958 2938 1006 2970 est
1027 2937 1162 2970 Anaboe-

114 3001 178 3024 non
187 2992 198 3032 (
207 2991 438 3032 Retroyradus
446 2992 468 3032 ).
484 2992 577 3024 solus
586 2991 671 3022 enim
682 3000 720 3022 ex
731 2990 881 3021 omnibus
894 2989 998 3021 ssuviis
1009 2998 1028 3021 a
1041 2988 1108 3020 suis
1116 2988 1161 3020 in-

114 3046 233 3087 cipiens
264 3046 405 3078 fontibus
422 3046 456 3077 in
481 3055 514 3078 se
537 3047 642 3087 ipsum
668 3045 814 3077 recurrit.
850 3045 959 3074 Dictus
986 3044 1094 3074 autem
1114 3041 1162 3072 ost

115 3096 276 3129 Maeander
291 3106 309 3128 a
322 3097 502 3136 Maeandro,
519 3097 673 3137 Cercaphi
687 3098 720 3128 et
734 3095 895 3128 Anaxibiae
909 3093 973 3125 filio
983 3117 991 3132 ,
1006 3093 1061 3133 qui
1073 3093 1160 3123 moto

115 3150 228 3179 contra
245 3148 459 3180 pessinuntios
483 3149 585 3187 bello,
603 3148 698 3180 Matri
726 3147 859 3179 deorum
878 3144 1037 3186 pollicitus
1049 3144 1115 3182 est,
1135 3143 1160 3174 si

115 3200 257 3232 Victorum
271 3203 389 3241 tropaea
407 3202 600 3240 reportaret,
616 3209 703 3240 eum,
717 3197 968 3240 quiprirnussibi
991 3197 1160 3236 congratu-

116 3251 238 3283 laretur
261 3251 303 3283 ob
322 3252 473 3292 praeclare
497 3254 602 3292 gesta,
621 3251 885 3284 sacrificaturum.
910 3248 1032 3281 Accidit
1052 3248 1160 3278 autem

117 3304 152 3333 ut
165 3302 194 3333 ei
210 3311 336 3334 reverso
352 3303 446 3343 piimi
461 3305 665 3334 occurrerent
686 3302 860 3335 Archelaus
873 3300 974 3339 filius,
991 3299 1060 3338 ejus
1072 3307 1161 3329 soror

117 3357 149 3385 et
161 3355 276 3392 mater,
287 3363 368 3394 quos
380 3364 416 3386 ex
431 3355 634 3394 necessitate,
648 3356 721 3387 licet
734 3355 897 3396 proximos
908 3352 979 3392 Jure
989 3350 1160 3390 sanguinis,

119 3405 352 3446 pollicitationis
367 3415 433 3438 suae
451 3416 516 3439 non
538 3407 718 3447 immemor,
736 3406 775 3438 ad
795 3414 883 3438 aram
908 3402 1078 3436 ducendos.
1090 3410 1160 3434 ma-

1221 2851 1415 2890 ctandosque
1429 2849 1565 2881 curavit.
1583 2850 1645 2880 Sed
1661 2857 1762 2888 quum
1775 2847 1816 2878 ob
1829 2855 1866 2878 ea
1879 2855 1951 2887 quae
1964 2846 2050 2886 gesta
2063 2846 2152 2877 erant
2164 2844 2262 2875 vehe-

1221 2904 1345 2934 menter
1357 2901 1496 2939 doleret,
1519 2900 1654 2939 conjecit
1669 2908 1703 2930 se
1718 2899 1750 2930 in
1767 2898 1983 2930 Anabaenonta
2002 2896 2132 2927 fluvium
2142 2919 2151 2934 ‚
2166 2903 2262 2935 quem

1221 2953 1262 2984 ab
1278 2962 1316 2984 eo
1334 2954 1442 2993 postea
1457 2951 1565 2983 dixere
1590 2950 1786 2982 Maeandrum
1799 2973 1807 2989 ,
1822 2951 1858 2981 ut
1870 2948 1964 2980 docet
1987 2947 2147 2980 Timolaus
2160 2946 2263 2986 primo
2330 2993 2334 2996 .

1222 3002 1267 3031 De
1284 3000 1377 3030 rebus
1402 2998 1554 3038 Phrygiis.
1582 2997 1724 3028 Meminit
1740 2996 1856 3028 horum
1883 2996 1978 3027 etiam
1991 2993 2178 3035 Agathocles
2202 2993 2260 3023 Sa-

1220 3051 1303 3082 mius
1316 3051 1347 3082 in
1360 3050 1531 3090 Republica
1545 3048 1825 3081 Pessinuntiorum.

1496 3156 1563 3194 DE
1583 3154 1746 3194 REBUS
1765 3152 1982 3193 CYPRIIS.

1262 3245 1509 3280 Timomachus
1500 3254 1533 3276 m
1548 3253 1644 3285 opere
1665 3246 1711 3276 De
1727 3243 1823 3275 rebus
1848 3241 1971 3283 Cypriis
1984 3239 2028 3271 ait
2055 3236 2260 3270 stesandrum

1221 3299 1363 3331 Samium
1375 3297 1550 3338 plurimum
1563 3295 1772 3336 amplificasse
1789 3296 1889 3326 artem
1909 3293 1920 3333 (
1934 3292 2055 3323 cithara
2067 3287 2259 3329 psallendi),

1221 3352 1253 3382 et
1266 3350 1405 3390 primum
1428 3348 1559 3388 Delphis
1573 3346 1755 3379 Homericas
1781 3353 1902 3387 pugnas
1917 3343 2038 3375 cithara
2054 3340 2207 3377 cantasse,
2220 3336 2261 3369 ab

1222 3401 1361 3442 Odyssea
1376 3400 1460 3432 sacto
1475 3398 1575 3430 initio.
