2372 3704
1066 196 1398 236 FRAGMENTA.

179 290 378 338 Dionysius
405 288 597 325 Halicain.
618 287 663 322 A.
686 287 733 321 R.
751 285 792 329 Ι,
821 287 870 331 49
882 310 891 327 ,
913 295 953 331 p.
983 293 1053 316 122
1079 282 1128 316 R.

128 348 299 401 Κεφάλων
327 345 502 398 Γεργίθιος
520 344 580 382 καὶ
593 342 815 416 Ἡγήσιππος
834 343 851 378 6
875 339 963 391 Περὶ
981 338 1170 383 Παλλήνης

126 406 281 459 γράψας,
302 404 420 455 ἄνδρες
439 403 579 455 ἀρχαῖοι
595 401 655 439 καὶ
673 400 778 451 λόγου
801 398 901 443 ἄξιοι.
921 398 1035 446 Quod
1066 397 1166 432 anti-

126 468 309 515 quitatem
326 465 498 501 virorum
514 463 661 506 attinet,
676 461 723 497 de
735 460 952 511 Cephalone
972 456 1172 504 Dionysius

125 526 284 570 erravit;
306 524 563 572 Hegesippum
591 534 683 557 num
699 520 786 567 jure
816 519 941 555 virum
974 517 1171 564 antiquum

126 584 237 628 dicat,
251 583 355 619 haud
368 583 499 631 liquet.
511 583 566 618 De
577 581 658 616 aliis
667 578 892 631 Hegesippis
900 576 987 612 vide
999 576 1172 612 Vossium

123 656 164 691 p.
189 643 279 686 448.

474 754 824 794 ΠΑΛΛΗΝΙΑΚΑ.

635 874 670 899 1.

180 958 404 996 Parthenius
416 958 523 994 E10t,
541 969 573 992 c.
590 954 639 990 6:
657 951 768 1004 Περὶ
790 953 822 991 Π
837 950 1044 997 αλλήνης.
1063 947 1175 988 Ἱστο-

129 1017 182 1068 ρεῖ
199 1013 364 1064 Διογένης
383 1012 443 1051 καὶ
461 1011 681 1063 Ἡγήσιππος
707 1012 741 1048 ἐν
763 1009 1037 1055 Παλληνιακοῒς.
1059 1005 1174 1057 Λέγε-

126 1089 184 1111 ται
203 1072 263 1111 καὶ
284 1072 430 1117 Σίθονα,
463 1070 519 1108 τὸν
558 1069 786 1119 Ὀδομάντων
823 1066 989 1119 βασιλέα,
1012 1068 1174 1116 γεννῆσαι

126 1130 301 1183 θυγατέρα
331 1128 540 1178 Παλλήνην,
565 1107 678 1174 καλήν
698 1142 737 1164 τε
757 1125 816 1164 καὶ
837 1125 1015 1177 ἐπίχαριν,
1037 1122 1097 1161 καὶ
1118 1122 1174 1160 διὰ

126 1192 228 1227 τοῦτο
255 1189 312 1227 ἐπὶ
331 1189 494 1226 πλεῖστον
529 1189 691 1238 χωρῆσαι
716 1185 814 1228 κλέος
844 1184 969 1230 αὐτῆς,
987 1188 1106 1235 φοιτᾶν
1137 1197 1175 1219 τε

128 1249 328 1299 μνηστῆρας
344 1247 382 1284 οὐ
402 1244 504 1295 μόνον
524 1243 584 1281 ἀπ’
605 1245 712 1290 αὐτῆς
742 1241 908 1296 Θράκης,
940 1240 1030 1279 ἀλλὰ
1045 1238 1142 1278 xant*
1126 1254 1176 1277 ετι

127 1305 305 1357 πρόσωθέν
323 1319 434 1351 τινας,
450 1302 519 1341 ἀπό
537 1318 572 1340 τε
594 1302 781 1373 Ἰλλυρίδος
797 1316 857 1339 και
874 1302 942 1338 τῶν
960 1299 1017 1337 ἐπὶ
1036 1301 1069 1337 Γ
1073 1313 1175 1335 αναι-

130 1365 186 1406 δος
201 1366 359 1412 ποταμοῦ
373 1359 650 1414 κατῳκημένων·
670 1359 728 1398 τὸν
749 1359 785 1397 δὲ
805 1358 933 1397 Σίθονα
953 1372 1090 1409 πρωτον
1112 1355 1174 1405 μὲν

128 1421 280 1460 κελεύειν
299 1420 377 1464 τους
406 1417 676 1472 ἀφικνουμένους
706 1419 907 1468 μνηστῆρας
943 1414 1027 1467 πρὸς
1056 1414 1175 1466 μάχην

128 1479 218 1518 ἰέναι
234 1478 296 1526 τὴν
315 1478 420 1531 κόρην
439 1476 582 1528 ἔχοντα,
601 1477 630 1513 ει
647 1475 724 1513 δὲ“’
701 1490 816 1522 ηττων
833 1474 954 1527 φανείη
967 1503 976 1521 ,
997 1470 1176 1511 τεθνάναι·

128 1537 240 1591 τούτῳ
251 1553 287 1576 τε
298 1539 347 1590 τῷ
357 1535 475 1589 τρόπῳ
487 1535 580 1574 πάνυ
594 1532 739 1587 συχνους
750 1534 928 1586 ἀνῃρήκει.
944 1530 1049 1571 Μετὰ
1067 1531 1118 1578 83,
1132 1534 1177 1573 ὡς

130 1597 232 1635 αὐτόν
250 1612 287 1634 τε
308 1600 330 1643 ἡ
349 1595 509 1634 πλείων’
501 1592 598 1646 ισχυς
615 1592 828 1632 ἐπιλελοίπει
840 1591 1014 1643 ,ἔγνωστό
1027 1606 1065 1629 τε
1083 1591 1177 1642 αὐτῷ

131 1653 194 1702 τὴν
222 1654 328 1707 κόρην
352 1653 591 1706 ἁρμόσασθαι,
626 1651 685 1690 δύο
721 1654 922 1703 μνηστῆρας
951 1648 1177 1702 ἀφιγμένους,

130 1712 294 1765 Δρύαντά
312 1727 350 1750 τε
366 1728 426 1751 και
445 1713 605 1758 Κλεῖτον,
623 1711 793 1758 ἐκέλευεν,
824 1710 929 1748 ἄθλου
949 1707 1177 1761 προκειμένου

130 1775 192 1820 τῆς
210 1772 334 1824 κόρης,
361 1770 525 1817 ἀλλήλοις
546 1759 800 1821 διαμάχεσθαι,
818 1768 879 1807 καὶ
898 1783 955 1806 τον
977 1767 1019 1818 μὲ
1005 1783 1039 1805 ..ν
1055 1782 1092 1805 τε
1078 1766 1178 1804 *θνά-

133 1845 208 1877 ναι,
240 1830 298 1868 τὸν
334 1828 370 1867 δὲ
389 1827 653 1881 περιγενόμενον
673 1827 737 1874 τήν
756 1843 794 1865 τε
818 1825 997 1878 βασιλείαν
1027 1825 1086 1864 καὶ
1115 1824 1177 1872 τὴν

133 1888 244 1927 παῖδα
270 1887 377 1939 ἔχειν.
399 1888 471 1933 Τῆς
491 1885 527 1924 δὲ
548 1885 793 1938 ἀφωρισμένης
819 1884 951 1937 ἡμέρας
981 1899 1178 1936 παρουσης,

132 1950 155 1994 ἡ
177 1946 348 1993 Παλλήνη
362 1976 373 1997 ,
394 1945 496 1997 ἔτυχε
512 1944 580 1996 γὰρ
600 1946 715 1997 ἐρῶσα
727 1948 787 1982 τοῦ
805 1943 973 1990 Κλείτου,
994 1942 1087 1981 πάνυ
1110 1944 1181 1995 ὠῤ-

136 2005 239 2059 ῥώδει
259 2004 342 2056 περὶ
369 2005 493 2042 αὐτοῦ·
512 2004 572 2042 καὶ
601 2005 758 2053 σημῆναι
779 2002 841 2052 μὲν
869 2003 932 2040 οὐκ
960 2001 1092 2052 ἐτόλμα
1113 2001 1180 2039 τινὶ

135 2065 205 2101 τῶν
222 2062 309 2115 ἀμφ’
326 2061 442 2109 αὐτὸν,
461 2061 594 2113 δάκρυα
616 2061 651 2098 δὲ
671 2059 786 2098 πολλὰ
803 2060 916 2111 ἐχεῖτο
934 2062 1004 2097 τῶν
1025 2062 1179 2111 παρειῶν

136 2123 264 2172 αὐτῆς,
282 2119 344 2164 ἕως
364 2119 420 2158 ὅτε
438 2118 581 2171 τροφεὺς
598 2120 706 2164 αὐτῆς
720 2117 918 2170 πρεσὸύτης
943 2116 1178 2155 ἀναπυνθανό-

136 2195 235 2230 μενος
247 2179 308 2218 καὶ
327 2177 487 2229 ἐπιγνοὺς
499 2178 539 2215 τὸ
557 2177 664 2220 πάθος
677 2206 688 2226 ,
708 2180 751 2230 τῇ
782 2176 844 2226 μὲν
873 2180 1011 2229 θαρρεῖν
1028 2190 1181 2227 παρεκε-

136 2237 302 2286 λεύσατο,
317 2239 363 2281 ὡς
381 2232 404 2289 ἧ
423 2235 603 2289 βούλεται,
624 2234 734 2287 ταύτῃ
754 2238 814 2273 τοῦ
834 2234 1041 2287 πράγματος
1061 2232 1181 2285 χωρή-

137 2312 276 2340 σοντος·
299 2294 401 2339 αὐτὸς
432 2295 467 2332 δὲ
500 2293 616 2347 κρύφα
645 2293 834 2345 ὑπέρχεται
864 2293 921 2331 τὸν
951 2293 1091 2343 ἡνίοχον
1122 2295 1181 2330 τοῦ

2200 198 2274 230 423

1232 277 1422 329 Δρύαντος,
1441 275 1500 314 καὶ
1520 276 1614 327 αὐτῷ
1633 274 1761 327 χρυσὸν
1783 275 1890 313 πολὺν
1915 274 2153 326 ὁμολογήσας,
2170 274 2278 313 πείθει

1233 335 1289 374 διὰ
1308 337 1376 373 τῶν
1408 335 1622 387 ἁρματηγῶν
1655 335 1789 384 τροχῶν
1818 331 1866 383 μὴ
1887 333 2008 370 διεῖναι
2035 333 2096 376 τὰς
2118 333 2277 385 περόνας.

1231 393 1344 433 Ἔνθα
1359 392 1421 441 δὴ,
1446 395 1493 436 ὡς
1512 394 1544 435 ἐς
1567 391 1687 443 μάχην
1705 391 1862 443 ἐξῄεσαν,
1885 391 1944 428 καὶ
1966 391 2110 437 ἤλαυνεν
2128 394 2145 429 6
2166 390 2280 442 Δρύας

1233 452 1291 490 ἐπὶ
1305 451 1363 490 τὸν
1384 452 1547 500 Κλεῖτον,
1563 449 1623 488 καὶ
1637 451 1667 488 οἱ
1685 450 1808 501 τροχοὶ
1827 449 2077 501 περιερρύησαν
2098 451 2193 501 αὐτῷ
2212 452 2280 487 τῶν

1234 510 1415 563 ἁρμάτων,
1428 510 1488 548 καὶ
1503 509 1611 552 οὕτως
1625 508 1776 546 πεσόντα
1795 506 1897 545 αὐτὸν
1918 506 2117 558 ἐπιδραμὼν
2138 510 2155 545 6
2172 509 2281 546 Κλεῖ-

1234 585 1290 613 τος
1301 569 1448 622 ἀναιρεῗ.
1471 566 1684 617 Αἷσθόμενος
1709 565 1744 604 δὲ
1770 569 1787 604 ὁ
1816 565 1930 604 Σίθων
1954 566 2012 604 τόν
2031 581 2067 603 τε
2094 566 2204 617 ἔρωτα
2222 568 2282 604 καὶ

1234 627 1297 674 τὴν
1332 625 1520 672 ἐπιὸουλὴν
1550 629 1611 672 τῆς
1642 623 1825 677 θυγατρὸς,
1865 624 1961 674 μάλα
1994 623 2150 674 μεγάλην
2168 624 2281 676 πυρὰν

1235 686 1343 732 νήσας
1353 685 1413 723 καὶ
1426 683 1553 728 ἐπιθεὶς
1570 683 1629 722 τὸν
1645 682 1825 734 Δρύαντα,
1841 681 1926 734 ᾤετο
1941 680 2201 734 συνεπισφάξειν
2216 682 2276 719 καὶ

1235 742 1297 791 τὴν
1324 743 1532 791 Παλλήνην.
1556 742 1819 792 Φαντάσματος
1842 739 1877 779 δὲ
1902 740 1993 779 θείου
2013 739 2196 791 γενομένου
2225 739 2284 777 καὶ

1237 802 1444 848 ἐξαπιναίως
1461 801 1583 846 ὕδατος
1603 800 1638 845 ἐξ
1656 801 1801 852 οὐρανοῦ
1829 801 1959 837 πολλοῦ
1990 797 2284 850 καταρραγέντος,

1238 860 1391 912 μετέγνω
1407 876 1443 898 τε
1460 860 1520 899 καὶ
1537 859 1660 910 γάμοις
1681 858 1893 910 ἀρεσάμενος
1922 856 1979 894 τὸν
1997 856 2155 908 παρόντα
2184 857 2284 909 Θρᾳ-

1236 922 1306 957 κῶν
1328 920 1461 968 ὅμιλον,
1480 918 1597 970 ἐφίησι
1616 921 1666 971 τῷ
1688 916 1826 969 Κλείτῳ
1842 915 1906 963 τὴν
1925 915 2030 967 κόρην
2049 915 2204 965 ἄγεσθαι.

1290 976 1476 1028 Διογένης]
1499 980 1538 1014 in
1556 975 1736 1026 Θεαγένης
1763 976 1990 1012 mutandum
2006 987 2083 1011 esse
2101 975 2286 1024 probabi-

1237 1037 1324 1074 liter
1347 1037 1448 1083 conj.
1464 1038 1554 1074 Gale
1572 1050 1579 1071 z
1600 1037 1670 1073 Th.
1692 1034 2030 1071 Macedonicorum
2049 1035 2286 1082 scriptorem,

1238 1098 1277 1131 in
1306 1097 1378 1131 hac
1405 1097 1486 1144 ipsa
1519 1095 1674 1130 historia
1701 1107 1775 1129 una
1805 1106 1892 1129 cum
1912 1093 2128 1141 Hegesippo
2159 1093 2289 1128 laudat

1238 1155 1368 1203 steph.
1389 1156 1477 1201 Byz.
1500 1167 1535 1190 v,
1563 1151 1750 1197 Παλλήνη.
1773 1153 1897 1188 Possis
1917 1164 2071 1199 quoque
2093 1149 2287 1199 Θεογένης,

1239 1213 1344 1260 quod
1359 1213 1514 1248 fortasse
1539 1212 1836 1260 praeferendum;
1865 1210 1912 1250 cf.
1940 1210 2084 1248 Duker.
2104 1210 2153 1246 ad
2170 1211 2288 1247 Thuc.

1239 1273 1302 1317 IV,
1324 1284 1387 1320 27,
1411 1272 1478 1307 ubi
1495 1272 1596 1308 idem
1616 1272 1655 1306 in
1679 1270 1798 1308 codd.
1823 1269 2023 1306 dissensus.
2041 1290 2096 1296 —-
2113 1267 2198 1318 πρὸς
2216 1268 2288 1318 μά·-

1239 1344 1306 1381 χην
1339 1328 1426 1366 ἰέναι
1458 1328 1515 1366 τὸν
1533 1328 1638 1380 κόρην
1660 1327 1827 1380 ἔχοντα.]
1848 1329 1955 1364 loeus
1982 1329 2084 1365 varie
2107 1336 2285 1365 tentatus.

1244 1389 1372 1423 «Mihi
1390 1389 1494 1424 locus
1522 1387 1786 1424 emendatione
1812 1399 1922 1434 egere
1949 1399 2030 1421 non
2044 1387 2196 1422 videtur
2220 1400 2229 1422 ε
2257 1388 2288 1422 si

1240 1454 1366 1483 tamen
1385 1454 1480 1495 eget,
1501 1447 1596 1482 nihil
1609 1454 1752 1481 mutem
1765 1446 1832 1480 nisi
1850 1443 1976 1495 ἔχοντα
1993 1445 2034 1480 in
2053 1442 2184 1487 ἕξοντα.
2203 1445 2292 1481 Sen-

1240 1518 1301 1540 sus
1319 1518 1327 1540 :
1341 1519 1534 1553 procorum
1553 1506 1716 1552 undique
1728 1504 1982 1550 confluentium
2000 1517 2292 1552 unumquemque

1239 1567 1424 1613 virginem
1450 1568 1653 1612 potiturum
1674 1571 1859 1598 certamen
1884 1559 2050 1612 (secum)
2076 1565 2171 1597 inire
2179 1566 2295 1608 jussit

1239 1623 1359 1661 Sitho.
1380 1624 1529 1671 Duplex
1545 1622 1780 1658 accusativus
1801 1621 2043 1671 (μνηστῆρας,
2060 1618 2207 1671 ἔχοντα)
2223 1633 2287 1656 ne-

1239 1682 1381 1716 minem
1412 1681 1594 1719 offendet.
1623 1697 1637 1712 »
1661 1681 1837 1723 ΡΑεεον.,
1868 1691 1932 1727 ap.
1968 1691 2081 1726 quem
2107 1680 2204 1715 sicut
2228 1692 2289 1727 ap.

1243 1741 1567 1776 Westermannum
1583 1753 1621 1775 v.
1642 1746 1857 1775 ceterorum
1877 1738 2090 1774 conamina.

1755 1816 1791 1841 2,

1295 1874 1426 1923 Steph.
1445 1875 1533 1921 Byz.
1558 1886 1598 1911 v.
1615 1870 1804 1918 Παλλήνη.
1825 1872 1919 1910 Vide
1933 1870 2140 1920 Theagenis
2157 1870 2290 1919 fragm.

1250 1945 1263 1968 1
1276 1945 1290 1968 1
1299 1958 1310 1970 .
1753 1989 1786 2025 3,

1297 2060 1498 2107 Dionysius
1527 2060 1612 2097 Hal.
1647 2060 1691 2095 A.
1713 2060 1761 2095 R.
1791 2059 1828 2102 I,
1854 2064 1934 2106 49:
1963 2058 2010 2095 Oi
2032 2055 2093 2105 μὲν
2122 2054 2190 2106 γὰρ
2229 2053 2292 2098 ἕως

1244 2114 1389 2169 Θράκης
1412 2115 1597 2184 ἀγαγόντες
1629 2114 1732 2152 αὐτὸν
1751 2114 1821 2165 (sc.
1850 2114 2031 2164 Αἰνείαν),
2063 2114 2134 2151 ἐκεῖ
2151 2111 2292 2162 λέγουσι

1244 2176 1452 2220 τελευτῆσαι
1467 2173 1523 2211 τὸν
1554 2173 1641 2225 βίον,
1657 2176 1705 2211 ὧν
1727 2173 1799 2211 ἔστι
1814 2173 1986 2225 Κεφάλων
2003 2175 2020 2210 6
2038 2171 2217 2223 Γεργίθιος
2233 2170 2295 2208 καὶ

1245 2231 1469 2282 <Ηγήσιππος
1486 2234 1503 2269 6
1529 2231 1618 2284 Περι
1634 2230 1825 2278 Παλλήνης
1838 2231 1994 2283 γράψας,
2012 2229 2131 2282 ἄνδρες
2151 2231 2293 2281 ἀρχαῖοι

1245 2291 1305 2330 καὶ
1323 2291 1427 2341 λόγου
1446 2291 1546 2335 ἄξιοι.
1567 2293 1623 2332 Cf.
1644 2294 1800 2341 Cephal.
1827 2293 1878 2330 fr.
1899 2298 1936 2335 4.

392 2431 489 2471 RES
512 2432 910 2472 PALLENENSIUM
919 2463 928 2472 .

645 2513 679 2545 1.

183 2575 232 2605 De
253 2572 408 2605 Pallene.
428 2573 543 2605 Narrat
558 2572 715 2612 Diogenes
726 2573 759 2604 et
774 2572 970 2613 Ilegesippus
983 2571 1016 2603 in
1033 2571 1185 2603 Palleuia·

140 2626 198 2658 cis.
218 2625 315 2657 Aiunt
328 2625 459 2657 Sithona
479 2624 697 2656 Odomantum
717 2633 823 2665 regem
844 2625 987 2665 genuisse
1008 2623 1105 2656 filiam
1121 2623 1187 2654 Pal-

140 2677 251 2716 lenen,
274 2676 440 2717 pulchram
460 2684 535 2707 sane
551 2677 582 2707 et
602 2676 789 2716 gratiosam,
817 2677 855 2707 ut
873 2684 911 2707 eo
934 2675 1064 2708 nomine
1089 2674 1187 2716 pluri-

140 2738 231 2761 mum
247 2729 315 2768 ejus
341 2729 427 2760 fama
442 2728 710 2767 increbresceret,
726 2728 934 2768 venirentque
952 2728 992 2759 ad
1006 2736 1076 2759 eam
1100 2727 1187 2767 proci

140 2790 204 2814 non
213 2781 319 2812 solum
329 2788 348 2811 a
358 2780 493 2812 Thracia
502 2803 511 2818 ‚
522 2778 579 2811 sed
586 2779 683 2811 etiam
693 2788 712 2810 a
722 2779 949 2820 remotioribus
958 2779 1036 2810 locis
1043 2778 1187 2819 quidam,

140 2842 182 2865 ex
196 2833 323 2874 illyride
337 2834 370 2865 et
392 2841 434 2865 ex
459 2832 678 2863 habitantibus
698 2831 739 2863 ad
756 2831 889 2863 fluvium
908 2831 1052 2863 'sanaim
1081 2831 1188 2862 Sitho-

141 2895 215 2918 nem
228 2887 335 2917 autem
359 2885 448 2916 aiunt
461 2882 601 2925 primum
625 2893 727 2924 quum
751 2885 912 2916 venissent
927 2884 1033 2924 proci,
1050 2892 1190 2924 pugnam

142 2946 250 2969 secum
269 2937 471 2969 committere
481 2936 630 2975 jussisse,
650 2937 682 2967 et
697 2936 854 2976 siquidem
881 2936 952 2976 quis
969 2935 1092 2967 fortiter
1108 2944 1190 2976 prae-

143 2989 250 3027 lietur,
270 2989 367 3021 filiam
385 2989 594 3029 habiturum;
609 2990 635 3021 si
653 2998 728 3021 vero
749 2988 878 3020 inferior
901 2989 1072 3029 appareat,
1089 2988 1189 3020 mori-

145 3042 268 3073 turum.
287 3042 355 3072 Hoc
367 3041 477 3072 autem
490 3040 586 3072 modo
596 3040 689 3072 valde
702 3041 822 3072 multos
834 3041 975 3072 sustulit.
992 3042 1102 3072 Postea
1114 3048 1191 3071 vero

145 3101 246 3132 quum
273 3092 356 3124 vires
379 3092 735 3132 ipsumdffitituerent,
758 3092 855 3124 tiliam
882 3092 1040 3124 collocare
1064 3092 1191 3130 volens,

145 3145 226 3177 duos
243 3153 356 3185 procos
365 3145 501 3177 invicem
514 3144 682 3184 confligere
693 3145 785 3185 jussit
799 3169 807 3184 ,
822 3146 998 3185 Dryantem
1012 3145 1044 3176 et
1060 3144 1193 3183 Clitum,

149 3197 311 3237 proposito
324 3197 466 3228 victoriae
486 3196 635 3237 proemio,
652 3196 697 3228 ita
710 3198 747 3228 ut
767 3197 868 3228 altero
881 3196 985 3228 occiso
995 3220 1003 3235 ,
1019 3196 1073 3235 qui
1086 3204 1192 3235 super-

147 3249 241 3287 esset,
256 3249 288 3280 et
300 3256 396 3286 regno
406 3248 438 3279 et
451 3248 515 3279 filia
525 3248 694 3287 potiretur.
714 3247 851 3280 Definita
861 3249 969 3279 autem
982 3248 1119 3278 instante
1129 3246 1192 3284 die,

148 3299 276 3331 Pallene
290 3299 471 3331 vehementi
497 3299 570 3331 Cliti
588 3307 698 3330 amore
724 3299 877 3339 flagrans,
896 3299 1036 3330 maxime
1058 3297 1193 3329 timebat

148 3350 213 3389 illi;
238 3358 341 3390 neque
353 3351 461 3382 tamen
486 3350 542 3381 ulli
555 3359 595 3382 ex
612 3350 731 3381 familia
746 3350 815 3390 eJus
834 3349 972 3381 audebat
992 3349 1025 3380 id
1041 3348 1190 3379 iudicare.

151 3401 266 3435 Multas
290 3401 399 3442 itaque
431 3401 577 3434 lacrimas
606 3402 764 3434 incassum
791 3401 995 3439 effundebat,
1019 3400 1119 3431 donec
1144 3408 1193 3430 sc-

1251 2413 1315 2435 nex
1351 2404 1491 2435 nutritor
1522 2404 1592 2443 eJus
1625 2413 1696 2435 eam
1730 2404 1976 2443 percunctatus,
2011 2401 2137 2441 cognito
2170 2401 2298 2439 dolore,

1246 2455 1327 2487 bene
1340 2464 1467 2495 sperare
1484 2455 1626 2495 J'ussisset
1635 2479 1645 2494 ,
1664 2456 1819 2495 tanquam
1832 2463 1897 2494 quo
1911 2454 1977 2494 ipse
1992 2453 2068 2485 velit
2079 2462 2128 2485 res
2143 2452 2246 2483 omnis
2259 2452 2300 2483 sit

1246 2505 1448 2538 inclinatura.
1466 2507 1497 2537 Is
1512 2505 1607 2546 igitur
1623 2506 1706 2538 clam
1723 2505 1872 2537 convenit
1893 2505 2034 2544 aurigam
2059 2496 2224 2544 Dryantis,
2244 2512 2300 2534 au-

1248 2566 1348 2597 roque
1366 2557 1468 2588 miilto
1487 2557 1658 2598 promisso,
1683 2556 1855 2597 persuadet
1870 2558 1906 2588 ut
1924 2565 1964 2588 ne
1984 2555 2098 2587 fibulas
2117 2564 2172 2595 per
2188 2563 2301 2586 currus

1249 2611 1333 2641 rotas
1346 2611 1526 2642 connectat.
1548 2610 1637 2642 Unde
1652 2618 1729 2641 sane
1748 2618 1847 2650 quum
1862 2609 1902 2641 ad
1919 2618 2056 2649 pugnam
2080 2607 2299 2648 procederent,

1248 2669 1285 2692 ac
1303 2661 1508 2693 inveheretur
1523 2664 1628 2701 Dryas
1647 2661 1678 2692 in
1703 2661 1840 2700 Clitum,
1859 2662 1939 2692 rotae
1959 2660 1986 2692 ei
2003 2660 2043 2691 de
2058 2668 2155 2691 curru
2172 2658 2301 2690 decide·

1250 2713 1342 2751 runt,
1361 2715 1459 2753 atque
1480 2713 1525 2744 sic
1540 2712 1645 2752 ipsum
1659 2712 1698 2744 de
1712 2721 1808 2743 curru
1824 2712 2010 2752 prolapsum
2029 2710 2184 2742 invadens
2200 2710 2302 2742 Clitus

1249 2763 1377 2795 occidit.
1394 2763 1508 2795 Sithon
1522 2773 1600 2795 vero
1618 2772 1727 2795 amore
1743 2764 1775 2795 et
1790 2763 1913 2794 insidiis
1926 2763 2000 2794 filiae
2022 2762 2156 2803 cognitis
2169 2785 2178 2801 ,
2194 2761 2303 2801 ingen-

1250 2817 1315 2848 tem
1339 2825 1451 2856 pyram
1475 2816 1653 2855 esxtruxit,
1674 2816 1725 2847 cui
1749 2815 1898 2856 imposuit
1922 2817 2118 2857 Dryantem,
2138 2814 2171 2846 in
2195 2814 2302 2845 animo

1251 2867 1371 2899 habens
1395 2868 1491 2899 simul
1520 2869 1660 2899 mactare
1681 2869 1714 2899 et
1741 2867 1902 2899 Pallenen,
1933 2868 1973 2898 At
1997 2869 2124 2906 spectro
2149 2866 2302 2896 divinitus

1250 2921 1440 2959 apparente,
1461 2928 1498 2950 ac
1516 2928 1599 2959 aqua
1630 2919 1734 2950 multa
1750 2921 1880 2958 repente
1895 2918 1935 2951 de
1949 2919 2030 2950 coelo
2048 2918 2165 2956 effusa,
2180 2918 2304 2949 sentcn-

1250 2973 1328 3003 tiam
1342 2972 1497 3011 mutavit,
1512 2980 1550 3002 ac
1574 2972 1695 3011 nuptiis
1722 2972 1901 3012 apparatis,
1926 2973 2117 3012 praesentem
2143 2971 2303 3002 Thracum

1252 3024 1491 3056 multitudinem
1509 3024 1635 3064 placat,
1652 3023 1815 3064 filiamque
1829 3024 1913 3056 clito
1934 3032 2069 3055 uxorem
2096 3023 2213 3054 ducere
2230 3030 2302 3062 per-

1252 3075 1362 3108 mittit.

1758 3131 1793 3163 2.

1295 3184 1448 3217 Nonnulli
1461 3186 1595 3216 AEneam
1618 3184 1766 3224 usquein
1779 3184 1948 3216 Thraciam
1960 3183 2084 3215 venisse
2093 3206 2102 3221 ,
2117 3182 2225 3221 ibique
2238 3180 2305 3211 vita

1254 3237 1401 3268 sunctum
1415 3244 1482 3267 esse
1492 3235 1604 3268 dicunt
1613 3260 1622 3276 ,
1635 3245 1774 3276 quorum
1791 3235 1824 3267 in
1837 3243 1971 3267 numero
1985 3235 2032 3266 est
2045 3233 2207 3273 Cephalon
2225 3233 2303 3263 Ger-

1254 3287 1371 3328 githius
1389 3288 1422 3319 et
1440 3287 1638 3327 Hegesippus
1657 3287 1712 3328 qui
1732 3289 1779 3319 De
1794 3287 1920 3319 Pallene
1945 3285 2088 3325 scripsit,
2107 3283 2166 3315 viri
2182 3282 2304 3323 antiqui

1254 3349 1358 3381 neque
1368 3340 1600 3372 contemnendi.
