2326 3724
586 252 801 293 APELLAE
837 248 1064 296 PONTlCl‚
1103 226 1397 286 APnRonlsu
1434 244 1768 283 FRAGMENTA.

2175 242 2247 276 307

1200 330 1289 374 νίους
1307 330 1393 384 φησὶ
1413 328 1560 380 σέμελον
1588 329 1647 366 τὸν
1666 328 1811 380 κοχλίαν
1833 328 1871 366 λέ
1856 343 1957 378 εγειν.
1977 330 2031 367 Cf.
2051 330 2214 377 Hesych.
2241 340 2249 365 :

85 382 409 441 APELLAS
446 392 560 434 SlvE
598 377 930 435 APOLLAS
969 375 1136 432 PON-
1200 389 1372 440 Σέμελος,
1389 389 1547 440 κοχλίας.

492 455 726 514 TICUS.

487 578 733 618 ΔΕΛΦΙΚΑ.

598 692 630 716 1.

141 760 259 797 Clem.
278 758 385 796 Alex.
411 757 540 795 Protr.
558 768 590 792 c.
608 760 645 799 4.
664 768 703 804 p.
723 758 790 799 14,
815 766 859 789 12
878 753 982 802 Sylb.
1002 751 1060 801 (Ι,
1087 758 1132 797 41

86 817 178 868 Kl.)
199 829 209 856 ε
230 815 400 859 Ἀπελλᾶς
422 812 459 853 δὲ
479 815 514 852 ἓν
532 818 603 857 τοῖς
623 813 805 864 Δελφικαῖς
821 811 882 849 δύο
899 810 984 864 φησὶ
1001 808 1140 861 γεγονέ-

88 891 145 913 ναι
164 873 209 912 τὰ
227 873 437 921 Παλλάδια,
456 871 564 925 ἄμφω
584 872 614 911 δ’
643 870 701 910 ὑπ’
722 870 915 923 ἀνθρώπων
934 869 1138 922 δεδημιουρ-

87 936 229 985 γ’ἥσθαι.

600 1016 635 1039 2.

143 1081 308 1119 Suidas.
298 1093 308 1102 “
335 1078 596 1122 Ῥοδώπιδος
624 1077 844 1128 ἀνάθημα.
874 1075 1079 1115 Ὀὅελίσκοι
1107 1077 1141 1114 ἐν

90 1140 237 1192 Δελφοις
257 1138 396 1177 πολλοί.
417 1137 586 1181 Ἀπελλᾶς
603 1137 639 1175 δὲ
660 1139 678 1175 ὃ
697 1134 870 1179 Ποντικος
896 1134 1007 1174 οἴεται
1027 1133 1087 1173 καὶ
1108 1136 1143 1173 ἐν

91 1196 262 1249 Αἰγύπτῳ
278 1195 481 1248 πυραμίδα,
500 1194 691 1248 Ἡροδότου
712 1194 894 1246 (11,134
911 1194 923 1245 )
943 1192 1144 1245 ἐλέγχοντος

90 1254 153 1302 τὴν
170 1255 287 1300 δόξαν.
309 1258 376 1295 Ἠν
394 1254 430 1294 δὲ
448 1257 600 1308 Θρᾷσσα
620 1254 658 1293 τὸ
677 1253 789 1306 γένος·
809 1252 990 1291 ἐδούλευσε
1019 1251 1055 1290 δὲ
1081 1251 1142 1290 συν

92 1314 250 1368 Αἰσώπῳ
275 1313 435 1365 Ἰάδμονι
454 1313 710 1366 Μυτιληναίῳ.
729 1310 952 1364 ἐλυτρώσατο
977 1310 1014 1349 δὲ
1035 1309 1143 1357 αὐτὴν

91 1372 271 1426 Χάραξος,
288 1376 306 1411 ὁ
335 1374 505 1426 Σαπφοῦς
526 1371 683 1425 ἀδελφός·
701 1374 724 1419 ἡ
749 1369 787 1410 δὲ
813 1369 953 1424 Σαπφὼ
979 1368 1144 1422 Δωρίχαν

94 1430 203 1479 αὐτὴν
221 1432 338 1471 καλεῖ.
476 1451 483 1458 ·

144 1494 189 1530 V.
210 1492 386 1529 Grauerti
405 1491 590 1541 disputat.
615 1491 662 1528 de
686 1492 855 1540 AEsopo,
881 1503 922 1539 p.
956 1502 1027 1536 117
1061 1501 1144 1538 sqq.

92 1550 331 1587 Manethonis
356 1550 492 1600 fragm.
518 1563 594 1600 22,
613 1563 654 1599 p.
678 1548 769 1586 555.

95 1662 218 1701 ΠΕΡΙ
246 1661 351 1701 ΤΩΝ
385 1662 453 1701 ΕΝ
482 1661 878 1717 ΠΕΛΟΠΟΝΝΗΣῼ
917 1660 1143 1700 ΠΟΛΕΩΝ.

605 1756 640 1793 3.

149 1845 348 1882 Athenaeus
365 1846 446 1892 IX,
471 1858 514 1895 p.
541 1845 639 1894 369,
665 1847 698 1882 Α
719 1859 727 1881 :
749 1844 974 1896 Γογγυλίδας.
1005 1844 1149 1888 Ταύτας

97 1900 268 1946 Ἀπόλλας
280 1902 389 1956 (sic)'
375 1918 409 1941 εν
424 1905 473 1954 τῷ
491 1902 581 1955 Περι
596 1917 664 1940 των
685 1904 719 1941 ἐν
738 1902 999 1956 Πελοποννήσῳ
1014 1902 1148 1942 πόλεων

99 1961 166 1998 υπὸ
202 1961 490 2011 Λακεδαιμονίων
531 1959 705 2014 γαστέρας
743 1961 831 2014 φησὶ
873 1962 1068 2002 καλεῖσθαι.
1101 1966 1147 2002 V.

99 2012 229 2070 steph.
252 2022 432 2058 Thesaur.
454 2034 484 2059 s.
506 2035 544 2057 v.

609 2102 644 2141 4.

155 2179 283 2218 Schol.
311 2179 475 2218 Nicand.
494 2179 608 2215 Ther.
632 2177 706 2215 523
729 2192 737 2216 ε
759 2177 930 2223 Ἀπολλᾶς
956 2178 1050 2231 (vgo
1079 2178 1152 2218 ’16-

103 2236 210 2287 λαος)
242 2237 277 2273 ἐν
303 2237 354 2289 τῷ
375 2235 466 2289 Περὶ
494 2237 563 2274 τῶν
591 2237 933 2283 Πελοποννησιακῶν
960 2237 1095 2276 πόλεων
1114 2237 1154 2276 τὸ

103 2296 258 2345 πήγανον
287 2294 354 2332 ὑπὸ
386 2294 679 2343 Πελοποννησίων
701 2295 804 2349 ῥυτὴν
824 2296 1007 2335 καλεῖσθαί
1035 2312 1152 2350 φησιν.

103 2354 310 2392 Confundit
349 2355 469 2392 schol.
512 2357 691 2405 Apollam
725 2370 813 2393 cum
848 2358 945 2394 Iolla
978 2358 1152 2404 medico,

105 2427 219 2481 quem
242 2414 375 2451 laudat
394 2414 444 2451 ad
465 2428 503 2454 v,
532 2415 623 2454 683.
645 2416 698 2453 Cf.
716 2417 842 2453 Celsus
853 2419 900 2462 V,
923 2430 971 2453 22
988 2446 998 2468 ,
1014 2419 1156 2454 Plinius

104 2484 255 2522 passim.

616 2544 635 2568 Γ

614 2569 649 2581 υ.

161 2633 361 2671 Athenaeus
379 2635 439 2681 ΙΙ,
457 2648 498 2685 p.
524 2635 573 2672 63
586 2664 595 2682 ,
614 2638 673 2672 D:
691 2634 859 2679 Ἀπελλᾶς
878 2635 913 2674 δὲ
931 2636 1158 2687 Λακεδαιμο-

497 2774 769 2814 DELPHICA.

617 2876 649 2907 1.

138 2938 276 2984 ''Apellas
308 2943 340 2976 in
367 2945 527 2986 Delphicis
554 2946 618 2978 duo
645 2946 724 2978 dicit
750 2946 846 2979 fuisse
874 2947 1034 2987 Palladia,
1065 2947 1160 2979 ambo

113 2995 220 3028 autem
237 2996 406 3029 hominum
418 3006 518 3030 manu
530 2997 684 3031 fabricata
697 3007 774 3032 esse.

620 3074 654 3106 2.

158 3136 364 3179 Rhodopidt's
381 3137 585 3176 donarium,
600 3138 634 3171 id
649 3140 697 3172 est
709 3139 860 3180 obelisci,
874 3140 930 3181 qui
945 3140 1077 3180 Delphis
1089 3141 1164 3171 sunt

114 3197 229 3230 magno
247 3198 392 3221 numero.
417 3190 546 3231 Apellas
569 3199 646 3223 vero
669 3191 822 3223 Ponticus
846 3191 944 3223 etiam
970 3192 1002 3223 in
1026 3193 1163 3232 AEgypto

116 3241 314 3282 pyramidem
339 3242 536 3284 Rhodopidis
556 3253 641 3284 esse;
666 3253 765 3286 quam
782 3245 965 3285 opinionem
983 3244 1165 3276 Herodotus

116 3293 245 3325 refellit.
260 3294 335 3326 Fuit
350 3295 459 3326 autem
476 3304 591 3336 genere
604 3295 741 3328 Thracia
751 3319 759 3335 ,
776 3297 895 3328 etcum
919 3298 1036 3336 AEsopo
1056 3295 1165 3327 serviit

118 3344 264 3377 ladmoni
287 3346 489 3386 Mytilenaeo,
510 3347 647 3379 redemit
668 3356 746 3379 vero
759 3355 830 3380 eam
853 3347 1041 3387 Charaxus,
1066 3347 1164 3379 frater

118 3395 273 3437 sapphus.
292 3397 420 3438 Sappho
432 3406 509 3430 vero
521 3397 694 3430 Doricbam
706 3406 776 3431 eam
790 3400 894 3430 vocat.

1679 463 1716 500 6.
1747 476 1783 509 7.

1256 565 1414 602 Photius
1446 561 1651 615 Κυψελιδῶν
1681 559 1846 608 ἀνάθημα
1876 560 1910 596 ἐν
1938 558 2133 609 Ὀλυμπία.
2158 560 2254 596 Vide.

1202 624 1378 674 Agaclyti
1398 623 1441 658 fr.
1468 636 1503 660 1.
1523 627 1575 649 —'-
1595 620 1724 658 Schol.
1744 619 1897 656 Pindar.
1917 619 2071 668 Olymp.
2090 620 2159 653 VII
2172 645 2181 662 ,
2218 632 2230 653 1
2243 645 2252 663 ,

1203 684 1251 720 de
1270 683 1434 731 Diagora
1455 680 1611 717 Rhodio
1630 679 1897 727 Olympionica
1918 676 2076 724 ejusque
2101 676 2255 714 familia.

1201 742 1297 781 Vide
1311 741 1524 778 Aristotelis
1543 739 1676 788 fragm.
1695 737 1787 782 264,
1805 750 1845 786 p.
1879 735 1963 772 183.

1256 800 1435 846 Quinctil.
1452 801 1543 835 Inst.
1560 798 1598 834 X
1611 824 1621 842 ,
1641 809 1662 832 2
1676 824 1686 841 ,
1709 801 1767 841 ll„
1789 795 1837 830 de
1861 794 2029 830 carmine
2054 793 2256 830 Simonidis

1202 861 1479 897 Dioscurorum
1495 870 1569 906 ope
1585 856 1719 892 servati
1740 867 1748 889 :
1771 855 1837 889 Est
1859 862 1981 889 autem
2002 865 2142 901 magna
2162 855 2258 887 inter

1203 927 1373 954 auctores
1398 918 1581 952 dissensio
1604 916 1793 951 Glaucone
1821 913 1985 959 Catystio
2005 924 2055 946 an
2082 913 2254 946 Leocrati

1203 990 1254 1013 an
1272 975 1533 1025 Agatharcho,
1558 987 1608 1010 aa
1628 974 1762 1021 Scopoe
1778 975 1954 1019 scriptum
1971 974 2022 1006 sit
2035 971 2076 1005 id
2088 982 2248 1009 carmen,

1204 1045 1240 1073 et
1255 1037 1434 1073 Pharsali
1434 1034 1563 1082 ficerit
1580 1033 1661 1069 hoec
1674 1033 1817 1074 domm,
1843 1039 1881 1066 ut
1902 1034 1980 1079 ipse
2002 1031 2162 1078 quodam
2181 1031 2259 1064 loco

1203 1098 1420 1146 significare
1446 1093 1655 1130 Simonides
1677 1092 1836 1134 videtur,
1871 1098 1981 1138 acque
2010 1090 2255 1137 Apollodorus

1204 1163 1244 1191 et
1269 1153 1536 1191 Eratosthenes
1569 1159 1606 1187 et
1638 1149 1848 1198 Euphorio‚
1876 1161 1926 1183 aa
1963 1148 2174 1192 Crannone,
2218 1156 2259 1182 ut

1206 1214 1365 1262 Apollas
1396 1210 1463 1262 [et
1478 1210 1569 1247 add.
1592 1209 1760 1256 Bentley.
1777 1206 1791 1257 ]
1817 1206 2088 1244 Callimachus.

1259 1273 1435 1308 Ceterum
1465 1282 1559 1305 num
1595 1275 1698 1304 recte
1731 1266 1810 1302 haec
1847 1278 1935 1301 cum
1973 1265 2154 1300 Boeckhio
2189 1263 2260 1314 (ad

1206 1330 1316 1368 Pind.
1338 1330 1456 1366 schol.
1482 1329 1506 1366 l.
1528 1328 1580 1378 l.)
1604 1327 1652 1362 ad
1671 1326 1872 1362 Ponticum
1898 1325 2071 1373 Apellam
2091 1324 2262 1359 retuleri-

1206 1402 1310 1434 mus,
1346 1390 1387 1424 in
1415 1387 1543 1423 medio
1572 1386 1836 1433 relinquimus.
1867 1383 2183 1432 Distinguendus,
2218 1390 2261 1417 ut

1207 1448 1372 1492 videtur,
1393 1459 1414 1482 a
1429 1446 1590 1482 Pontico
1612 1445 1770 1492 Apellas
1789 1444 2006 1489 Cyrenaeus,
2035 1455 2149 1490 quem
2162 1443 2260 1477 inter

1209 1504 1399 1557 Περίπλων
1422 1512 1598 1540 auctores
1617 1509 1788 1539 recenset
1808 1502 2021 1538 Marcianus
2036 1501 2261 1537 Heracleota

1208 1579 1249 1615 p.
1283 1565 1331 1601 63
1360 1563 1534 1600 Hudson.
1558 1563 1715 1611 Apollas
1739 1561 1927 1608 Scepticus
1949 1560 1984 1596 ἐν
2010 1560 2060 1610 τῷ
2088 1557 2263 1608 Ἀγρίππᾳ

1211 1625 1351 1660 citatur
1369 1635 1432 1671 ap.
1459 1623 1572 1670 Diog.
1603 1622 1648 1657 L.
1672 1620 1751 1664 IX,
1787 1619 1881 1664 106,
1920 1635 1935 1651 «
1964 1619 2031 1653 ubi
2062 1618 2263 1666 legendum

1209 1682 1363 1718 videtur
1383 1674 1432 1723 εἷς
1452 1681 1520 1717 τῶν
1545 1677 1632 1730 Περὶ
1653 1676 1864 1728 Ἀγρίππαν,
1884 1677 1933 1713 cf.
1951 1677 2003 1714 ib.
2026 1677 2103 1721 1Χ,
2126 1677 2188 1713 88.
2207 1679 2265 1712 De

1211 1741 1364 1785 eodem,
1381 1740 1421 1775 ni
1440 1739 1565 1784 fallor,
1587 1737 1834 1787 cogitandum
1853 1737 1893 1771 in
1913 1736 2023 1770 titulo
2042 1735 2262 1783 Chrysippi,

1211 1801 1277 1848 qui
1309 1799 1433 1844 edidit>
1459 1806 1641 1846 quattuor
1672 1797 1791 1832 libros
1821 1793 1911 1845 Περὶ
1943 1791 2161 1844 ἀμφιὸολιῶν
2182 1791 2266 1842 πρὸς

1211 1856 1385 1895 Ἀπολλᾶν
1407 1864 1442 1893 et
1461 1854 1560 1892 λύσιν
1579 1856 1646 1892 τῶν
1669 1853 1819 1891 Ἡδύλου
1841 1853 2052 1890 ὑποθετικῶν
2077 1850 2160 1902 πρὸς
2179 1849 2268 1902 Ἀρι-

1213 1913 1424 1967 στοκρέοντα
1439 1913 1499 1952 καὶ
1516 1913 1703 1959 Ἀπελλᾶν,
1722 1926 1759 1948 v.
1781 1913 1896 1960 Diog.
1913 1912 1999 1955 VII,
2027 1910 2113 1958 193.
2142 1922 2229 1957 197.
2252 1925 2267 1942 »

1212 1977 1371 2012 Preller.
1398 1974 1446 2011 ad
1467 1975 1650 2010 Polemon
1668 1985 1709 2021 p.
1741 1972 1826 2017 176.

1630 2104 1847 2119 *⁴000*-

1282 2210 1902 2346 APHROD'ISlfflssgJEL
1939 2208 2208 2265 EUPHE-

1496 2407 1499 2409 ’
1528 2419 1652 2457 ΠΕΡι
1683 2416 1957 2455 ΠΑΤΡΙΔΟΣ.

1272 2521 1454 2570 Stephan.
1489 2521 1580 2568 Byz.
1608 2531 1617 2555 t
1663 2515 1870 2589 ’Acpopwutov
1909 2515 2014 2559 τόπος
2066 2512 2266 2553 Θεσπιέων.

1219 2577 1471 2630 Ἀφροδίσιος”
1449 2592 1527 2624 ητοι
1551 2574 1734 2628 Εὐφήμιος
1763 2577 1796 2613 ἐν
1823 2577 1873 2612 τῶ
1894 2573 1984 2626 Περι
2007 2589 2068 2620 της
2094 2572 2269 2624 πατρίδος.

1255 2636 1364 2676 “Ὀθεν
1396 2651 1457 2674 και
1485 2651 1543 2673 τον
1573 2633 1837 2686 κυὸερνήσαντα
1860 2631 1925 2679 τὴν
1951 2635 2034 2670 ναῦν
2060 2630 2122 2678 τὴν
2155 2628 2270 2682 Ἀργὼ

1391 2778 1459 2816 DE
1487 2774 1838 2815 PELOPONNESI
1873 2773 2105 2813 URBlBUS.

1733 2858 1764 2890 3.

1264 2920 1453 2960 Γογγυλίδας
1486 2918 1634 2959 (rapas)
1655 2917 1782 2957 Apellas
1801 2917 1832 2947 in
1855 2916 1936 2947 libro
1955 2917 2001 2947 De
2021 2914 2155 2946 urbibus
2178 2912 2270 2945 Pelo·

1221 2972 1352 3013 ponnesi
1369 2971 1452 3011 apud
1467 2969 1724 3003 Lacedaemonios
1742 2969 1896 3008 Γαστέρας
1910 2967 2017 2999 vocari
2038 2966 2127 2998 dicit.

1730 3023 1764 3055 4.

1265 3080 1389 3120 Apellas
1397 3079 1426 3110 in
1434 3079 1516 3110 libro
1523 3080 1570 3110 De
1579 3077 1710 3109 urbibus
1720 3075 1929 3116 Peloponnesi
1937 3076 1970 3107 τὸ
1979 3075 2129 3115 πήγανον,
2138 3075 2269 3108 rutam,

1223 3141 1242 3164 a
1257 3131 1492 3172 Peloponnesiis
1507 3132 1598 3172 ῥυτήν
1613 3130 1721 3162 vocari
1745 3130 1831 3162 dicit.

1730 3187 1766 3219 5.

1267 3242 1394 3282 Apollas
1407 3241 1667 3274 Lacedaemonios
1687 3221 1851 3272 cochleam
1867 3239 1995 3282 σέμελον
2014 3245 2127 3268 vocare
2141 3234 2229 3267 dicit.

1598 3324 1666 3362 DE
1698 3320 1901 3361 PATRIA.

1269 3405 1498 3445 Aphormium,
1522 3405 1612 3436 locus
1629 3402 1758 3434 ditionis
1782 3399 2037 3440 Thespiensium.
2066 3394 2272 3436 Aphrodisius

1228 3456 1276 3488 vel
1292 3455 1488 3497 Euphemius
1501 3456 1532 3487 in
1546 3455 1663 3495 scripto
1682 3456 1727 3485 De
1741 3451 1841 3492 patria
1856 3451 1931 3482 dicit
1947 3463 1954 3482 ε
1974 3463 1989 3478 «
2010 3448 2089 3482 uine
2105 3446 2201 3479 etiam
2217 3445 2271 3477 Ti-

2095 3533 2141 3562 20.
