2372 3704
107 267 180 299 390

99 346 189 395 ἥσθη
201 379 210 395 ,
226 351 272 391 ὡς
291 349 351 387 καὶ
373 350 430 388 τὸν
453 350 525 401 βίον
542 354 711 392 τελευτῶν
735 354 911 408 ἐπέσκηψε
930 359 999 401 τοῖς
1012 357 1142 411 φίλοις,

100 406 143 443 δι’
161 406 347 459 ἐλευθέρων
364 408 440 453 τοὺς
466 411 676 463 ἐναγισμοὺς
695 414 865 454 ἐπιτελεῖν
885 417 979 470 αὐτῷ
991 446 1001 464 ,
1029 418 1089 456 καὶ
1105 419 1145 457 τὸ

99 464 172 509 ἔθος
200 466 357 517 διαμένει
377 469 412 506 ἐν
443 472 485 522 τῇ
505 469 604 524 θυσία
626 475 685 510 τοῦ
713 473 928 526 Φόρὸαντος.
946 475 1144 530 Ἐλεύθεροι

98 524 166 577 γάρ
187 526 273 564 εἶσιν
298 529 329 565 οἵ
359 529 618 578 διακονοῦντες,
642 532 754 586 δούλῳ
779 534 815 572 δὲ
849 536 1049 587 προσελθεῖν
1083 538 1145 575 οὐκ

98 582 193 621 ἔστιν
213 583 319 624 ὅσιον.
342 603 358 621 ι
379 589 433 626 Cf.
453 591 597 628 Miiller.
617 593 706 629 Dor.
728 595 765 639 Ῑ,
787 607 825 642 p.
860 608 946 642 107.
970 597 1145 633 Aristidis

98 642 146 680 fr.
169 649 230 687 24.

598 731 635 768 8.

148 813 276 852 Schol.
295 817 476 863 Apollon.
503 818 630 856 Rhod.
657 821 689 867 Ι,
715 819 789 866 517
819 834 827 856 :
852 820 1038 871 Διευχίδας
1059 823 1140 874 (vg.

96 870 304 923 Διρηχίδας)
319 871 355 910 δὲ
369 874 403 911 ἐν
415 879 486 917 τοῖς
501 877 712 926 Μεγαρικοῖς
725 878 876 930 ἱστορεῖ,
891 877 942 916 ὅτι
957 878 1143 926 Ἀλκάθους

95 929 113 964 ὃ
125 926 286 973 Πέλοπος
301 929 357 968 διὰ
371 930 427 969 τὸν
443 932 652 983 Χρυσίππου
664 933 764 986 φόνον
777 936 998 987 φυγαδευθεὶς
1013 939 1052 975 ἐκ
1066 940 1141 977 Με-

94 985 227 1037 γάρων,
246 987 428 1039 ἀπήρχετο
441 989 662 1037 κατοικήσων
681 992 727 1034 εἷς
742 991 861 1044 ἑτέραν
873 992 989 1032 πόλιν.
1010 995 1082 1033 Καὶ
1098 995 1139 1043 δὴ

93 1037 291 1098 περιπεσὼν
309 1046 422 1084 λέοντι
439 1048 683 1102 λυμαινομένῳ
701 1049 745 1087 τὰ
758 1050 910 1103 Μέγαρα
937 1052 1012 1103 (ἐφ’
1026 1053 1063 1091 ὃν
1082 1054 1141 1092 καὶ

93 1102 203 1156 ἕτεροι
221 1099 309 1150 ἦσαν
331 1106 590 1155 ἀπεσταλμένοι
608 1107 673 1145 ὑπὸ
692 1111 752 1146 τοῦ
779 1109 950 1160 βασιλέως
976 1114 1044 1149 τῶν
1065 1115 1139 1152 Με-

92 1161 230 1214 γάρων)
253 1164 528 1214 καταγωνίζεται
548 1169 680 1214 τοῦτον,
694 1166 754 1204 καὶ
769 1166 830 1214 τὴν
851 1170 1012 1219 γλῶτταν
1034 1172 1139 1209 αὐτοῦ

92 1221 138 1262 εἷς
157 1219 274 1272 πήραν
295 1221 452 1270 θέμενος,
481 1224 674 1270 ε’πανῆλθεν
702 1220 797 1269 αὐθις
830 1228 878 1270 εἷς
911 1226 954 1265 τὰ
974 1229 1137 1282 Μέγαρα.

92 1279 165 1317 Καὶ
177 1280 471 1331 ἀπαγγελλόντων
488 1285 556 1320 τῶν
570 1284 844 1334 ἀπεσταλμένων
865 1286 922 1324 ἐπὶ
936 1287 1000 1334 τὴν
1017 1289 1137 1341 θήραν,

91 1337 142 1375 ὅτι
163 1339 263 1376 αὐτοί
283 1340 370 1377 εἰσιν
396 1341 426 1378 οἱ
448 1339 747 1393 κατηγωνισμένοι
777 1344 816 1382 τὸ
842 1346 970 1397 θηρίον,
991 1363 1139 1400 προσκο-

92 1396 197 1445 μίσας
217 1397 280 1442 τὴν
301 1397 432 1448 πήραν,
460 1399 602 1451 ἤλεγξεν
621 1401 756 1445 αὐτούς.
790 1403 919 1456 Διόπερ
948 1404 1054 1449 θύσας
1070 1413 1139 1451 τοῖς

90 1458 176 1498 θεοῖς
195 1458 213 1492 ὁ
235 1456 419 1507 βασιλεὺς,
441 1457 480 1495 τὸ
500 1460 696 1498 τελευταῖον
721 1460 784 1507 τὴν
804 1464 966 1513 γλῶσσαν
992 1464 1139 1513 ἐπέθηκε

89 1516 158 1557 τοῖς
181 1517 311 1565 βωμοῖς
323 1530 330 1539 ·
352 1516 411 1554 καὶ
431 1516 500 1555 ἀπὸ
517 1517 594 1556 τότε
611 1518 685 1563 ἔθος
704 1523 806 1558 τοῦτο
824 1520 991 1572 διέμεινεν
1011 1526 1138 1575 Μεγα-

90 1575 202 1622 ρεῦσι.
225 1573 423 1625 Φιλόχορος
451 1574 486 1613 δὲ
511 1577 576 1625 (fr.
617 1577 709 1629 173)
738 1580 772 1616 ἐν
803 1582 852 1632 τῷ
887 1581 976 1634 Περὶ
1010 1586 1137 1622 θυσιῶν

87 1645 122 1670 κ.
146 1647 180 1671 τ.
198 1633 235 1671 λ.
257 1634 312 1671 Cf.·
325 1635 472 1673 Miiller.
494 1638 580 1675 Dor.
596 1639 627 1683 Ι,
643 1651 684 1686 p.
704 1650 795 1688 229.

595 1724 629 1759 9.

140 1782 247 1819 Idem
265 1784 360 1822 ibid.
375 1786 407 1831 Ι,
428 1799 443 1822 1
455 1786 500 1822 18
522 1798 531 1824 :
549 1785 775 1835 Ἀμυθάονος,
791 1792 851 1827 τοῦ
874 1790 1061 1842 Κρηθέως,
1075 1796 1136 1831 τοῦ

85 1840 214 1879 Αἰόλου
225 1871 234 1887 ,
250 1845 309 1879 τοῦ
323 1840 518 1891 ἽΞλληνος,
533 1848 592 1882 τοῦ
613 1845 695 1889 Διὸς
714 1846 774 1884 καὶ
794 1848 988 1900 Δωρίππης
1000 1879 1011 1898 ,
1041 1851 1132 1902 γίνε-

85 1915 143 1936 ται
171 1899 410 1952 Μελάμπους,
430 1901 476 1944 ὥς
493 1917 577 1955 φησι
591 1905 776 1956 Διευχίδας
799 1909 894 1957 (vgo
917 1910 1132 1962 Δηριχίδας,

85 1960 174 1997 cod.
204 1962 284 1999 Par.
320 1960 527 2012 Διρυχίας).
559 1964 744 2010 Κληθῆναι
762 1963 798 2002 δὲ
820 1965 923 2004 αὐτὸν
940 1966 1048 2011 οὕτως
1077 1969 1134 2007 διὰ

82 2016 121 2054 τὸ
139 2020 307 2055 τεκοῦσαν
328 2017 390 2065 τὴν
413 2019 550 2071 μητέρα
567 2022 717 2059 ἐκθεῖναι
738 2023 840 2062 αὐτὸν
864 2026 909 2068 εἰς
927 2025 1132 2080 σύνδενδρον

82 2074 213 2125 τόπον,
249 2075 328 2119 τοὺς
364 2075 398 2114 δὲ
424 2079 533 2122 πόδας
554 2079 766 2129 μελανθῆναι
785 2085 834 2135 τῷ
863 2083 969 2137 ἡλίῳ,
995 2086 1135 2131 ἀσκίους

86 2131 102 2146 5

81 2147 196 2178 οντας.

1017 270 1334 325 msUculnAE,

1699 377 1758 404 10.

1261 431 1391 479 Steph.
1409 432 1499 480 Byz-
1519 443 1529 471 :
1557 430 1733 485 Σκίρφαι,
1766 431 1865 478 πόλις
1885 434 2053 482 Φωκική.
2077 435 2131 475 Τὸ
2153 437 2247 475 ε’θνι-

1205 486 1265 525 κὸν
1281 487 1446 541 Σκίρφιος
1465 489 1525 527 καὶ
1547 491 1753 543 Σκιρφαῒος,
1774 492 1820 535 ὣς
1833 493 2021 546 Διευχίδας
2040 494 2162 547 φησίν.

1696 574 1710 597 1
1723 574 1736 597 1
1746 590 1754 599 .

1259 622 1510 670 Harpocratio
1532 635 1539 658 :
1559 621 1758 673 Γερανία...
1785 624 1858 662 ἔστι
1877 624 1913 662 δὲ
1940 623 2016 678 ὅρος
2030 627 2247 680 Μεγαρίδος,

1204 679 1250 721 ὡς
1265 677 1463 730 Διευχίδας.

1696 754 1757 778 12.

1257 803 1478 839 Parthenius
1493 805 1601 842 Erot.
1640 818 1673 843 c.
1710 805 1772 844 13.
1803 805 1911 858 Περὶ
1947 805 2245 859 Ἀρπαλύκηᾳ

1204 857 1354 910 Ἱστορεῖ
1372 860 1553 911 Εὐφορίων
1570 862 1688 915 Θρᾳκὶ
1699 861 1759 900 καὶ
1778 865 1958 909 Δεκτάδας
1971 866 2010 918 (l.
2026 867 2241 920 Διευχίδας).

1205 915 1385 967 Κλύμενος
1405 916 1441 956 δὲ
1469 921 1488 958 ὁ
1513 918 1652 964 Τελέως
1684 922 1720 959 ἐν
1747 920 1864 974 Ἄργει
1883 923 2000 974 γήμας
2028 925 2248 975 Ἐπικάστην

1203 982 1307 1029 γεννᾷ
1318 976 1465 1026 παῖδας,
1486 977 1632 1032 ἄρρενας
1644 979 1706 1029 μὲν
1722 976 1822 1019 Ἴδαν
1840 981 1900 1020 καὶ
1920 982 2120 1037 Θήραγρον,
2138 990 2246 1038 θυγα-

1203 1034 1285 1086 τέρα
1304 1035 1339 1073 δὲ
1351 1034 1588 1088 Ἁρπαλύκην,
1609 1039 1698 1077 πολύ
1718 1054 1750 1076 τι
1765 1042 1831 1078 τῶν
1851 1040 1982 1087 ἡλίκων
2001 1044 2146 1090 θηλειῶν
2158 1046 2246 1084 κοίλ-

1202 1093 1255 1131 λει
1272 1094 1516 1147 διαφέρουσαν.
1537 1096 1679 1144 Ταύτης
1699 1099 1747 1142 εἷς
1765 1097 1878 1150 ἔρωτα
1899 1101 2007 1139 ἐλθὼν
2037 1102 2160 1156 χρόνον
2178 1104 2243 1155 μέν

1201 1168 1277 1191 τινα
1292 1154 1469 1207 ἐκαρτέρει
1484 1155 1544 1193 καὶ
1564 1160 1687 1209 περιῆν
1712 1162 1774 1196 τοῦ
1790 1158 2016 1210 παθήματος·
2031 1164 2077 1205 ὡς
2103 1161 2138 1200 δὲ
2153 1163 2243 1202 πολὺ

1203 1214 1336 1263 μᾶλλον
1357 1213 1460 1252 αὐτὸν
1478 1214 1618 1268 ὑπέρρει
1638 1215 1677 1255 τὸ
1696 1216 1848 1267 νόσημα,
1868 1218 1945 1256 τότε
1963 1219 2019 1257 διὰ
2035 1222 2095 1267 τῆς
2112 1226 2241 1274 τροφοῦ

1200 1271 1507 1323 κατεργασάμενος
1521 1272 1585 1321 τὴν
1602 1274 1726 1326 κόρην,
1744 1276 1919 1328 λαθραίως
1950 1278 2040 1330 αὐτῇ
2061 1281 2242 1327 συνῆλθεν.

1201 1329 1304 1367 Ἐπεὶ
1320 1331 1436 1380 μέντοι
1457 1332 1572 1382 γάμου
1591 1333 1710 1386 καιρὸς
1720 1329 1762 1380 ἦν
1776 1334 1835 1372 καὶ
1851 1337 1967 1388 παρῆν
1988 1336 2183 1390 Ἀλάστωρ,
2196 1332 2244 1383 εἷς

1199 1389 1266 1424 τῶν
1283 1389 1477 1437 Νηλειδῶν,
1499 1389 1661 1440 ἀξόμενος
1678 1392 1798 1441 αὐτὴν,
1814 1386 1843 1446 ᾧ
1862 1395 2149 1447 καθωμολόγητο,
2173 1412 2243 1434 πα-

1201 1448 1368 1497 ραχρῆμα
1389 1446 1450 1497 μὲν
1471 1449 1671 1502 ἐνεχείρισε,
1693 1452 1784 1490 πάνυ
1802 1452 1983 1504 λαμπροὺς
2012 1454 2146 1504 γάμους
2163 1455 2243 1492 δαί-

1201 1519 1264 1548 σας
1277 1520 1285 1528 ·
1309 1506 1502 1556 μεταγνοὺς
1522 1508 1558 1545 δὲ
1579 1511 1616 1546 οὐ
1636 1509 1726 1548 πολὺ
1749 1510 1889 1564 ὕστερον
1911 1512 1967 1550 διὰ
1982 1512 2020 1550 τὸ
2035 1512 2169 1566 ἔκφρων
2190 1508 2242 1551 εἷ-

1199 1578 1254 1600 ναι
1275 1568 1419 1602 καταθεῖ
1455 1567 1616 1618 (μεταθεῖ
1647 1571 1850 1621 Schneid.)
1872 1570 1929 1608 τὸν
1950 1570 2160 1623 Ἀλάστορα,
2181 1572 2242 1610 καὶ

1199 1621 1280 1673 περὶ
1299 1621 1409 1672 μέσην
1421 1624 1496 1662 ὁδὸν
1523 1626 1635 1663 αὐτῶν
1655 1626 1722 1674 ἤδη
1735 1627 1854 1678 ὄντων,
1880 1630 2078 1681 ἀφαιρεῖται
2094 1628 2158 1676 τὴν
2177 1630 2242 1668 κό-

1199 1694 1275 1731 ρην,
1292 1681 1456 1733 ἀγόμενός
1473 1698 1509 1721 τε
1527 1685 1572 1727 εἷς
1590 1683 1713 1737 Ἄργος
1734 1688 1928 1739 ἀναφανδὸν
1949 1688 2038 1739 αὐτῇ
2056 1687 2234 1740 ἐμίσγετο.

1199 1738 1243 1777 Ἡ
1265 1737 1300 1776 δὲ
1323 1739 1417 1777 δεινὰ
1434 1740 1492 1778 καὶ
1510 1740 1638 1793 ἔκνομα
1658 1743 1742 1795 πρὸς
1761 1748 1819 1782 τοῦ
1839 1745 1969 1798 πατρὸς
2001 1745 2143 1790 ἀξιοῦσα
2172 1763 2240 1785 πε-

1197 1796 1441 1849 πονθέναι,τὸν
1459 1798 1623 1853 νεώτερον
1655 1802 1803 1856 ἀδελφὸν
1821 1805 2047 1850 κατακόπτει,
2070 1805 2130 1843 καί
2149 1821 2244 1850 τινοςγ

1197 1857 1316 1907 ἑορτῆς
1342 1857 1402 1895 καὶ
1417 1858 1534 1902 θυσίας
1552 1863 1637 1914 παρ’
1655 1860 1818 1913 Ἀργείοις
1835 1863 2058 1914 τελουμένης,
2079 1866 2113 1902 ἐν
2134 1859 2158 1916 ἦ
2174 1866 2237 1911 δη·

1198 1913 1304 1968 μοσίᾳ
1327 1914 1452 1959 πάντες
1473 1918 1698 1969 εὐωχοῦνται,
1714 1919 1791 1959 τότε
1806 1921 2009 1960 σκευάσασα
2020 1921 2065 1961 τὰ
2082 1923 2167 1975 κρέα
2178 1928 2240 1962 τοῦ

1196 1971 1317 2016 παιδὸς
1355 1974 1570 2026 παρατίθησι
1600 1978 1652 2030 τῷ
1687 1979 1810 2031 πατρί.
1834 1980 1907 2019 Καὶ
1942 1984 2055 2019 ταῦτα
2081 1981 2240 2034 δράσασα

1199 2030 1287 2078 αὐτὴ
1311 2031 1373 2082 μὲν
1392 2033 1562 2085 εὐξαμένη
1583 2039 1670 2080 θεοῖς
1691 2036 1725 2082 ἐξ
1759 2038 1950 2091 ἀνθρώπων
1972 2041 2238 2091 ἀπαλλαγῆναι,

1198 2090 1412 2139 μεταὸάλλει
1426 2093 1488 2139 τὴν
1511 2093 1588 2148 ὄψιν
1609 2097 1656 2139 εἷς
1674 2096 1828 2148 καλχίδα
1858 2097 1963 2150 ὄρνιν·
1986 2098 2166 2147 Κλύμενος
2182 2097 2241 2151 δὲ,

1194 2150 1244 2192 ὡς
1261 2148 1392 2189 ἔννοιαν
1414 2151 1520 2191 ἔλαὸε
1536 2156 1605 2192 τῶν
1626 2158 1827 2208 συμφορῶν,
1844 2158 2032 2210 διαχρῆται
2051 2158 2184 2197 ἑαυτόν.

89 2212 2233 2245 Ἢ

80 2246 192 2285 spiritu
221 2245 399 2287 injungeret
420 2249 549 2289 amicis,
573 2251 609 2283 ut
627 2260 683 2291 per
705 2252 822 2285 liberos
844 2253 988 2287 homines
1004 2255 1132 2290 inferias

80 2297 140 2329 sibi
167 2298 235 2330 fieri
260 2302 416 2332 curarent.
441 2302 502 2339 Qui
516 2311 586 2335 mos
599 2306 783 2337 constanter
794 2305 868 2340 dein
890 2307 922 2339 in
939 2308 1131 2342 Phorbantis

79 2357 170 2380 sacro
189 2349 318 2382 duravit
334 2361 342 2382 :
370 2353 554 2386 ministrant
571 2355 657 2387 enim
674 2356 765 2388 liberi
782 2357 945 2399 bomines;
967 2360 1130 2402 servisque

78 2400 230 2433 accedere
242 2402 332 2435 nefas
345 2402 493 2436 babetur.
511 2417 527 2432 »

584 2461 619 2493 8.

118 2510 312 2543 Dieuchidas
325 2511 358 2543 in
370 2514 538 2554 Megaricis
550 2517 659 2547 narrat
675 2517 867 2550 Alcathoum
885 2520 1011 2559 Pelopis
1027 2521 1127 2553 filium

76 2560 119 2592 ob
132 2569 250 2594 caesum
267 2563 480 2605 Chrysippum
495 2566 629 2607 Megaris
639 2566 752 2600 abiisse
777 2568 809 2600 in
829 2570 980 2610 exilium,
1003 2572 1129 2613 aliaque

75 2614 108 2646 in
125 2615 204 2646 urbe
216 2615 323 2647 sedem
340 2617 434 2658 figere
449 2619 598 2651 voluisse.
613 2620 766 2653 lucidisse
778 2622 851 2653 tum
863 2622 896 2654 in
913 2623 1050 2656 leontem
1065 2628 1128 2658 Me-

75 2674 151 2705 gara
167 2666 389 2708 infestantem,
404 2670 518 2701 contra
533 2679 629 2711 quem
647 2672 830 2712 complures
842 2681 860 2704 a
877 2682 949 2713 rege
966 2676 1129 2715 Megaren-

75 2717 159 2748 sium
177 2718 282 2750 emissi
299 2720 436 2752 fuerant.
451 2723 544 2753 Hunc
566 2722 743 2755 Alcatlmus
758 2723 936 2763 interfecit,
951 2727 1048 2766 atque
1062 2727 1124 2759 lin·

74 2777 171 2806 guam
185 2770 253 2809 ejus
267 2771 300 2802 in
317 2780 425 2811 peram
437 2781 528 2804 suam
543 2773 684 2806 condens
699 2777 826 2815 Megara
842 2776 948 2808 rediit.
967 2779 1006 2809 Et
1022 2787 1125 2818 quum

74 2819 96 2850 ii
115 2820 215 2860 quiin
226 2824 430 2855 venationem
444 2825 550 2857 emissi
559 2827 670 2866 erant,
684 2827 869 2859 nuntiarent
888 2827 974 2868 ipsos
993 2828 1125 2861 bestiam

75 2871 251 2905 debellasse
259 2897 269 2913 ‚
281 2883 390 2915 peram
403 2877 455 2908 ille
471 2877 607 2911 asserens
617 2879 761 2919 coarguit
773 2887 839 2912 eos.
851 2882 958 2918 Quare
967 2890 1058 2913 sacra
1067 2881 1126 2914 diis

74 2923 193 2956 faciens
221 2933 296 2965 rex,
321 2928 483 2966 postremo
506 2929 646 2968 linguam
671 2930 702 2962 in
718 2930 782 2963 aris
794 2931 902 2972 ponit,
917 2933 973 2973 qui
1001 2942 1072 2965 mos
1085 2933 1126 2965 ab

78 2974 139 3006 hoc
158 2975 231 3008 inde
249 2978 393 3018 tempore
406 2979 489 3019 apud
507 2981 706 3021 Megarenses
719 2983 845 3015 mansit.

308 3063 311 3066 ,
580 3037 615 3070 9.

113 3087 311 3127 Amythaon,
330 3090 457 3121 Cretliei
471 3115 479 3130 ,
500 3092 601 3131 AEoli‚
623 3093 779 3134 Hellenis,
805 3094 893 3126 Jovis
915 3096 948 3127 ct
972 3095 1127 3136 Dorippes

71 3138 175 3179 filius,
189 3141 279 3180 pater
295 3142 344 3172 est
357 3142 584 3183 Melampodis,
600 3146 737 3178 testante
748 3146 935 3180 Dieuehida.
949 3148 1125 3189 Melampus

71 3201 149 3224 vero
163 3192 237 3226 inde
258 3196 524 3237 esrnominatus,
538 3199 624 3238 quod
641 3199 673 3230 in
689 3200 793 3232 lucem
811 3201 933 3233 editum
947 3204 1050 3235 mater
1064 3212 1120 3236 ex-

71 3245 213 3283 posuerit
226 3245 257 3277 in
273 3246 379 3278 locum
396 3248 563 3281 arboribus
578 3251 737 3282 consitum
750 3275 758 3290 ,
773 3252 817 3283 ita
834 3254 941 3285 lamen
961 3255 998 3286 ut
1015 3255 1122 3295 pedes,

70 3297 161 3327 extra
179 3297 327 3329 umbram
338 3299 431 3339 posili
441 3324 451 3339 ,
465 3300 540 3332 solis
553 3301 650 3333 radiis
662 3302 887 3342 nigrescereut.

524 3358 581 3389 Ιυ.
608 3358 666 3390 11.

110 3406 270 3447 Scirplim,
288 3408 442 3449 oppidum
461 3411 617 3444 Phocidis.
641 3413 768 3444 Gentile
794 3414 958 3454 scirpnius
986 3418 1018 3447 et
1034 3417 1118 3448 Scir-

69 3457 198 3500 phaeus,
217 3462 298 3493 teste
313 3463 352 3494 D.
374 3481 407 3488 -
427 3463 584 3504 Gerania,
602 3473 694 3498 mons
710 3466 899 3506 Megaridis,
918 3468 953 3498 ut
970 3469 1006 3500 D.
1027 3469 1082 3500 ait.

1685 2283 1740 2316 12.

1230 2349 1279 2380 Da
1316 2358 1512 2384 mammes.
1539 2353 1667 2386 Scribit
1696 2354 1900 2396 Euphorion
1926 2355 1975 2388 ad
2007 2355 2175 2389 Thracem
2203 2359 2238 2390 ec

1190 2401 1414 2437 Dieuchiclas.
1455 2404 1630 2444 Clymenus
1656 2407 1742 2439 Telei
1771 2406 1856 2440 filius
1878 2408 1968 2449 Argis
2002 2418 2105 2441 uxore
2137 2409 2237 2442 ducta

1188 2453 1346 2494 Epicaste,
1358 2455 1438 2489 filios
1447 2459 1556 2498 genuit
1566 2459 1726 2491 masculos
1735 2459 1866 2500 quidem
1881 2460 1969 2492 ldam
1982 2461 2015 2492 et
2024 2461 2233 2501 Theragrum,

1188 2504 1286 2537 filiam
1303 2515 1380 2539 vero
1409 2510 1632 2551 Harpalycen,
1652 2511 1792 2543 multum
1813 2520 1889 2543 sane
1913 2513 2093 2544 coaetaueas
2116 2513 2239 2554 puellas

1188 2555 1291 2589 forma
1310 2560 1558 2598 praecellentem.
1587 2563 1624 2594 ln
1643 2562 1711 2602 ejus
1734 2571 1876 2594 amorem
1896 2564 2072 2604 Clymenus
2102 2563 2235 2604 incidit,

1187 2609 1218 2640 et
1239 2610 1383 2650 tempore
1396 2612 1525 2652 quidem
1541 2614 1649 2654 aliquo
1661 2623 1695 2646 se
1708 2614 1893 2646 continebat
1918 2624 1956 2647 ac
1970 2615 2140 2656 superabat
2155 2617 2236 2649 affe·

1186 2660 1287 2692 ctum.
1314 2663 1421 2699 Quum
1440 2665 1547 2695 antem
1564 2665 1667 2696 multo
1683 2665 1783 2705 magis
1806 2665 1996 2698 incresceret
2017 2667 2165 2706 morbus,
2179 2676 2237 2708 per

1186 2710 1342 2743 nutricem
1361 2714 1543 2746 conciliavit
1558 2715 1616 2746 sibi
1636 2716 1775 2756 puellam
1787 2739 1796 2755 ,
1818 2725 1856 2747 ac
1871 2717 1954 2748 clam
1970 2726 2045 2749 cum
2059 2725 2097 2749 ea
2123 2717 2233 2750 coivit.

1186 2762 1299 2793 Postea
1312 2771 1387 2795 vero
1401 2764 1455 2796 ubi
1475 2765 1660 2806 nuptiarum
1681 2768 1809 2807 tempus
1824 2767 2023 2808 advenisset,
2047 2768 2235 2809 adessetque

1186 2813 1326 2854 Alastor,
1353 2815 1404 2847 cui
1427 2815 1617 2856 desponsata
1635 2819 1722 2856 erat,
1749 2826 1833 2850 unus
1851 2818 2054 2859 Nelidarum,
2079 2828 2150 2851 eam
2171 2820 2233 2851 du-

1185 2866 1318 2905 cturus,
1340 2866 1450 2898 statim
1471 2876 1547 2900 sane
1570 2868 1742 2908 splendidis
1764 2869 1884 2909 nuptiis
1906 2869 2070 2902 instructis
2094 2879 2166 2902 eam
2186 2871 2233 2903 illi

1185 2918 1350 2950 concessit.
1367 2919 1557 2951 Poenitentia
1570 2922 1678 2952 autem
1691 2929 1755 2952 non
1772 2920 1864 2961 longe
1877 2922 1948 2962 post
1970 2922 2086 2954 ductus
2101 2924 2232 2963 propter

1183 2971 1374 3010 amentiam,
1396 2971 1571 3003 Alastorem
1597 2972 1774 3012 insequitur
1792 2981 1810 3003 e
1841 2973 2010 3013 medioque
2033 2974 2145 3005 itinere
2169 2982 2228 3005 an-

1186 3020 1246 3053 fert
1270 3021 1429 3062 puellam,
1457 3022 1654 3063 ductamque
1674 3026 1772 3062 Argos
1790 3023 1896 3063 palam
1919 3024 2030 3056 habuit
2046 3033 2104 3064 pro
2117 3033 2229 3057 uxore.

1183 3072 1241 3104 Illa
1253 3074 1362 3105 autem
1378 3074 1487 3112 gravia
1505 3076 1602 3114 atque
1619 3075 1762 3106 enormia
1778 3083 1812 3106 se
1827 3083 1953 3115 passam
1973 3084 1993 3107 a
2014 3077 2145 3116 parente
2165 3076 2230 3108 exi·

1183 3124 1316 3157 stimans
1328 3148 1337 3165 ,
1359 3124 1518 3164 juniorem
1538 3126 1669 3158 fratrem
1696 3127 1835 3164 mactat,
1853 3135 1891 3157 ac
1911 3127 1990 3158 sesto
2009 3127 2159 3168 quopiam
2181 3136 2230 3159 sa·

1184 3177 1379 3209 crificiorum
1394 3178 1479 3218 apud
1504 3179 1637 3218 Argivos
1658 3178 1727 3218 die,
1748 3178 1781 3210 in
1802 3187 1867 3220 quo
1880 3179 2008 3219 publice
2023 3189 2135 3212 omnes
2150 3189 2228 3212 con-

1182 3229 1387 3267 vivabantur,
1403 3232 1573 3270 apparatas
1595 3231 1684 3270 pueri
1704 3239 1816 3262 carnes
1841 3230 1963 3271 parenti
1986 3232 2116 3272 apponit
2136 3245 2143 3263 :
2161 3241 2228 3272 quo

1182 3282 1362 3321 perpetrato
1373 3289 1391 3312 a
1405 3281 1463 3313 diis
1480 3281 1570 3320 petiit
1584 3290 1625 3312 ex
1637 3281 1820 3312 hominibus
1835 3282 1963 3314 auferri.
1984 3284 2105 3314 Mutata
2119 3284 2227 3323 itaque

1181 3332 1273 3364 estin
1287 3332 1463 3364 chalcidem
1477 3341 1583 3364 avem.
1597 3333 1772 3372 Clymenus
1784 3334 1892 3365 autem
1906 3334 2013 3366 mente
2026 3334 2225 3367 calamitates

1179 3392 1254 3416 suas
1267 3384 1416 3424 volvens,
1430 3393 1463 3416 se
1478 3385 1582 3424 ipsum
1597 3384 1767 3415 interemit.
