2326 3724
128 275 200 309 282

128 362 305 390 sentanea
326 354 493 399 tradunt;
516 362 626 402 atque
641 355 772 399 ,itidem
789 355 914 390 decem
923 353 1168 400 Janiiliarum

122 417 312 461 principes
337 414 449 448 simul
481 425 561 447 cum
599 414 643 447 X
641 413 781 448 isutlzro
811 420 1020 447 numerant.
1058 413 1171 459 Atqui

127 484 249 506 eorum
270 474 364 506 anni
392 484 465 506 non
487 479 628 506 tantum
660 483 685 504 a
713 471 894 506 solaribus
920 473 1067 514 nostris,
1107 473 1171 517 qui

126 537 297 578 quattuor
314 530 586 577 tempestatibus
603 536 689 563 sunt
703 530 880 585 conclusi,
909 530 1019 575 longe
1033 529 1166 563 discre-

122 596 233 636 pant,
268 596 379 636 atque
405 589 500 622 adeo
531 600 556 622 a
586 588 743 631 divinis,·
783 600 911 623 verum
943 599 1059 634 neque
1089 599 1170 620 cum

126 649 316 693 AEgyptiis
333 647 482 680 lunares
492 653 707 692 computant
719 654 818 681 ortus
827 673 837 690 ‚
853 658 969 693 neque
982 658 1043 680 eos
1058 657 1148 680 vero
1156 671 1167 687 ,

127 707 190 752 qui
219 716 268 738 ea:
295 704 368 738 diis
399 715 530 738 nomen
560 707 749 747 invenere;
777 705 871 739 adeo
897 712 935 738 ut
959 707 1023 751 qui
1046 715 1172 737 revera

126 775 243 798 annos
258 763 447 810 designari
455 770 610 810 putant,
628 766 658 797 ii
670 764 723 797 ad
732 766 814 798 veri
829 763 1163 811 confirmationem,

129 822 340 856 Groecorum
357 825 516 856 numeris
534 829 664 871 aptent
675 829 713 856 et
725 829 957 864 connectant,
980 822 1082 855 alias
1097 821 1170 855 col-

127 881 315 916 lectionem
334 883 538 915 minuentes
549 908 558 925 ‚
579 882 679 916 alias
695 888 887 926 augentes.

626 971 662 1008 5.

499 1076 783 1115 ΑΒΥΔΗΝΟΥ.

177 1169 338 1217 Syncell.
350 1182 390 1218 p.
408 1174 472 1214 44,
490 1171 546 1205 D:
564 1167 607 1207 Ἰ4
610 1184 662 1206 ντι
679 1169 708 1206 δ’
720 1168 780 1206 οἳ
771 1168 909 1220 Λέγουσι
925 1186 1001 1213 τους
1015 1186 1172 1222 πρωτους

127 1226 344 1278 ἀνασχόντας
362 1225 462 1298 ῥώμη
486 1241 524 1264 τε
543 1226 603 1265 καὶ
622 1227 759 1279 μεγέθει
781 1228 1023 1288 γαυνωῦέντας
1043 1229 1102 1266 καὶ
1129 1229 1170 1275 δὴ

124 1287 208 1322 θεῶν
224 1286 557 1337 καταφρονήσαντας
572 1285 756 1335 ἀμείνονας
770 1289 858 1324 εἰναι
873 1286 990 1347 τύρσιν
1004 1287 1170 1334 ἠλίέατον

125 1342 269 1396 ἀείρειν,
291 1343 314 1391 ἢ
334 1347 392 1381 νῦν
416 1343 618 1382 Βαὸυλών
604 1359 713 1382 εστιν·
731 1344 798 1391 ἤδη
821 1361 856 1382 τε
879 1349 986 1383 ἆσσον
1006 1349 1094 1383 εἶναι
1112 1362 1169 1383 του

123 1404 290 1455 οὐρανοῦ,
307 1418 366 1440 και
382 1418 462 1446 τους
479 1402 624 1453 ἀνέμους
641 1407 748 1442 θεοῖσι
768 1405 996 1456 βωθέοντας
978 1420 1104 1456 ανατρε
1090 1407 1171 1457 ,ἷψαι

127 1461 206 1512 περὶ
222 1462 357 1499 αὐτοῖσι
372 1462 410 1499 τὸ
428 1462 627 1514 μηχάνημα
641 1478 649 1486 ·
664 1467 723 1501 τοῦ
740 1463 780 1510 δὴ
797 1463 842 1501 τὰ
859 1463 991 1516 ἐρείπια
1011 1463 1170 1514 λέγεσθαι

126 1519 337 1559 Βαὸυλῶνα.
359 1519 456 1564 Τέως
474 1520 509 1558 δὲ
527 1520 626 1564 ὄντας
644 1522 890 1573 ὁμογλώσσους
906 1524 946 1561 ἐκ
965 1525 1050 1561 θεῶν
1067 1523 1170 1562 πολύ-

126 1581 223 1630 Οροον
242 1578 357 1631 φωνὴν
387 1578 615 1630 ἐνέγκασθαι·
644 1580 732 1629 μετὰ
755 1580 789 1618 δὲ
814 1581 938 1634 Κρόνῳ
962 1581 1023 1619 καὶ
1044 1584 1169 1628 Τιτῆνι

126 1639 296 1682 συστῆναι
327 1636 495 1687 πόλεμον.
530 1640 672 1676 Eadem
698 1642 838 1677 Euseb.
869 1643 912 1677 P.
942 1643 986 1677 E.
1018 1643 1092 1688 IX,
1125 1648 1166 1687 14

123 1711 163 1746 p.
183 1703 202 1741 4
215 1697 272 1743 ι6,
285 1696 520 1748 B.(t0m.11,
536 1712 575 1747 p.
595 1698 668 1736 366
685 1699 820 1748 Gsfd.).
837 1700 893 1737 Cf.
907 1701 1035 1736 Berosi
1050 1701 1092 1736 fr.
1111 1714 1167 1740 10.

630 1805 667 1840 6.

243 1895 462 1931 ABYDENI
488 1897 555 1932 DE
582 1897 766 1933 TURRIS
795 1897 1045 1934 AEDIFICIO.

176 1999 312 2037 Euseb.
334 1998 477 2038 Chron.
503 2012 544 2048 p.
567 2003 615 2042 24
642 2028 648 2034 .
669 2001 729 2035 Ea
743 2008 959 2048 tempestate
973 2002 1092 2049 prisci
1110 2002 1169 2038 lto·

125 2060 243 2092 mines
268 2058 519 2094 adeo-viribus
543 2066 582 2093 et
592 2062 819 2106 proceritate
835 2071 904 2093 sua
921 2063 1092 2095 tumuisse
1100 2059 1170 2107 je—

122 2113 260 2159 runtur‚
288 2124 330 2152 ut
346 2120 460 2152 etiam
477 2117 566 2152 deos
584 2126 876 2165 aspernarentur
889 2118 1078 2167 floccique
1097 2117 1170 2163 fa-

122 2183 265 2220 cerent,
287 2177 602 2223 celsissimamque
631 2189 713 2212 eum
742 2175 940 2212 obeliscum
970 2181 1172 2213 niterentur

122 2242 310 2270 exstruere
329 2237 392 2282 qui
406 2247 502 2283 nunc
521 2235 694 2281 Babylon
721 2235 950 2283 appellatur.
978 2237 1171 2285 Quumque

114 2294 200 2332 jam
231 2293 336 2328 illum
348 2297 526 2341 prooeime
546 2294 600 2328 ad
622 2294 710 2330 deos
736 2295 831 2330 coelo
855 2303 1083 2342 aequassent,
1117 2297 1171 2330 dii

121 2358 314 2386 ventorum
335 2353 520 2397 adjutorio
542 2356 600 2387 usi
624 2352 877 2388 machinosum
896 2367 988 2401 opus
1003 2355 1170 2390 imbecil—

123 2410 210 2444 lium
230 2411 491 2457 impellebant,
510 2411 687 2459 humique
703 2413 990 2460 prosternebant
1012 2425 1024 2447 .·
1051 2425 1170 2460 eaque

122 2468 258 2502 rudera
267 2468 418 2503 Babelis
430 2481 562 2504 nomen
573 2478 847 2506 contraoeerunt.
863 2471 1008 2518 Quippe
1018 2479 1170 2507 eatenus

123 2522 239 2562 unius
255 2531 436 2562 sermonis
464 2540 575 2562 usura
591 2527 694 2573 freti
723 2529 892 2564 homines
920 2537 1030 2564 erant
1037 2543 1051 2574 ;
1085 2538 1169 2565 tunc

126 2594 249 2621 autem
269 2599 294 2620 a
321 2587 395 2621 diis
411 2584 578 2632 confusio
597 2591 709 2622 varia
732 2595 771 2622 et
785 2589 938 2623 dissona
958 2589 1167 2636 linguarum

122 2647 161 2678 in
188 2656 264 2687 eos,
303 2648 369 2692 qui
397 2657 471 2680 una
505 2646 635 2693 lingua
662 2646 868 2689 utebantur,
905 2649 1070 2681 immissa
1099 2655 1164 2682 est.

120 2703 266 2738 Deinde
283 2711 320 2738 et
333 2704 516 2739 Saturnus
528 2717 609 2739 cum
628 2705 762 2740 Titano
773 2706 908 2753 proelio
920 2703 1098 2744 certabat,
1117 2728 1168 2733 —

120 2761 314 2796 Proeterea
334 2762 430 2797 idem
452 2765 514 2797 vir
529 2761 766 2798 Senecheribi
784 2775 925 2811 quoque
949 2767 1167 2799 mentionem

110 2817 215 2864 facit
229 2819 287 2855 his
306 2822 430 2856 verbis
451 2820 506 2869 (v.
522 2820 569 2858 fr.
592 2821 642 2870 7).
659 2842 711 2849 —
731 2821 873 2858 Eadem
891 2822 1028 2858 iterum
1048 2823 1167 2871 tangit

125 2879 254 2916 Euseb.
276 2892 316 2927 p.
341 2879 404 2914 61.

625 2962 660 2994 7.

128 3034 135 3038 ⁶
173 3041 356 3077 Eusebius
391 3040 532 3079 Chron.
563 3055 604 3090 p.
641 3042 689 3077 25
722 3055 729 3077 :
761 3045 938 3078 Amnum
967 3054 1016 3076 ma
1048 3042 1167 3077 SENE-

122 3112 298 3136 cnmusso.
322 3101 389 3135 His
409 3099 628 3148 temporibus
648 3105 794 3148 quintus
816 3102 974 3148 denique
999 3107 1036 3135 et
1054 3103 1167 3147 vige-

623 3214 658 3245 5.

160 3267 217 3298 EX
238 3266 446 3299 ABYBENO.
460 3266 541 3298 Sunt
557 3265 611 3306 qui
627 3265 734 3297 dicant
750 3266 868 3306 primos
884 3265 1028 3297 homines
1046 3265 1168 3297 viribus

119 3320 150 3350 et
166 3326 335 3358 corporum
347 3317 536 3357 proceritate
553 3317 626 3348 fisos
641 3317 671 3348 in
683 3318 904 3356 contemptum
916 3317 1063 3356 deorum,
1076 3318 1167 3357 quasi

118 3369 296 3409 superiores
308 3368 369 3400 illis
383 3369 504 3408 forent,
515 3369 640 3400 venisse
650 3379 658 3407 ;
670 3376 740 3400 eam
754 3368 796 3399 ob
811 3377 876 3399 rem
888 3368 978 3399 mirae
990 3368 1168 3400 altitudinis

119 3421 253 3460 turrim,
269 3429 344 3461 quae
362 3429 448 3451 nunc
461 3419 603 3459 Babylon
621 3420 686 3458 est,
708 3419 836 3450 molitos
854 3419 1006 3459 illamque
1025 3419 1167 3451 aediliciis

118 3473 183 3512 jam
195 3472 282 3504 coelis
291 3472 425 3504 vicinam
438 3472 643 3511 adstruxisse,
656 3474 768 3504 ventos
781 3474 888 3504 autem
900 3472 958 3504 (liis
969 3474 1019 3513 opi
1031 3472 1167 3504 serendae

1086 262 1312 302 ABYDENI

1228 358 1340 390 simus
1367 368 1434 390 rea·
1451 354 1533 400 suit
1558 355 1834 400 Seuecleeribus,
1870 360 1934 403 qui
1952 358 2184 402 Babylonem
2202 357 2272 394 sibi

1229 414 1402 456 subdidit,
1437 421 1472 448 et
1492 416 1529 448 in
1553 414 1676 448 Cilicii
1696 417 1808 448 maris
1828 415 1931 449 litore
1949 416 2103 450 classem
2123 416 2273 452 Groeco-

1230 484 1308 506 rum
1328 471 1571 519 profligatam
1588 473 1742 517 disjecit.
1758 474 1829 507 Hic
1841 476 1954 508 etiam
1970 475 2144 521 templum
2164 474 2273 510 Athe·

1229 532 1411 564 niensium
1433 529 1478 577 (i.
1495 542 1527 566 e.
1545 527 1707 579 Ἀθηνᾶς)
1722 534 1876 566 struxit:
1899 544 2001 566 cerea
2013 545 2153 580 quoque
2163 536 2275 579 signa

1216 584 1410 631 'facienda
1434 591 1588 630 emat-it,
1618 592 1655 623 in
1684 590 1813 636 quibus
1837 602 1906 624 sua
1915 587 2097 634 fizcinora
2116 592 2278 627 traditur

1232 649 1471 693 inscripsisse.
1509 647 1660 682 Tarsum
1680 648 1835 695 (lenique
1854 660 1899 682 ea
1916 647 2052 694 forma
2058 678 2067 694 Ι
2101 662 2177 697 qua
2196 651 2276 685 Ba-

1231 704 1340 750 bylon
1359 707 1478 747 utitur,
1503 706 1686 748 condidit,
1715 710 1767 741 ita
1787 715 1829 741 ut
1845 708 1966 742 media
1993 709 2105 743 Tarso
2126 708 2276 754 Cydnus

1231 765 1354 797 amnis
1385 766 1574 806 transiret,
1609 777 1758 811 prorsus
1788 768 1840 800 uti
1874 767 2107 813 Babylonem
2138 768 2272 803 dividit

1231 821 1434 858 Arazanes.
1453 821 1648 856 Proximus
1667 821 1751 856 lzuic
1766 828 1937 870 regnavit
1956 825 2146 872 Ner-gilas,
2168 837 2275 873 quem

1233 880 1454 914 Adrameles
1466 880 1577 925 filius
1595 882 1740 918 occidit.
1766 883 1902 917 Rursus
1930 882 2028 917 hunc
2042 881 2174 928 frater
2192 897 2277 920 suus

1232 939 1393 972 Aoeerdis
1408 935 1612 983 interfecit,
1631 947 1746 986 patre
1762 941 1904 984 eodem,
1926 942 2005 975 alia
2020 949 2143 976 tamen
2159 951 2278 979 matre

1230 998 1396 1041 genitus,
1437 1003 1548 1043 atque
1579 998 1803 1043 Byzantium
1829 1011 1942 1045 usque
1970 1003 2049 1044 eJ'us
2075 1005 2276 1037 exercitum

1227 1062 1439 1100 persecutus
1467 1063 1535 1098 est,
1573 1068 1679 1103 quem
1707 1063 1820 1090 antea
1851 1058 2018 1091 mercede
2047 1059 2279 1095 conduxerat

1231 1113 1469 1148 auxiliarem.
1493 1115 1541 1148 In
1561 1113 1631 1149 hoc
1647 1115 1752 1149 miles
1766 1122 1850 1150 erat
1871 1115 2108 1164 Pythagoras
2124 1116 2277 1164 quidam

1233 1170 1434 1206 Chaldoeoe
1447 1172 1630 1207 doctrince
1649 1174 1793 1208 assecla
1815 1172 1892 1222 (Cf.
1910 1174 2038 1209 Berosi
2055 1173 2101 1208 fr.
2125 1186 2168 1210 12
2181 1201 2192 1220 ,
2215 1173 2275 1223 3).

1231 1231 1434 1278 AEgrptictiz
1468 1239 1660 1278 proeterea
1689 1239 1889 1279 partesque
1921 1230 2118 1278 inferiores
2153 1234 2277 1280 byrioe

1231 1289 1447 1336 acquirebat
1475 1291 1652 1327 Aoeerdis.
1685 1292 1781 1324 Hinc
1805 1289 2108 1338 Sardanapallus
2131 1299 2278 1327 exortus

1231 1355 1298 1383 est.
1325 1348 1416 1382 Post
1431 1360 1537 1394 quem
1564 1348 1725 1383 Saracus
1744 1349 1984 1395 imperitabat
2007 1351 2169 1396 Assyriis
2186 1362 2197 1384 .·
2218 1353 2280 1398 qui

1231 1407 1381 1452 quidem
1401 1409 1535 1441 certior
1549 1404 1683 1452 sactus
1703 1414 1905 1441 turmarum
1925 1409 2035 1454 vulgi
2061 1409 2279 1444 collectitia-

1230 1477 1310 1499 rum
1320 1492 1328 1508 ,
1350 1478 1435 1512 quoe
1449 1478 1473 1500 a
1488 1469 1585 1500 mari
1597 1467 1770 1500 adversus
1782 1478 1822 1500 se
1835 1466 2090 1510 adventarent,
2109 1470 2281 1504 continuo

1231 1524 1515 1558 Busalussorum
1538 1526 1683 1559 militioe
1701 1525 1831 1559 ducem
1851 1525 2082 1571 Babylonem
2098 1527 2276 1564 mittebat.

1229 1582 1308 1616 Sed
1322 1585 1421 1616 enim
1438 1582 1498 1616 hic
1514 1590 1624 1629 capto
1648 1583 1855 1617 rebellandi
1878 1583 2052 1628 consilio,
2075 1583 2292 1620 Amuhiam'

1228 1641 1441 1687 Asdalzagis
1463 1642 1660 1677 ffledorum
1674 1645 1858 1689 principis
1866 1642 1998 1688 filiam
2018 1652 2107 1678 nato
2121 1655 2186 1678 suo
2201 1644 2280 1680 Να-

1231 1700 1481 1735 bucodrossori
1499 1701 1755 1747 despondebat
1762 1714 1776 1743 ;
1799 1713 1957 1748 moxque
1983 1705 2122 1749 raptim
2150 1710 2276 1738 contra

1231 1759 1374 1793 Ninum
1394 1770 1458 1792 seu
1488 1759 1656 1793 Ninivem
1678 1759 1803 1793 urbem
1825 1762 2001 1806 impetum
2017 1757 2203 1804 faciebat.
2226 1762 2278 1795 Re

1227 1820 1329 1851 omni
1347 1820 1514 1863 cognita,
1538 1829 1607 1851 rex
1625 1817 1788 1851 Saracus
1805 1821 1949 1862 regiam
1967 1815 2023 1866 (E
2026 1817 2195 1866 votitam)
2219 1822 2275 1853 in·

1222 1875 1464 1920 flammabat.
1484 1914 1488 1918 ¹
1503 1876 1594 1910 Tum
1624 1888 1712 1910 vero
1749 1874 2091 1911 Nabucodmssorus
2122 1889 2279 1912 summoe

1227 1946 1348 1968 rerum
1358 1936 1496 1981 potitus
1506 1934 1631 1980 firmis
1646 1935 1830 1969 mcenibus
1842 1935 2076 1981 Babylonem
2090 1936 2276 1982 cingebat.

1228 1993 1340 2028 Hisce
1355 1996 1531 2037 narratis,
1555 1994 1700 2041 reliqua
1716 1996 1827 2028 etiam
1845 1994 2161 2030 Nabucodrossori
2173 2003 2278 2043 gesta

1229 2055 1282 2086 ita
1303 2053 1783 2100 pers-equitur'Abydetzus,
1809 2060 1850 2087 ut
1872 2065 1898 2087 a
1918 2052 2019 2087 libris
2036 2053 2277 2090 Hebraeorum

1225 2123 1374 2158 prorsus
1392 2123 1465 2145 non
1483 2110 1696 2148 abiem-,reat

1283 2169 1441 2214 Quintus
1468 2177 1503 2204 et
1525 2167 1751 2218 vigesimus]
1774 2170 1856 2205 Sec.
1879 2169 2062 2204 Berosum
2090 2181 2208 2217 usque
2228 2169 2278 2206 ad

1228 2227 1388 2262 Phulum
1405 2234 1490 2262 sunt
1502 2239 1607 2276 reges
1625 2227 1694 2273 [453
1711 2228 1877 2276 ideoque
1892 2228 2166 2264 Senacheribus
2179 2228 2278 2265 foret

1229 2287 1531 2334 quadragesimus
1539 2288 1846 2323 zeonusAEortasse
1860 2287 1976 2335 igitur
1989 2287 2113 2322 scriba
2125 2286 2174 2324 κε’
2188 2300 2276 2336 perv

1226 2356 1360 2391 peram
1380 2345 1549 2380 exaravit·
1568 2357 1640 2392 pro
1660 2343 1733 2392 μθ’.
1754 2365 1806 2372 --
1818 2345 2020 2381 Proximus
2042 2345 2130 2380 huic
2145 2354 2278 2394 regnat

1227 2404 1404 2449 Ner-gilas
1417 2410 1487 2438 ete.
1501 2401 1514 2452 ]
1533 2405 1589 2439 De
1607 2404 1761 2451 Nergilo
1775 2416 1854 2438 non
1870 2410 2038 2449 constat3
2058 2404 2278 2444 Adrameles

1227 2473 1300 2495 sec.
1317 2461 1455 2508 Script.
1470 2473 1613 2496 sacram
1629 2469 1666 2496 et
1681 2463 1862 2499 Berosum
1877 2461 1960 2511 (ubi
1973 2462 2275 2511 Ardumuzanes)

1227 2518 1326 2554 filius
1345 2526 1383 2554 et
1410 2519 1631 2555 interfector
1658 2527 1713 2555 est
1744 2521 2001 2559 Senecheribi.
2034 2541 2084 2548 --
2114 2522 2278 2558 Axerdis

1227 2577 1330 2625 apud
1351 2577 1534 2613 Berosum
1550 2578 1596 2613 fr.
1627 2591 1671 2614 12
1691 2586 1745 2614 est
1763 2579 1990 2616 Asordanus.
2013 2578 2071 2617 Cf.
2089 2579 2273 2618 Niebuhr.

1226 2636 1359 2670 Kleine
1376 2634 1544 2681 Schsten.
1568 2649 1608 2684 p.
1633 2640 1724 2679 204.
1745 2657 1795 2664 -
1878 2649 1988 2684 quem
2004 2638 2171 2673 mercede
2189 2651 2277 2674 con-

1228 2694 1390 2728 duxerat
1421 2694 1666 2744 auxiliarem]
1701 2695 1749 2731 ad
1766 2696 1845 2731 haec
1866 2697 1987 2732 Maius
2008 2707 2016 2733 :
2051 2711 2066 2728 «
2089 2697 2215 2732 Locus
2238 2697 2276 2732 in

1228 2755 1333 2789 Arm.
1358 2753 1444 2788 cod.
1465 2754 1649 2789 obscurus
1667 2754 1880 2798 videbatur.
1910 2771 1925 2787 »
1949 2757 2006 2791 De
2021 2755 2101 2802 ipsa
2119 2755 2276 2803 expedi-

1230 2812 1332 2846 tione
1350 2811 1396 2845 cf.
1413 2812 1583 2847 Niebuhr
1598 2813 1622 2847 l.
1643 2813 1668 2846 l.
1689 2825 1729 2860 p.
1752 2812 1842 2847 206.
1862 2833 1914 2839 —
1930 2814 2026 2847 Hinc
2043 2813 2156 2850 Sard.
2173 2825 2276 2848 exor-

1227 2876 1283 2904 tus
1298 2868 1375 2918 est]
1396 2870 1563 2905 Aucher.
1583 2871 1696 2905 vertit
1719 2883 1726 2905 :
1746 2872 1910 2906 Axerclis
1925 2879 2050 2906 autem
2068 2873 2272 2918 AEgyptum

1218 2935 1423 2976 ‘partesque
1441 2928 1564 2974 Syrioe
1583 2926 1768 2973 inferioris
1785 2931 1821 2963 in
1840 2941 1945 2964 suam
1967 2936 2186 2977 potestatem
2211 2942 2272 2964 re-

1225 2985 1345 3033 degit‚·
1363 2998 1412 3020 ea:
1424 2999 1499 3033 qua
1511 2986 1815 3034 Sardanapallus
1828 2998 1971 3034 quoque
1983 2990 2140 3023 exstitit.
2157 2987 2274 3022 Totus

1225 3043 1287 3078 hic
1319 3043 1424 3079 locus
1455 3045 1586 3092 paullo
1614 3046 1845 3092 corruptior.
1879 3045 1969 3079 Post
1997 3045 2167 3080 Axerdin
2197 3045 2274 3082 sive

1227 3101 1467 3138 Asordanum
1497 3103 1600 3151 apud
1629 3104 1812 3138 Berosum
1839 3103 2009 3150 sequitur
2041 3104 2272 3151 Sammuges‚

1227 3210 1413 3243 advolantes
1425 3212 1549 3243 vastam
1561 3211 1647 3242 illam
1660 3211 1798 3242 molem*
1790 3220 1822 3242 in
1832 3219 1906 3242 suos
1913 3212 2059 3242 auctores
2071 3209 2272 3254 deturbasse,
2319 3214 2322 3215 ⁷

1226 3271 1264 3294 ac
1285 3263 1414 3304 rudera,
1428 3273 1500 3304 qum
1521 3264 1767 3304 superfuerunt,
1785 3263 1954 3304 Babylonis
1970 3271 2087 3294 nomen
2101 3262 2272 3311 accepisse.

1228 3315 1378 3348 Homines
1391 3324 1485 3356 porro
1501 3324 1638 3356 quorum
1655 3314 1739 3346 adid
1755 3316 1881 3355 tempus
1894 3322 1958 3345 una
1974 3313 2148 3354 eademque
2163 3306 2272 3354 lingua

1227 3368 1351 3402 fuerat,
1367 3367 1427 3398 diis
1439 3366 1483 3398 ita
1494 3366 1678 3407 jubentibus
1688 3390 1696 3406 ‚
1711 3365 1880 3406 multiplici
1897 3367 1928 3397 et
1941 3365 2006 3396 ab
1997 3365 2134 3397 invicem
2146 3364 2272 3396 diverso

1226 3418 1375 3459 loquendi
1396 3427 1508 3459 genere
1523 3418 1716 3458 discrepasse
1726 3441 1734 3455 ,
1749 3426 1786 3448 ac
1805 3416 2009 3457 postmodum
2022 3416 2124 3448 enatis
2137 3414 2272 3448 dissidiis

1226 3473 1399 3504 Saturnum
1416 3472 1447 3502 et
1463 3471 1606 3502 'Iilanem
1623 3469 1703 3501 inter
1718 3478 1751 3501 se
1766 3468 1847 3501 bello
1864 3468 2051 3500 decertasse.
