2326 3724
100 249 177 283 214

91 329 176 368 νέων
195 329 278 367 δέκα
299 327 382 382 πρὸς
397 330 467 373 τοῖς
486 327 564 376 δύο,
582 326 616 372 ἒξ
647 325 710 377 μὲν
726 325 928 377 Ῥωμαίων,
947 327 1013 379 οὐχ
1039 320 1141 373 ἧττον

92 387 128 426 δὲ
151 389 310 440 Περσῶν,
332 386 504 440 ἀμοιὸαία
530 389 573 438 τῇ
595 385 688 433 δόσει
704 383 747 423 τὰ
771 387 835 432 τῆς
860 383 999 438 εἰρήνης
1019 383 1141 436 βιὸλία

90 445 309 498 παρέσχοντο
322 445 501 492 ἀλλήλοις.
517 445 570 486 Τὸ
585 443 646 496 μὲν
657 447 701 497 τῇ
716 445 865 496 Περσῶν
879 445 977 496 φωνῇ
990 458 1141 495 γεγραμ-

92 505 194 554 μένον
215 503 401 556 ἐνεχείρισε
423 503 564 574 Πέτρῳ
564 506 582 541 ὃ
603 502 695 555 Ζιχ,
717 501 778 541 καὶ
799 501 934 574 Πέτρος
949 500 986 540 δὲ
1003 517 1053 554 τῳ
1073 502 1144 553 Ζιχ

92 563 132 601 τὸ
150 565 195 614 τῇ
224 562 421 609 Ἑλληνίδι·
442 578 503 600 και
520 565 616 605 αὖθις
634 563 694 599 τοῦ
721 559 792 612 Ζιχ
814 561 854 598 τὸ
875 561 1081 613 ἷσορροποῦν
1097 563 1142 612 τῇ

93 621 278 668 Ἑλληνίδι
295 620 430 673 βιὸλίον
447 620 636 693 γράμμασι
655 620 842 672 Περσικοῖς
856 619 1143 669 διασεσημασμέ·

95 695 166 727 νον,
186 680 268 718 ἄνευ
281 682 344 726 τ’ῆς
358 681 427 718 τῶν
445 677 706 728 ἓκτυπωμοίτων
719 676 910 730 ἀσφαλείας
921 705 931 723 ,
950 675 1143 729 εἰληφότος,

94 738 159 790 [ἐς]
186 738 227 776 τὸ
257 737 476 784 σωθήσεσθαί
503 739 534 776 οἳ
554 736 614 780 τὰς
646 735 803 786 μνήμας,
831 736 891 774 καὶ
921 735 1054 787 Πέτρος
1082 737 1144 774 οὐκ

93 796 208 839 ἄλλως
226 795 428 834 ἐπετέλεσεν
459 795 667 845 ἀμοιὸαίως.
694 796 784 834 Εἶτα
810 793 867 831 ἐπὶ
882 792 1014 836 τούτοις
1031 792 1143 831 διελύ-

95 859 218 902 θησαν,
236 855 306 892 τῶν
334 869 371 892 τε
398 852 499 905 ὁρίων
521 852 592 891 ἄπο
613 852 786 904 ἐγένοντο,
803 851 864 890 καὶ
889 854 908 890 ὁ
938 851 1008 904 Ζὶχ
1034 852 1081 895 εἷς
1099 850 1144 889 τὰ

92 911 226 964 πάτρια
245 912 312 959 ἤθη
333 911 528 963 ἐπορεύετο.
549 910 653 963 Ἀτὰρ
671 913 688 948 ὃ
708 909 840 962 Πέτρος
857 909 991 960 ἔμεινεν
1012 911 1116 948 αὐτοῦ
1131 938 1141 957 ,

94 970 302 1008 ἐπιθειάσων
322 974 365 1023 τῇ
394 970 552 1023 γενεθλία
579 972 680 1022 ἑορτῇ
701 971 856 1021 Χριστοῦ
876 971 937 1006 τοῦ
960 970 1056 1006 θεοῦ·
1076 968 1144 1015 ἤδη

93 1028 162 1081 γὰρ
179 1028 417 1082 προσεπέλαζε
435 1032 498 1076 τῆς
512 1028 647 1081 ἡμέρας
662 1027 700 1066 τὸ
720 1026 840 1070 σε’ὂας.
869 1023 951 1066 ’Έτι
969 1025 1004 1064 δὲ
1021 1026 1082 1064 καὶ
1100 1030 1144 1079 τῇ

95 1092 155 1126 τοῦ
176 1091 252 1126 θεοῦ
268 1088 451 1140 ἐπιφανείᾳ
467 1087 512 1126 τὰ
527 1087 659 1138 νόμιμα
679 1085 907 1137 ἁγιστεύσας,
926 1085 1015 1136 μετὰ
1035 1088 1145 1124 ταῦτα

96 1146 206 1193 ἐπέὸη
235 1148 296 1193 τῆς
314 1148 477 1196 Περσῶν.
512 1145 583 1185 Καὶ
611 1147 645 1184 ἐν
670 1145 786 1183 τοῖσδε
810 1143 919 1196 πέρας
938 1143 1073 1196 εἰλήφει
1101 1143 1146 1182 τὰ

95 1221 163 1242 των
185 1203 371 1251 ξυνθηκῶν.
393 1203 504 1256 Πρὸ
487 1202 520 1241 οὲ
542 1203 584 1249 δὴ
606 1219 635 1238 τ
634 1219 668 1250 ,ς
693 1201 951 1254 ἀναχωρήσεως
970 1218 1039 1240 των
1057 1201 1146 1254 πρέ-

95 1262 219 1310 σὸεων,
248 1262 540 1315 παραγενομένων
569 1277 670 1306 τινων
700 1263 847 1312 Περσων
869 1262 915 1305 εἷς
941 1276 981 1298 το
1007 1259 1144 1314 Δοίρας,

95 1325 125 1358 οἵ
129 1338 144 1365 ς
163 1337 202 1358 το
223 1321 354 1360 τοιόνδε
389 1323 423 1359 ἐν
453 1320 628 1374 φροντίσιν
649 1322 822 1372 ὑπῆρχεν,
854 1318 930 1370 ἅμα
951 1319 1050 1363 ἐνίοις
1077 1321 1146 1356 τῶν
1164 1327 1166 1330 ⁴

96 1378 275 1432 ἑρμηνέων
295 1395 355 1418 και
374 1384 444 1423 τοῖς
464 1381 533 1417 τῶν
553 1379 778 1430 πλαστίγγων
810 1376 1031 1425 ἐπιστάταις,
1055 1379 1147 1415 ἀπε-

99 1437 253 1484 κατέστη
269 1443 338 1481 τοῖς
352 1437 433 1490 περὶ
449 1437 506 1475 τὸν
528 1437 598 1489 Ζὶχ
613 1436 656 1474 τὰ
672 1435 879 1489 ὀφειλόμενα
893 1435 1063 1487 χρήματα
1079 1437 1147 1473 τῶν

98 1497 125 1541 ζ’
161 1498 340 1544 ἐνιαυτῶν,
373 1498 425 1549 ἐφ’
458 1490 507 1539 οἶς
539 1498 575 1533 αἱ
611 1494 775 1541 ξυνθῆκαι
809 1495 996 1546 προῆλθον.
1018 1493 1080 1537 Ὡς
1109 1493 1146 1531 δὲ

99 1556 267 1609 Πέτρος
249 1555 391 1609 αφίκετο
407 1571 491 1608 προς
514 1554 661 1607 βασιλέα
683 1555 829 1606 Περσῶν
851 1554 885 1590 ἐν
904 1555 954 1591 τῶ
972 1567 1146 1604 προσαγο-

100 1614 273 1668 ρευομένῳ
302 1611 517 1665 Βιθαρμαϊς,
538 1614 616 1651 διαλ
620 1591 856 1672 εχθησόμενός
874 1613 905 1649 οἱ
924 1626 1004 1664 περι
1031 1613 1148 1650 Σουα-

99 1674 191 1720 νίας,
213 1675 245 1716 ἐς
263 1671 307 1711 τὰ
325 1672 487 1725 βασίλεια
503 1671 680 1725 προελθὼν
698 1669 811 1715 ἔλεξεν
831 1671 919 1708 ὧδε·
940 1687 956 1703 τι
973 1669 1147 1720 Ἥκομεν,

99 1734 129 1769 ὠ
151 1733 315 1784 βασιλεῦ,
342 1730 438 1783 παρὰ
461 1729 521 1778 σὲ,
548 1746 588 1768 το
610 1729 672 1800 μὲν
702 1730 735 1767 ἐν
761 1728 894 1781 βεὸαίω
917 1727 980 1775 τὴν
1008 1727 1148 1780 εἰρήνην

99 1789 191 1843 ἔχειν
210 1789 464 1842 εὐτυχήσαντες
481 1789 548 1836 ἤδη
563 1819 572 1835 ,
588 1788 627 1827 τὸ
644 1787 679 1826 δὲ
693 1788 752 1826 καὶ
770 1787 831 1839 ὀψὲ
849 1791 932 1839 γοῦν
951 1786 1149 1838 τευξόμενοι

99 1852 168 1887 τῶν
187 1849 410 1901 δικαιοτέρων
429 1847 527 1900 παρὰ
544 1851 606 1886 σοῦ
625 1846 674 1897 μὴ
692 1845 944 1898 ἀχθησόμενοι.
965 1845 1010 1885 ‘O
1025 1845 1093 1898 γὰρ
1109 1846 1149 1884 τὸ

99 1906 211 1960 παρὸν
232 1901 271 1945 εὖ
291 1906 418 1949 διαθεὶς
433 1906 494 1944 καὶ
511 1906 699 1958 σχεδιάσας
711 1935 720 1951 ,
738 1908 784 1948 ὡς
801 1906 923 1952 εἰπεῖν,
938 1904 976 1942 τὸ
992 1905 1149 1943 συνοῖσον

101 1968 175 2009 πῶς
193 1965 272 2017 οὐχὶ
293 1967 361 2002 τῶν
379 1963 577 2016 μελλόντων
595 1963 853 2017 προμηθεύεται
869 1964 989 2015 πολλῷ
1006 1965 1056 2014 τῷ
1073 1963 1150 2000 δια-

100 2073 175 2104 sunt
190 2072 222 2104 in
247 2081 328 2112 usu,
346 2072 482 2103 firmatae
499 2072 575 2104 sunt
594 2084 600 2103 ε
618 2072 688 2103 tum
705 2071 883 2111 legatorum
903 2070 1005 2111 sigilla
1026 2070 1154 2102 annulis

99 2124 274 2166 impressa,
302 2126 335 2158 et
357 2124 529 2157 duodecim
552 2125 783 2165 interpretum,
806 2132 862 2155 sex
879 2125 1097 2155 Romanorum
1121 2123 1154 2154 et

99 2177 236 2209 totidem
251 2179 430 2209 Persarum.
453 2176 505 2209 Sic
518 2177 632 2208 mutua
648 2175 821 2208 traditione
835 2175 917 2207 inter
930 2183 965 2208 se
986 2175 1046 2207 sibi
1068 2174 1155 2216 pacis

100 2230 229 2262 tabulas
253 2229 370 2262 Zichus
393 2230 488 2262 Petro
504 2231 676 2262 Persarum
692 2229 799 2269 lingua
824 2229 975 2269 scriptas,
992 2229 1025 2260 et
1040 2229 1155 2261 Graeca

101 2283 215 2314 Petrus
231 2282 328 2314 Zicho
343 2282 555 2314 tradiderunt.
567 2283 688 2314 Rursus
699 2290 801 2322 quum
815 2281 932 2312 Zichus
947 2280 1120 2321 accepisset
1136 2288 1156 2312 a

101 2334 198 2365 Petro
215 2333 303 2365 aliud
327 2333 414 2365 iilius
433 2333 589 2374 pactionis
604 2333 788 2373 exemplum
816 2334 930 2364 Graeca
955 2332 1083 2372 lingua,
1100 2331 1156 2364 sed

102 2385 217 2417 litteris
235 2385 366 2418 Persicis
378 2386 545 2417 exaratum
555 2409 564 2424 ‚
579 2386 646 2417 sine
660 2385 726 2416 ulla
742 2385 919 2425 sigiilorum
933 2385 1153 2425 impressione,

102 2436 190 2478 quod
203 2435 242 2468 ad
255 2436 356 2468 solam
375 2436 418 2468 rei
436 2438 532 2477 gestae
548 2437 738 2468 memoriam
760 2437 899 2476 valeret,
915 2435 1028 2468 eadem
1044 2435 1155 2468 itidem

104 2490 218 2521 Petrus
242 2497 261 2521 a
278 2489 374 2521 Zicho
391 2489 458 2530 pari
475 2489 578 2520 forma
600 2488 735 2529 accepit.
756 2488 811 2520 His
827 2489 995 2521 transactis
1010 2497 1156 2520 seorsum

105 2543 188 2575 alter
202 2542 244 2574 ab
263 2542 364 2574 altero
390 2541 502 2582 procul
519 2550 537 2573 a
554 2540 699 2573 confiniis
723 2541 890 2581 abierunt,
908 2543 940 2572 et
957 2540 1073 2573 Zichus
1089 2541 1157 2582 qui·

104 2595 179 2627 dem
194 2594 236 2628 ad
258 2594 348 2627 sedes
363 2594 482 2635 patrias
498 2594 670 2634 remeavit3
691 2593 746 2626 sed
769 2595 882 2626 Petrus
898 2593 964 2626 iilic
984 2594 1155 2633 remansit,

105 2649 142 2679 ut
158 2647 274 2691 festum
293 2645 475 2679 Nativitatis
488 2645 608 2678 Christi
623 2644 673 2677 dei
691 2645 702 2685 (
718 2645 858 2677 instabat
871 2645 957 2676 enim
974 2645 1157 2677 veneranda

105 2698 174 2730 dies
192 2698 325 2738 >sancte
341 2698 374 2729 et.
390 2697 534 2738 religiose
553 2696 684 2729 coleret.
698 2698 762 2728 Nec
778 2697 881 2728 multo
891 2696 963 2736 post
974 2696 1039 2727 illic
1052 2696 1158 2728 adhuc

107 2749 292 2790 Epiphaniae
326 2750 442 2781 festum
474 2748 596 2781 solenni
630 2756 719 2780 more
749 2747 940 2787 celebravit;
970 2746 1086 2780 deinde
1116 2747 1157 2779 ad

108 2804 219 2834 Persas
239 2801 403 2843 profectus
419 2802 476 2833 est.
512 2802 552 2833 Et
580 2801 626 2833 sic
650 2799 780 2841 quidem
805 2799 892 2840 pacis
914 2799 1089 2831 transactio
1116 2798 1158 2831 ad

108 2855 204 2887 finem
232 2855 384 2896 perducta
401 2856 461 2887 est.
489 2855 570 2886 Ante
585 2853 815 2895 prosectionem
844 2853 1040 2893 legatorum,
1054 2861 1157 2892 quum

108 2913 149 2935 ex
163 2905 267 2937 Persis
280 2904 336 2944 hi,
356 2904 472 2946 quihus
496 2912 534 2935 ea
550 2912 600 2936 res
617 2912 704 2936 curae
723 2903 809 2943 erat,
831 2903 871 2934 ad
888 2905 988 2935 Daras
1005 2902 1157 2935 accessis-

109 2957 179 2988 sent
195 2964 260 2988 una
272 2964 346 2987 cum
362 2956 589 2997 interpretibus
601 2956 634 2988 et
644 2955 681 2988 iis
699 2955 754 2996 qni
774 2955 903 2988 trutinis
915 2955 1058 2996 praefecti
1069 2954 1157 2995 sunt,

109 3008 343 3048 repraesentatae
370 3009 446 3039 sunt
464 3016 538 3048 quae
567 3007 664 3039 Zicho
690 3016 748 3048 pro
765 3007 886 3047 septem
911 3015 1068 3038 annorum
1084 3015 1158 3047 pen·

109 3059 252 3092 sionibus
263 3059 429 3101 promissae
448 3060 577 3092 fuerant
597 3060 755 3101 pecuniae.
773 3061 885 3092 Petrus
902 3068 980 3091 vero
996 3059 1037 3091 ad
1053 3067 1159 3099 regem

110 3113 280 3144 Persarum
300 3111 418 3143 accesit
432 3111 464 3142 in
477 3111 548 3143 loco
570 3111 626 3152 qui
643 3110 834 3143 Bitharmais
850 3110 1040 3151 appellatur,
1067 3112 1105 3143 ut
1120 3110 1160 3143 de

111 3163 229 3196 suania
250 3163 396 3195 cumino
416 3163 542 3203 ageret,
568 3164 601 3194 et
622 3162 654 3194 in
676 3163 793 3202 regiam
813 3162 1016 3194 introductus
1044 3162 1090 3194 sic
1111 3162 1158 3194 lo-

112 3215 206 3246 cutus
221 3215 270 3246 est
288 3227 295 3246 :
312 3225 328 3241 α
342 3213 512 3253 Venimus,
525 3222 545 3244 o
560 3222 631 3251 rex,
646 3213 686 3245 ad
702 3215 735 3246 te
745 3238 754 3253 ,
769 3223 869 3253 quum
885 3222 999 3254 magna
1014 3222 1056 3246 ex
1071 3214 1160 3255 parte

113 3266 199 3306 pacis
215 3264 408 3298 beneficium
422 3265 488 3305 jam
508 3264 613 3306 adepti
629 3265 746 3304 simus,
767 3269 802 3296 ut
824 3266 856 3297 in
881 3266 1013 3306 reliquis
1031 3274 1161 3306 quoque

113 3326 299 3359 quanquam
318 3326 390 3351 sero
413 3317 571 3358 justitiam
594 3326 612 3349 a
634 3319 666 3350 te
687 3318 895 3358 impetremus
903 3330 912 3358 5
940 3327 1001 3350 nec
1021 3327 1080 3351 nos
1102 3318 1159 3351 ‹le-

114 3371 244 3411 ceptum
268 3369 308 3401 iri
331 3378 506 3410 speramus.
526 3370 606 3401 Nam
624 3369 678 3410 qui
705 3373 892 3410 praesentem
913 3379 1020 3402 rerum
1040 3371 1159 3402 statum

116 3423 203 3454 recte
227 3421 408 3463 composuit
430 3421 463 3453 et
490 3421 639 3453 instantia
664 3420 833 3453 commoda
863 3421 1020 3462 respexit,
1039 3422 1160 3462 quanto

775 223 1070 279 ‘MENANDm
1100 216 1469 279 rnorecroms'

1202 324 1315 380 φόρῳ,
1335 324 1482 365 καθόσον
1502 324 1563 364 καὶ
1584 323 1698 377 χρόνῳ
1716 325 1764 377 τῷ
1780 323 1929 374 πλείονι;
1950 324 2117 377 μεγίστου
2132 325 2246 365 τοίνυν

1195 384 1335 437 πέφυκε
1365 383 1536 437 βασιλέως
1562 384 1603 422 τὸ
1631 383 1798 422 δύνασθαι
1830 383 1893 434 μὲν
1921 383 2028 423 πλέον
2056 384 2163 437 ἔχειν,
2195 384 2246 435 μὴ

1205 442 1390 494 βούλεσθαι
1418 443 1476 481 δέ·
1502 442 1542 481 τὸ
1561 442 1629 495 γὰρ
1658 442 1878 494 ὖπερὸοίλλον
1898 446 1958 490 τῆς
1979 443 2098 496 ἰσχύος
2120 444 2156 482 ἐν
2175 443 2248 482 σώ-

1205 516 1304 553 φρονι
1317 501 1682 554 κολάζεταιλογισμῷ.
1693 501 1798 542 Ἐπεὶ
1808 505 1866 540 οὖν
1879 501 1917 540 τὸ
1929 501 2002 547 ζέον
2015 505 2074 541 τοῦ
2088 501 2246 552 πολέμου

1206 558 1440 598 κατέσὸεσται
1459 562 1518 596 νῦν
1536 562 1558 596 ’ν
1552 574 1622 610 μιν
1641 574 1701 597 και
1717 558 1836 613 ὥσπερ
1853 558 2126 611 ἀνεπνεύσαμεν,
2147 553 2195 604 εἶς
2209 559 2248 599 δὲ

1205 616 1307 667 μόνος
1321 617 1548 655 υπολείπεται
1579 617 1726 670 σπινθήρ
1749 619 1761 670 (
1772 618 1862 671 φημὶ
1879 618 1914 656 δὲ
1936 621 2110 672 σπινθῆρα
2127 620 2248 658 κακῶν

1206 675 1270 722 τὴν
1310 675 1498 724 Σουανίαν,
1527 678 1736 715 ἀπειλοῦσαν
1774 677 1858 727 ἡμῖν
1898 677 2065 729 μεγίστην
2108 676 2250 716 ἔσεσθαι

1205 735 1409 786 δυσμενείας
1438 734 1676 788 ἕμπύρωσιν),
1707 739 1806 787 γενοῦ
1834 735 1983 787 κώλυμα
2014 739 2082 775 τῶν
2113 737 2247 784 δεινῶν,

1205 793 1265 832 καὶ
1284 793 1580 847 προκατάπαυσον
1603 795 1687 845 ἡμῖν
1704 793 1827 832 ἐλπίδα
1857 797 1927 833 τῶν
1955 797 2088 835 κακῶν.
2112 794 2175 835 Ἐν
2194 794 2250 834 σοὶ

1207 851 1276 905 γὰρ
1294 854 1363 890 τῶν
1381 852 1575 904 ἀμηχάνων
1596 851 1636 890 τὸ
1655 851 1783 905 ἄπορον
1808 853 2018 903 ἀνεθέμεθα,
2037 868 2250 906 μηχανησα-

1207 910 1302 963 μένῳ
1318 909 1361 948 τὰ
1378 909 1509 950 δέοντα.
1525 910 1600 949 Μία
1617 910 1683 963 γάρ
1697 911 1748 954 τίς
1762 912 1836 949 ἐστι
1850 912 2048 959 τελεωτάτη
2064 916 2123 950 τοῦ
2141 910 2248 951 πολέ-

1207 984 1272 1019 μου
1291 967 1503 1016 κατάλυσις,
1524 969 1565 1006 τὸ
1595 971 1827 1021 προστεθῆναι
1855 969 1916 1007 καὶ
1941 970 2114 1009 Σουανίαν
2144 973 2247 1021 ἡμῖν,

1207 1026 1304 1079 εἴπερ
1324 1029 1480 1074 Λαζικῆς
1499 1028 1612 1079 κύριοι
1630 1027 1910 1078 καθεστήκαμεν.
1929 1027 1974 1067 ‘0
1990 1027 2058 1081 γὰρ
2077 1029 2251 1072 δεσπόσεις

1207 1089 1266 1123 τοῦ
1286 1088 1497 1136 ἡγεμονικοῦ
1513 1087 1588 1129 πῶς
1603 1085 1668 1137 οὐχ
1686 1083 1753 1129 ἕξει
1772 1084 1812 1123 τὸ
1831 1084 2067 1134 amaraque„
2088 1085 2166 1124 οὗτε
2181 1086 2251 1139 γὰρ

1206 1143 1316 1189 Λαζοὶ
1327 1144 1404 1182 οὔτε
1419 1143 1489 1194 μὴν
1506 1143 1603 1182 αὐτοὶ
1617 1143 1766 1183 Σουάνοι
1781 1143 1865 1196 πρὸς
1876 1144 2138 1197 ἀμφισὸήτησιν
2150 1144 2250 1192 ἴοιεν,

1207 1205 1253 1245 ὡς
1278 1203 1344 1255 οὐχ
1373 1202 1524 1249 ὑπήκοος
1544 1205 1566 1249 ἡ
1593 1202 1748 1242 Σουανία
1769 1204 1895 1247 Λαζῶν
1924 1201 2088 1242 ἀνέκαθεν
2113 1197 2172 1254 ἦν,
2192 1202 2254 1242 καὶ

1207 1259 1260 1298 ὅτι
1287 1261 1394 1314 ψήφῳ
1421 1263 1482 1298 τοῦ
1502 1262 1627 1305 Λαζῶν
1650 1260 1819 1312 βασιλέως
1838 1263 1857 1299 ὁ
1886 1261 2059 1306 Σουανίας
2077 1261 2189 1314 ἄρξων
2212 1260 2255 1300 τὸ

1207 1323 1307 1370 κῦρος
1337 1318 1491 1371 ἐδέχετο.
1518 1335 1536 1354 n
1554 1319 1666 1358 Ταῦτ’
1689 1318 1796 1358 εἰπὼν
1823 1320 1957 1372 Πέτρος
1984 1322 2019 1359 ἓν
2045 1322 2253 1373 γράμμασιν

1210 1377 1387 1415 ἐπεδείκνυ
1415 1377 1556 1429 Χοσρό·ζΙ
1586 1377 1816 1430 παλαιτέρους
1844 1381 1971 1424 Λαζων
1997 1381 2168 1432 βασιλεῖς,
2193 1379 2256 1419 καὶ

1209 1435 1275 1474 ἄλλ
1279 1451 1334 1480 ους
1352 1436 1419 1474 ὑπὸ
1435 1435 1552 1474 ἄλλων
1570 1436 1918 1489 χειροτονηθένταςῗ
1888 1437 2054 1477 ..ουοίνων
2072 1437 2252 1498 βασιλέας.

1209 1488 1298 1533 Εἶτα
1315 1494 1374 1532 καὶ
1394 1498 1515 1538 αυθιςε
1502 1493 1576 1539 ἔλεξ
1582 1510 1609 1532 ε·
1627 1514 1642 1530 ιι
1661 1495 1771 1533 Τοῦ
1753 1495 1887 1533 οικαίου
1903 1496 2014 1534 τοίνυν
2034 1499 2170 1548 ἡμιν,’
2147 1513 2177 1534 ω
2195 1498 2256 1548 βα·

1210 1555 1324 1601 σιλεῦ,
1341 1552 1402 1591 και
1431 1553 1603 1593 Σουανίαν
1624 1553 1861 1606 παρέχοντος,
1881 1554 1959 1606 οὐχι
1979 1553 2022 1592 συ
2037 1553 2255 1607 προτερήσας

1210 1613 1244 1649 ἐν
1266 1610 1379 1663 κέρδει
1398 1610 1542 1662 σχήσεις
1571 1610 1770 1663 ἀμφότερα,
1794 1612 1855 1650 καὶ
1874 1612 1913 1649 τὸ
1939 1611 2034 1656 δόξαι
2054 1611 2104 1663 μὴ
2125 1612 2256 1650 ἀδικεῖν

1209 1669 1268 1708 καὶ
1289 1669 1328 1707 τὸ
1347 1670 1457 1708 δοκεῖν
1474 1670 1658 1722 δωρεῖσθαι
1680 1670 1719 1708 τὸ
1740 1673 1915 1722 προσῆκον
1936 1676 2062 1718 πᾶσιν;
2079 1669 2168 1709 οὕτω
2188 1669 2256 1723 γὰρ

1212 1729 1254 1766 ἂν
1275 1729 1336 1767 καὶ
1358 1731 1376 1766 ὁ
1393 1729 1469 1766 καθ’
1489 1731 1586 1778 ἡμᾶς
1609 1728 1771 1780 βασιλεὺς
1796 1729 1889 1780 [οὐκ]
1913 1728 2018 1768 οἴοιτο
2035 1730 2254 1779 ἀδικεῖσθαι,

1211 1787 1281 1837 εἴγε
1299 1787 1339 1825 τὸ
1355 1789 1479 1826 οἰκεῖον
1496 1786 1615 1840 ὥσπερ
1635 1788 1745 1839 δῶρον
1764 1787 1915 1840 λήψεται
1941 1790 2027 1840 παρ’
2048 1790 2160 1839 ὑμῶν,
2179 1788 2256 1827 ἐπεὶ

1211 1847 1270 1885 καὶ
1286 1846 1441 1893 Λαζικὴν
1459 1846 1568 1885 οἴεται
1588 1848 1650 1885 οὐκ
1665 1846 1779 1890 ἄλλως
1797 1846 1905 1898 ἔχειν.
1925 1846 2255 1897 Διαὸεὸαιουμένων

1211 1904 1278 1958 γὰρ
1297 1908 1399 1956 ἡμῶν
1427 1905 1489 1943 καὶ
1518 1905 1756 1958 ἐναργέστατα
1779 1905 1982 1944 δεικνύντων
2002 1908 2047 1950 ὥς
2067 1905 2256 1956 Ῥωμαίων

1211 1966 1251 2002 ἐκ
1269 1962 1432 2002 πλείστου
1447 1964 1572 2016 χρόνου
1593 1966 1731 2015 κτῆμα,
1750 1966 1915 2008 ἀντεῖπας
1931 1963 2032 2007 αὐτὸς
2052 1966 2101 2017 τῷ
2115 1967 2175 2002 τοῦ
2193 1979 2259 2002 πο-

1211 2070 1311 2111 magis
1323 2071 1349 2103 is
1355 2070 1472 2105 sutur1s
1483 2070 1683 2112 providebit,
1698 2070 1777 2112 quia·
1785 2071 1818 2103 et
1828 2070 2031 2103 diuturniora
2043 2072 2140 2103 sunt?
2153 2071 2259 2112 Magni

1211 2124 1292 2164 regis
1307 2124 1356 2156 est
1371 2132 1463 2165 posse
1485 2123 1616 2165 quidem
1642 2124 1716 2165 plus
1738 2123 1874 2164 habere,
1892 2123 1948 2156 sed
1977 2124 2075 2157 nolte.
2099 2122 2262 2165 Quicquid

1211 2177 1297 2209 enim
1315 2178 1465 2218 potentiae
1480 2179 1629 2219 superat,
1645 2177 1817 2211 cohibetur
1830 2178 1863 2210 et
1876 2176 2100 2217 comprimitur
2110 2175 2262 2218 prudenti

1212 2229 1442 2263 moderatione.
1459 2231 1573 2272 Itaque
1586 2239 1687 2271 quum
1702 2231 1827 2263 fervens
1834 2230 1909 2263 belii
1924 2230 2073 2263 internos
2087 2229 2183 2262 ardor
2193 2229 2260 2270 jam

1212 2280 1406 2314 deferbuerit
1420 2282 1454 2315 et
1473 2282 1711 2323 quodammodo
1726 2282 1938 2323 respiremus,
1966 2290 2032 2314 una
2056 2281 2193 2315 scintilla
2207 2289 2262 2314 re·

1214 2332 1288 2365 licta
1303 2334 1351 2366 est
1366 2346 1374 2366 :
1389 2334 1542 2367 suaniam
1558 2333 1632 2366 dico
1648 2334 1822 2366 scintillam
1838 2334 2018 2374 malorum,
2030 2341 2106 2374 qum
2118 2333 2263 2365 minatur

1213 2385 1305 2418 nobis
1334 2386 1515 2418 maximum
1539 2386 1782 2419 inimicitiarum
1808 2385 2005 2418 incendium.
2026 2385 2077 2418 Sis
2090 2385 2189 2426 igitur.
2201 2384 2256 2418 ob·

1213 2438 1335 2470 stacuio
1348 2439 1381 2470 et
1398 2437 1831 2479 impedimentogravissimis
1845 2437 1902 2479 qui
1919 2437 2105 2478 impendent
2117 2437 2262 2478 casibus,

1213 2490 1247 2521 et
1265 2489 1424 2530 restingue
1450 2489 1611 2522 malorum
1630 2489 1870 2522 imminentium
1895 2489 2180 2530 exspectationem.
2197 2491 2264 2523 Nos

1214 2541 1299 2573 enim
1314 2541 1413 2574 dubia
1430 2542 1463 2575 et
1475 2542 1699 2582 controversa,
1721 2550 1795 2582 quae
1820 2549 1929 2574 secare
1944 2549 2010 2573 non
2025 2541 2208 2582 potuimus,
2222 2540 2264 2573 ad

1213 2593 1246 2624 te
1262 2592 1447 2633 rejecimus,
1471 2594 1508 2625 ut
1521 2601 1594 2634 quae
1606 2592 1816 2625 convenirent
1830 2593 1998 2624 statueres.
2012 2591 2114 2624 Unica
2130 2592 2217 2625 enim
2229 2593 2264 2626 et

1214 2644 1281 2676 sola
1292 2644 1365 2676 beiti
1378 2653 1508 2685 prorsus
1516 2643 1646 2676 finiendi
1657 2643 1738 2676 ratio
1745 2644 1793 2676 est
1802 2667 1811 2683 ‚
1821 2643 1848 2676 si
1861 2642 1992 2684 quidem
2005 2642 2127 2676 domini
2139 2643 2264 2677 Lazicae

1213 2703 1342 2734 sumus,
1353 2697 1391 2728 ut
1414 2696 1566 2728 suaniam
1582 2703 1711 2736 quoque
1736 2694 1828 2726 nobis
1845 2694 2005 2727 restituas.
2023 2695 2086 2733 Qui
2102 2694 2188 2727 enim
2201 2694 2263 2727 do-

1215 2747 1349 2778 minium
1365 2747 1542 2787 assequitur
1555 2746 1624 2787 eJus
1645 2745 1732 2787 quod
1753 2746 1908 2787 imperat,
1932 2746 1989 2787 qut
2015 2745 2084 2778 fieri
2107 2747 2213 2787 potest
2227 2747 2266 2780 ut

1215 2806 1279 2830 non
1294 2797 1443 2830 dominus
1453 2798 1494 2830 sit
1508 2800 1576 2838 ejus
1588 2806 1718 2839 quoque
1730 2797 1816 2838 quod
1829 2796 1921 2830 alteri
1937 2797 2029 2838 paret
2038 2798 2053 2830 ?
2061 2797 2159 2840 Atqui
2169 2799 2245 2832 [αἱ
2253 2822 2266 2839 ,

1215 2849 1271 2882 sed
1286 2858 1326 2882 ne
1338 2850 1397 2890 ipsi
1409 2849 1539 2890 quidem
1553 2849 1651 2882 Suani
1660 2872 1670 2888 ,
1685 2847 1817 2880 minime
1833 2848 1866 2880 in
1876 2848 2013 2881 dubium
2025 2849 2265 2890 revocaverint,

1216 2903 1368 2935 Suaniam
1386 2902 1463 2934 olim
1487 2901 1665 2941 subjectam
1691 2900 1788 2933 fuisse
1800 2900 1923 2934 Lazicoe
1933 2924 1943 2942 ,
1968 2902 2002 2933 et
2027 2901 2092 2942 regi
2106 2903 2265 2935 Lazorum

1213 2956 1266 2996 jus
1282 2955 1376 2988 fuisse
1387 2954 1520 2987 arbitrio
1546 2963 1617 2993 suo,
1631 2953 1688 2994 qui
1701 2953 1851 2986 suaniam
1874 2956 2014 2993 regeret,
2025 2954 2264 2988 constituere.»

1219 3009 1300 3046 Qum
1308 3014 1408 3047 quum
1417 3005 1535 3038 diceret
1544 3006 1670 3044 Petrus,
1682 3014 1723 3037 ex
1732 3004 1850 3037 tabulis
1857 3004 2031 3038 Chosroem
2038 3005 2196 3039 docuitde
2204 3007 2264 3040 La·

1220 3066 1329 3090 zorum
1337 3057 1463 3098 regibus
1475 3055 1719 3097 antiquioribus,
1727 3063 1746 3087 a
1755 3053 1872 3095 quibus
1882 3061 1970 3094 reges
1984 3057 2165 3088 Suanorum
2184 3056 2263 3089 sub-

1219 3109 1293 3142 inde
1305 3110 1410 3143 essent
1425 3109 1521 3141 creati
1530 3119 1540 3148 3
1554 3107 1669 3141 deinde
1681 3107 1727 3140 sic
1748 3106 1854 3139 dicere
1868 3105 1968 3148 pergit
1982 3119 1991 3138 :
2015 3119 2033 3135 «
2047 3100 2155 3145 Quum
2170 3108 2267 3149 igitur

1220 3162 1286 3202 ipsa
1308 3161 1450 3202 justitia,
1479 3169 1499 3191 o
1532 3168 1607 3200 rex,
1628 3159 1781 3193 suaniam
1806 3156 1901 3190 nobis
1915 3157 2089 3199 attribuat,
2107 3167 2214 3192 nonne
2228 3160 2264 3192 tu

1220 3213 1326 3254 magni
1345 3212 1456 3252 facies,
1477 3212 1565 3252 prius
1591 3209 1796 3244 concedendo
1822 3210 1997 3250 utrumque
2017 3210 2162 3251 assequi,
2181 3212 2219 3244 ut
2233 3212 2267 3244 et

1221 3265 1340 3297 nemini
1353 3264 1502 3305 injuriam
1519 3263 1682 3303 intulisse,
1696 3263 1730 3295 et
1744 3261 1895 3294 omnibus
1911 3270 1950 3294 ea
1963 3270 2037 3302 quae
2053 3261 2162 3302 debes,
2174 3262 2264 3304 largi·

1220 3322 1273 3350 tus
1289 3326 1358 3350 esse
1381 3317 1541 3350 videaris?
1564 3316 1617 3348 Sic
1641 3315 1727 3348 enim
1751 3324 1808 3348 rex
1826 3316 1935 3349 noster
1951 3315 2084 3348 minime
2098 3324 2134 3348 se
2149 3315 2264 3349 laesum

1220 3378 1287 3402 esse
1302 3367 1514 3408 existimabit,
1527 3367 1553 3399 si
1565 3367 1652 3408 quod
1665 3374 1760 3399 suum
1779 3367 1849 3406 est,
1863 3367 2016 3408 tanquam
2036 3366 2121 3399 dono
2133 3375 2263 3408 accepe-

1222 3421 1280 3462 rit,
1294 3428 1394 3462 quum
1410 3420 1441 3453 et
1452 3419 1597 3453 Lazicam
1611 3426 1675 3452 non
1690 3419 1751 3451 aiio
1762 3417 1859 3451 modo
1874 3426 1964 3450 suam
1974 3418 2120 3450 effectam
2131 3418 2262 3460 putarit.
