2326 3724
0 251 13 313 ,
34 263 36 266 ,

958 256 1288 298 FRAGMENTA.
2129 276 2200 308 25⁷
2251 238 2254 240 .

55 355 112 380 νον
134 340 169 386 ἐξ
186 339 374 388 ἐπιὸουλῆς
389 355 426 379 τε
455 340 514 379 καὶ
533 340 701 392 μελέτης,
721 341 813 380 ὥστε
834 343 991 395 ἐπισχεῖν
1011 350 1099 396 σφᾶς

54 399 134 439 ὅσον
154 398 196 439 ἂν
212 399 335 454 χρόνον
352 392 453 438 οἷοίτε
470 391 572 450 ὦσιν,
588 401 623 438 ἐν
638 399 749 453 τούτῳ
767 400 829 448 τὴν
849 400 941 439 κατὰ
954 401 1100 453 δύναμιν

57 458 311 509 ποιησομένους
329 461 388 496 τοῦ
418 457 576 509 πολέμου
595 458 835 512 παρασκευὴν,
854 459 898 498 τὰ
918 459 1100 504 ἐπιτήδειά

51 533 88 556 τε
99 517 385 572 συναθροίσοντας
399 517 685 569 ἀποτεθησόμενα
702 519 794 558 κατὰ
806 518 847 567 δὴ
859 518 898 558 τὸ
908 517 988 558 ὅσον
1002 519 1099 559 οὔπω

53 578 245 628 ἀναγκαῖον
266 578 299 622 ἐς
314 576 457 618 Νίσιῧίν
473 592 511 615 τε
527 576 589 616 καὶ
607 577 646 616 τὸ
663 577 781 632 Δάρας
805 577 867 623 τὰς
886 578 1023 627 πόλεις,
1048 578 1098 618 ἔτι

52 651 92 688 γε
110 636 180 688 μὴν
197 635 312 675 καὶτὰ
326 636 436 690 πέραν
452 636 515 675 τοῦ
525 636 688 690 Τίγριδος
703 641 864 686 ποταμοῦ
878 638 938 676 καὶ
952 637 996 676 τὰ
1015 639 1097 691 τῇδε

51 693 198 748 φρούρια
210 694 370 733 ἀνάπλεα
389 694 506 734 θέσθαι
519 697 588 749 τῶν
603 696 783 746 ἐδωδίμων
795 698 843 741 ὡς
860 696 998 750 ἀκρίδος
1008 697 1098 736 οὕτω

50 753 185 805 ξυμὸὰν
210 754 551 805 ’καταδηλησαμένης
582 753 662 799 τοὺς
688 755 801 808 ἐκείνῃ
833 755 1008 810 καρποὺς,
1037 756 1097 794 καὶ

48 812 126 864 ἅμα
146 812 396 867 ἐρημωθέντων
426 812 518 852 κατὰ
538 813 601 862 τὴν
630 814 878 868 ,προλαὸοῦσαν
905 815 1095 867 Ῥωμαίων

48 871 241 924 ἐπιδρομὴν
257 870 422 910 ἁπάντων
439 874 509 910 τῶν
525 871 617 911 κατὰ
629 876 742 911 ταῦτα
765 873 918 926 χωρίων,
935 874 1042 924 λιμοῦ
1059 889 1096 911 τε

49 931 284 984 σφοδροτάτου
321 935 393 974 τοῖς
427 931 542 970 ἐκεῖσε
580 930 835 984 ἐνσκήψαντος,
866 932 959 985 ,πρὸς
986 931 1023 970 δέ
1057 948 1096 985 γε

45 990 100 1042 ἐφ’
125 983 154 1043 ᾧ
177 989 238 1028 καὶ
258 991 561 1043 στρατολογῆσαι,
588 990 650 1029 ἅτε
680 991 972 1041 πολεμησείοντος
998 992 1031 1035 ἐς
1056 991 1095 1030 τὸ

45 1048 207 1101 ἐμὸριθὲς
223 1053 285 1088 τοῦ
306 1049 478 1102 βασιλέως
497 1051 661 1102 Περσῶν.
681 1049 783 1089 Ἐπεὶ
804 1050 840 1089 δὲ
854 1054 966 1089 ταῦτα
980 1051 1095 1095 αὐτοῖς

45 1107 295 1157 ἐὸεὸούλευτο,
324 1108 425 1160 μόλις
445 1107 535 1159 μετὰ
554 1108 717 1153 πλείστας
735 1108 818 1154 ὅσας
840 1108 973 1162 ἡμέρας
993 1108 1095 1156 ἐδόθη

45 1171 116 1211 τοῖς
130 1166 318 1221 πρέσὸεσιν
336 1169 370 1212 ἐς
388 1167 432 1206 τὰ
453 1167 614 1219 βασίλεια
629 1169 846 1222 ἐσφοιτῆσαι.
883 1167 953 1208 Καὶ
972 1167 1016 1206 τὰ
1032 1167 1094 1218 μὲν

45 1227 188 1279 πρῶτα,
208 1225 300 1265 καθὰ
312 1229 355 1279 τῇ
376 1226 540 1279 συνηθείᾳ
559 1225 691 1276 ἐδόκει,
708 1226 951 1277 θοινησάμενοι
974 1226 1035 1264 καὶ
1054 1226 1094 1265 τὸ

45 1286 86 1324 ἐκ
104 1284 276 1338 βασιλέως
294 1285 446 1338 γράμμα
473 1284 732 1338 ἐγχειρίσαντες
744 1315 754 1334 ,
775 1285 861 1339 πρός
880 1301 919 1337 γε
936 1285 997 1324 καὶ
1018 1285 1096 1330 τοὺς

46 1344 278 1398 δοριαλώτους
297 1344 577 1395 ἀποδεδωκότες,
595 1343 727 1383 ἐνθένδε
739 1343 982 1398 ἀνεχώρησαν,
999 1345 1094 1398 φιλο·

45 1403 220 1456 φροσύνης
252 1402 361 1454 μηδὲν
396 1406 508 1442 ὁτιοῦν
546 1402 738 1455 εὑρηκότες.
780 1405 836 1456 Τῇ
867 1402 903 1441 δὲ
925 1403 1093 1456 ὑστεραίᾳ

42 1461 169 1515 ὃπαρὰ
187 1461 342 1516 Πέρσαις
360 1465 423 1510 τῆς
440 1463 548 1508 αὐλῆς
568 1461 710 1513 ἡγεμὼν
725 1461 785 1500 καὶ
798 1461 973 1510 Μεὸώδης
987 1463 1092 1501 ἐπυν-

42 1521 211 1568 θανέσθην
226 1520 290 1568 τὴν
311 1520 457 1572 δύναμιν
476 1523 539 1567 τῆς
558 1519 762 1573 πρεσὸείαςζ
788 1523 874 1560 Τῶν
903 1520 939 1560 δὲ
967 1521 1091 1560 εἶπόν-

45 1596 128 1629 των,
149 1578 201 1619 ὅτι
221 1579 262 1628 δὴ
282 1579 364 1632 περὶ
388 1578 526 1633 εἰρήνης
541 1578 658 1627 ἥκοιεν
678 1579 998 1632 πρεσὸευσόμενοι,
1030 1581 1095 1618 αὖ·

41 1639 123 1678 τίκα
142 1638 215 1692 οἵγε
236 1640 275 1678 οὗ
295 1638 337 1687 δὴ
358 1640 540 1692 προσίεντο
559 1637 637 1682 τοὺς
655 1638 734 1691 περὶ
754 1638 883 1677 τούτων
907 1639 1021 1677 αὐτῶν
1041 1638 1095 1677 λό-

42 1714 141 1751 γους,
173 1697 361 1751 φάσκοντες
382 1700 445 1737 οὒκ
471 1696 719 1751 ἐπιτετράφθαι
740 1713 774 1736 τι
802 1700 974 1748 τοιοῦτον,
1002 1696 1094 1736 ἀλλὰ

43 1756 222 1802 συλλαὸὰς
236 1756 429 1800 ἀποδόντας
449 1756 647 1795 ἀντιλαὸεῗν
665 1771 690 1808 χ
693 1759 794 1809 ρῆναι
805 1787 816 1808 ,
830 1755 891 1795 καὶ
911 1759 956 1801 ὡς
967 1757 1092 1795 θᾶττόν

41 1831 81 1868 γε
101 1815 212 1863 δήπου
232 1819 296 1864 τῆς
313 1817 461 1869 Περσῶν
481 1816 746 1867 ἀπαλλαγῆναι.
771 1815 834 1855 Ἐν
852 1818 991 1868 φανερῷ
1017 1814 1092 1854 τοί-

41 1891 100 1913 νυν
118 1874 370 1926 ποιησαμένων
391 1873 455 1921 τῆν
476 1874 629 1927 ἐφιεῒσαν
651 1874 767 1918 αὐτοῖς
793 1877 895 1913 τοῦτο
915 1873 1088 1922 κέλευσιν,

39 1933 196 1985 ἔγνωσαν
212 1935 247 1972 ἐν
268 1936 415 1986 βραχεῖ,
436 1933 457 1971 ὅ
471 1949 502 1971 τι
522 1932 666 1972 δύναται
684 1935 706 1980 ἠ
727 1931 896 1980 ἐπιστολὴ
910 1936 972 1971 τοῦ
996 1932 1093 1972 Ῥω-

40 1992 155 2043 μαίων
187 1993 461 2046 αὐτοκράτορος,
491 1991 552 2030 καὶ
581 1991 644 2039 τὴν
675 1991 787 2046 ἄφιξιν
812 1995 874 2040 τῆς
902 1990 1091 2044 πρεσὸείας

41 2051 197 2100 ἅπασαν,
215 2053 262 2096 ὡς
277 2052 413 2102 ἕτοιμος
431 2051 484 2098 εἴη
502 2051 781 2090 κατασὸεννύναι
794 2050 837 2089 τὰ
852 2052 891 2089 ἐκ
909 2054 969 2089 τοῦ
989 2049 1089 2088 πολέ-

39 2164 175 2204 varitiae,
191 2173 266 2205 quae
288 2164 400 2205 legatis
420 2163 568 2205 debetur,
593 2164 720 2196 viarum
736 2163 900 2196 erroribus
925 2163 1090 2204 fatigabat.

43 2220 84 2251 Et
107 2218 138 2250 id
152 2217 284 2259 quidem
304 2220 410 2250 Persae
436 2217 511 2250 data
539 2227 636 2259 opera
665 2219 698 2250 et
717 2217 940 2258 praemeditato
959 2216 1092 2248 consilio

40 2269 217 2310 faciebant,
235 2278 300 2310 quo
313 2269 433 2309 legatos
449 2271 652 2302 morarentur
672 2272 703 2301 et
725 2277 823 2310 quam
839 2268 1017 2301 diutissime
1033 2268 1090 2300 de-

38 2322 195 2362 tinerent,
210 2322 246 2354 ut
264 2322 445 2353 maximum
471 2322 592 2354 interea
614 2321 688 2353 belli
711 2323 902 2362 apparatum
930 2321 1090 2360 facerent,

39 2375 72 2406 et
81 2373 188 2414 copias
208 2373 362 2405 frumenti
379 2373 419 2405 ad
436 2374 586 2415 quamvis
598 2373 795 2405 necessitatis
808 2373 1010 2405 occasionem
1034 2381 1091 2413 pa-

39 2425 124 2456 ratas
138 2424 170 2456 in
188 2424 321 2457 urbibus
339 2424 440 2457 Nisibi
462 2425 495 2456 et
519 2427 621 2456 Daras
638 2426 865 2465 congererent,
882 2425 981 2465 atque
994 2424 1091 2457 etiam

39 2475 123 2508 ultra
137 2476 257 2517 Tigrim
282 2485 411 2508 amnem
433 2476 563 2508 castella
579 2475 765 2508 necessariis
787 2476 887 2517 copiis
902 2476 1090 2517 implerent3

39 2528 116 2569 quia
132 2529 264 2562 locustae
280 2528 388 2562 inillis
404 2529 588 2570 regionibus
602 2537 714 2560 omnes
729 2537 878 2569 agrorum
894 2529 998 2570 fruges
1011 2537 1091 2561 con-

39 2582 260 2622 sumpserant,
273 2582 305 2613 et
318 2581 472 2622 proximis
486 2583 704 2613 Romanorum
715 2580 949 2613 incursionibus
964 2581 1031 2622 agri
1043 2581 1092 2613 de·

39 2632 130 2665 solati
155 2635 407 2674 permanserant.
441 2635 554 2673 ltaque
577 2633 782 2665 acerbissima
806 2633 906 2666 sames
931 2633 1090 2675 instabat,

40 2684 216 2725 praesertim
233 2694 336 2726 quum
354 2694 407 2717 rex
424 2686 594 2717 Persarum
608 2685 646 2717 ad
662 2694 760 2725 grave
779 2685 902 2717 bellum
916 2685 1091 2727 suscipien-

40 2734 117 2768 dum
134 2736 294 2769 exercitus
307 2738 443 2778 pararet.
459 2738 566 2774 Quum
583 2739 685 2769 Persae
703 2737 764 2768 hoc
777 2737 899 2769 consilii
912 2737 1090 2778 cepissent,

15 2789 19 2792 ”
40 2787 96 2819 vix
108 2789 178 2828 post
189 2788 306 2820 multos
318 2787 386 2820 dies
400 2788 589 2829 permissum
600 2790 648 2821 est
661 2788 771 2829 legatis
780 2789 831 2828 ,in
844 2789 962 2830 regiam
977 2790 1090 2830 pedem

41 2837 168 2871 inferre.
183 2841 223 2871 Et
247 2840 388 2880 primum
410 2840 559 2880 quidem,
575 2842 612 2872 ut
632 2841 730 2873 moris
754 2843 820 2881 est,
848 2844 924 2873 sunt
943 2842 1091 2874 convivio

41 2891 183 2931 excepti3
200 2900 266 2932 quo
291 2891 392 2930 sacto,
410 2894 578 2932 postquam
596 2892 702 2924 literas
724 2892 766 2924 ab
781 2893 974 2934 imperatore
991 2893 1090 2925 tradi-

41 2941 161 2975 dissent
177 2945 210 2975 et
231 2943 375 2984 captivos
397 2943 624 2983 reddidissent,
640 2953 740 2985 quum
755 2953 810 2977 eos
829 2947 934 2977 Persae
947 2945 1037 2977 nullo
1051 2945 1089 2977 li-

41 2992 138 3026 berali
168 2997 200 3027 et
229 2995 366 3036 benigno
391 3003 538 3027 sermone
571 2995 692 3037 dignati
719 2998 840 3035 essent,
864 2996 1088 3029 discesserunt.

42 3045 194 3079 Postridie
209 3046 291 3079 aulae
306 3046 391 3088 apud
404 3049 513 3080 Persas
526 3048 696 3088 praefectus
711 3050 744 3080 et
756 3047 907 3080 Mebodes
922 3057 977 3081 eos
989 3048 1089 3081 inter-

41 3099 252 3139 rogaverunt,
266 3107 340 3139 quae
357 3101 439 3132 esset
455 3099 597 3140 ipsorum
614 3099 782 3140 legationis
806 3101 956 3141 potestas.
977 3103 1088 3139 Quum

41 3147 134 3190 legati
147 3150 398 3191 respondissent,
418 3159 464 3191 se,
477 3152 513 3183 ut
528 3151 568 3183 de
582 3159 660 3191 pace
670 3154 819 3192 agerent,
834 3152 970 3193 venisse,
982 3153 1090 3185 nullos

41 3198 82 3233 de
97 3209 134 3233 ea
146 3210 180 3234 re
195 3210 358 3234 sermones
381 3204 485 3235 Persae
509 3203 729 3243 admiserunt,
749 3204 828 3235 nihil
848 3204 1006 3244 ejusmodi
1028 3205 1088 3237 sibi

42 3251 269 3286 demandatum
282 3263 368 3294 esse,
382 3253 535 3287 dicentes.
551 3257 665 3296 ltaque
679 3257 786 3289 literas
810 3266 865 3289 eos
882 3258 1023 3298 proferre
1033 3281 1042 3297 ‚
1057 3261 1088 3289 et

42 3304 179 3338 vicissim
192 3307 353 3347 accipere,
367 3308 400 3338 et
415 3315 513 3348 quam
528 3307 667 3348 primuni
681 3316 700 3339 a
714 3310 884 3340 Persarum
897 3308 1013 3341 finibus
1028 3318 1087 3341 ex-

42 3356 154 3390 cedere
162 3357 336 3398 jusserunt.
353 3359 394 3391 Et
404 3367 505 3400 quum
517 3359 609 3400 legati
623 3360 775 3393 mandata
787 3370 844 3393 sua
854 3357 1086 3401 exhibuissent,

44 3409 146 3441 Persae
157 3410 284 3449 omnia,
312 3419 453 3450 quorum
472 3419 569 3443 causa
583 3412 697 3452 legatio
708 3411 836 3445 decreta
852 3415 951 3453 esset,
966 3422 1086 3454 cogno·

46 3462 159 3494 verunt
174 3475 180 3494 z
196 3463 232 3493 ut
242 3462 415 3502 imperator
429 3466 556 3503 paratus
570 3465 672 3502 esset,
687 3464 771 3495 mala
786 3473 826 3496 ex
842 3464 924 3497 bello
944 3467 1012 3497 orta
1033 3474 1085 3497 so-
1115 3479 1119 3492 ·

182 3525 370 3549 FRAGMENTA
392 3527 516 3550 ulsTOR.
541 3528 593 3550 GR.
616 3537 649 3542 -·
669 3529 740 3552 VOL.
764 3529 806 3552 tv.

1164 360 1230 395 μου
1249 346 1414 398 χαλεπὰ,
1435 348 1494 386 καὶ
1520 349 1583 395 τὴν
1613 349 1857 402 περιμάχητον
1891 353 2005 397 αὐτοῖς
2023 355 2206 406 Ἀρμενίαν

1163 402 1305 442 ἅπασαν
1323 406 1485 458 ἀμαχητὶ
1505 408 1680 458 ἐνδοῦναι,
1704 412 1966 462 παραχωρῆσαι
1981 410 2017 449 δέ
2038 427 2134 463 σφισι
2147 414 2208 452 καὶ

1162 460 1390 515 Ἀρζανηνῆς,
1412 466 1717 517 ἀντιχαριζόμενος
1743 469 1805 506 τοῦ
1828 466 1946 519 Δάρας
1964 470 2003 506 τὸ
2029 469 2207 523 Ἀφουμῶν

1161 521 1337 573 φρούριον.
1358 522 1524 568 Ἐδέξατο
1539 523 1602 574 μὲν
1629 519 1688 563 οὖν
1710 524 1770 563 καὶ
1787 517 1884 569 αὖθις
1904 525 2026 570 αὐτοὺς
2047 529 2210 578 βασιλεὺς

1161 582 1179 618 ὁ
1207 582 1368 634 Περσῶν,
1389 582 1583 635 τραχύτητι
1611 582 1646 622 δὲ
1671 583 1852 636 χρώμενος
1871 583 1955 636 πρὸς
1980 585 2113 625 ἕκαστα
2139 590 2208 626 τῶν

1162 640 1414 693 φιλανθρώπως
1449 642 1701 695 γεγραμμένων
1735 642 1813 681 οὔτε
1844 643 2108 690 ἀποστήσεσθαι
2145 645 2209 699 ἔφη

1159 697 1302 736 πώποτε
1312 702 1373 737 τοῦ
1390 698 1528 752 Δάρας,
1546 702 1584 738 οὐ
1597 699 1731 751 μᾶλλόν
1745 699 1817 752 γεῆ
1831 704 1893 748 τῆς
1906 701 2099 749 Νισίὸιοςῆ
2115 705 2210 755 Σηγ-

1159 755 1291 808 γάρων,
1316 756 1404 809 ἅπερ
1414 757 1474 795 καὶ
1487 757 1575 796 αὐτὰ
1590 760 1629 797 ἐκ
1643 757 1835 810 Ῥωμαίων
1852 759 2102 812 ἀπισχυρίζετο
2117 761 2210 814 ἔχειν

1161 815 1306 868 Πέρσας
1317 845 1326 863 ,
1342 814 1421 854 οὔτε
1443 815 1513 867 μὴν
1532 817 1740 856 ἐλαττώσειν
1757 834 1789 856 τι
1805 820 1874 856 τῶν
1888 817 2063 872 πατρῴων
2077 822 2212 871 κτημά-

1158 889 1239 922 των,
1259 875 1338 912 ἀλλ’
1350 876 1379 913 εἰ
1396 875 1458 925 μὲν
1473 869 1583 914 οἷόντε
1604 875 1710 924 ἐστὶν,
1728 878 1761 920 ἐς
1782 876 1926 924 αὔξησιν
1942 877 2030 924 αὐτὰ
2044 880 2210 931 ἐνεγκεῖν,

1159 934 1188 971 εἷ
1208 932 1244 971 δὲ
1265 931 1327 984 μὴ,
1345 933 1437 972 ἀλλὰ
1448 932 1516 987 γὰρ
1527 935 1836 987 καταλελειμμένα
1853 935 2034 989 φυλάξειν.
2048 938 2211 991 Χοσρόην

1160 991 1223 1041 μὲν
1242 990 1310 1044 γὰρ
1333 991 1392 1030 τὸν
1426 993 1564 1045 πατέρα
1601 993 1688 1046 ἔφη,
1717 996 1781 1041 ὡς,
1802 994 1873 1046 εἴγε
1896 998 2034 1047 περιῆν,
2054 995 2139 1041 ἴσως
2172 996 2211 1034 τὸ

1158 1048 1287 1088 τοιόνδε
1302 1050 1449 1103 ἔπραξεν
1467 1050 1508 1089 ἂν
1525 1051 1585 1090 καὶ
1601 1052 1641 1091 τὸ
1660 1052 1779 1105 Δάρας
1791 1055 1905 1107 ἀφῆκε
1922 1053 2125 1105 Ῥωμαίοις.
2145 1056 2210 1109 Τῷ

1157 1107 1225 1161 γὰρ
1244 1109 1549 1163 προσκτησαμένῳ
1576 1126 1609 1148 τι
1638 1111 1698 1150 καὶ
1729 1115 1832 1151 τοῦτο
1853 1112 2116 1161 ἀποὸεὸληκότι
2145 1115 2211 1167 οὐχ

1157 1166 1267 1212 οὕτως
1287 1169 1432 1221 αἰσχρόν
1445 1185 1453 1192 ·
1483 1169 1633 1221 αἰσχύνη
1654 1169 1690 1208 δὲ
1714 1171 1841 1221 ὁμοίως
1861 1171 1994 1210 ἅπασιν
2015 1173 2210 1225 ἀνθρώποις

1157 1226 1420 1279 καταπροέσθαι
1441 1228 1485 1265 τὰ
1515 1230 1679 1282 πατρῷα.
1701 1231 1828 1269 Ταῦτα
1858 1230 2024 1283 εἰρηκὼς,
2053 1230 2109 1269 διὰ
2131 1234 2210 1271 Με·

1159 1283 1273 1323 ὅώδου
1299 1285 1405 1324 πάλιν
1433 1287 1550 1330 αὐτοῖς
1569 1287 1712 1335 ἐποίησε
1740 1289 1938 1339 κατάδηλον
1969 1292 2015 1334 ὡς
2033 1308 2048 1325 «ι
2067 1291 2126 1329 ἐπὶ
2141 1291 2209 1329 τίνι

1157 1342 1249 1395 μέγα
1269 1347 1471 1397 φρονοῦντες
1491 1344 1623 1390 ἀξιοῦσι
1640 1346 1725 1398 πρὸς
1752 1346 2146 1399 ἡμῶνάνακομίζεσθαι
2169 1350 2210 1388 τὸ

1156 1401 1293 1455 Δάρας,
1308 1403 1406 1441 ποῖον
1423 1404 1638 1451 νενικηκότες
1657 1406 1833 1457 πόλεμον,
1851 1406 1962 1451 ποίοις
1981 1409 2210 1458 ἐγκαλλωπι-

1157 1460 1292 1511 ζόμενοι
1313 1462 1513 1515 τροπαίοις;
1537 1469 1598 1502 ποῖ
1633 1465 1722 1511 δῆτα
1753 1466 2003 1518 καθυπέρτεροι
2032 1466 2211 1518 γενόμενοι

1159 1521 1306 1572 Περσῶν
1314 1535 1324 1568 ;
1346 1521 1425 1559 ἀλλ’
1446 1519 1498 1559 ὅτι
1518 1522 1681 1575 ἀπειρίας
1706 1523 1916 1576 δραξάμενοι
1935 1529 1995 1563 τοῦ
2011 1527 2044 1564 Τ
2048 1526 2211 1579 αχοσδρὼ

1158 1580 1336 1631 (Τανχ.),
1356 1579 1415 1618 καὶ
1443 1581 1716 1633 περιαγαγόντες
1737 1582 1841 1621 αὐτὸν
1863 1585 1898 1627 ἐς
1929 1583 2055 1622 ἄλλοτε
2085 1585 2211 1630 ἄλλους

1155 1636 1313 1691 χώρους,
1335 1639 1457 1686 ἐπειδὴ
1476 1640 1794 1692 περιπλανωμένου
1823 1640 1858 1686 ἐξ
1883 1642 2065 1694 Ἀρμενίας
2081 1643 2210 1682 ἐκείνου

1156 1699 1204 1741 εἷς
1220 1697 1253 1736 Ἀ
1261 1697 1432 1750 ρζανηνὴν
1443 1698 1504 1737 καὶ
1521 1699 1593 1737 ἀπὸ
1610 1699 1821 1752 Ἀρζανηνῆς
1837 1703 1871 1745 ἐς
1889 1701 1924 1740 'A
1932 1701 2077 1755 ρμενίαν
2090 1702 2210 1741 ἄδειαν

1156 1754 1261 1807 ἔσχον
1278 1758 1309 1795 οἳ
1320 1755 1494 1807 Ῥωμαῖοι
1510 1758 1750 1811 καταδραμεῖν
1769 1751 1831 1806 τὴν
1844 1757 1891 1797 ἔω
1904 1761 2071 1813 Περσῶν·
2091 1762 2140 1814 τῷ
2157 1776 2210 1800 τοι

1156 1813 1226 1866 ἄρα
1249 1815 1470 1867 βρενθύονται
1486 1815 1571 1859 ἴσως
1586 1816 1647 1854 καὶ
1672 1818 1969 1869 μεγαλαυχοῦσιν,
1998 1820 2210 1857 ὑποτοποῦν-

1156 1888 1211 1916 τες
1231 1874 1265 1910 ἐν
1283 1873 1441 1917 ἐλάττονι
1462 1874 1569 1927 μοίρᾳ
1593 1873 1637 1913 τὰ
1669 1875 1826 1927 ἡμέτερα
1852 1879 2003 1916 κεῖσθαι.
2026 1875 2205 1916 Ἴστωσαν

1155 1927 1227 1981 οὖν,
1244 1932 1309 1985 ἔφη
1322 1962 1333 1982 ,
1366 1932 1567 1984 Ῥωμαῖοι,
1590 1935 1636 1977 ὡς
1659 1933 1736 1972 οὐδὲ
1757 1935 1870 1978 ἄλλως
1892 1935 2059 1986 ἀνέξομαι
2077 1939 2140 1984 τῆς
2157 1939 2207 1976 εἰ·

1158 1990 1260 2044 ρήνης
1271 2021 1282 2042 ,
1299 1992 1328 2029 εἰ
1347 1991 1396 2041 μή
1412 2007 1469 2029 πω
1482 1991 1705 2030 κατατιθέναι
1727 1993 1886 2043 μέλλοιεν
1903 1994 1964 2032 καὶ
1978 1995 2020 2032 τὰ
2037 1993 2103 2033 ὅσα
2124 1996 2210 2048 πρὸς

1158 2048 1329 2101 βασιλέως
1341 2050 1584 2089 Ἰουστινιανοῦ
1597 2051 1831 2102 ἐκομιζόμεθα
1847 2052 2018 2106 χρήματα
2031 2053 2178 2098 ἀν’ἔτος.
2192 2073 2208 2089 ι»

1151 2162 1220 2203 pire
1241 2164 1274 2194 et
1299 2163 1505 2203 Armeniam,
1528 2163 1569 2196 de
1601 2172 1666 2205 qua
1693 2166 1742 2197 tot
1761 2165 1937 2197 certamina
1962 2167 2112 2206 fuissent,
2140 2168 2209 2201 sine

1152 2215 1264 2256 proelio
1278 2215 1483 2256 eorumjuris
1499 2217 1531 2248 et
1548 2216 1716 2256 potestatis
1742 2217 1863 2258 facere3
1891 2217 1968 2259 quin
1988 2220 2021 2251 et
2043 2222 2209 2253 Arzanene

1150 2267 1280 2306 cedere,
1295 2269 1327 2299 et
1346 2277 1404 2308 pro
1418 2270 1517 2300 Daras
1533 2268 1650 2309 oppido
1672 2269 1862 2301 At'umorum
1876 2271 2041 2303 castellum
2067 2272 2130 2304 illis
2145 2273 2208 2304 tra-

1150 2319 1236 2351 dere.
1261 2321 1374 2351 Denuo
1394 2322 1562 2351 Persarum
1584 2329 1642 2352 rex
1664 2320 1783 2360 legatos
1802 2321 1946 2362 excepit,
1964 2323 1997 2354 et
2018 2322 2058 2354 ad
2075 2332 2112 2355 ea
2134 2333 2208 2364 quae

1155 2372 1331 2411 imperator
1341 2371 1382 2403 ad
1396 2371 1487 2403 illum
1499 2371 1700 2412 perhumane
1709 2372 1890 2413 scripserat,
1905 2374 2020 2406 acerbe
2032 2374 2208 2407 admodum

1151 2425 1185 2455 et
1199 2424 1386 2463 arroganter
1405 2423 1569 2464 respondit
1579 2448 1587 2464 ,
1605 2433 1639 2456 se
1650 2433 1817 2465 nunquam
1831 2425 1911 2457 urbe
1924 2428 2026 2459 Daras
2041 2435 2208 2460 cessurum

1151 2484 1216 2507 non
1233 2475 1347 2516 magis,
1360 2484 1459 2516 quam
1473 2476 1571 2508 Nisibi
1581 2477 1639 2508 aut
1649 2476 1799 2517 Singaris,
1816 2486 1896 2518 quas
1909 2478 2006 2510 urbes
2021 2487 2039 2510 a
2055 2479 2208 2511 Romanis

1150 2527 1286 2568 pervim
1303 2529 1413 2568 captas
1426 2527 1582 2559 haberent
1605 2530 1723 2567 Persae,
1749 2537 1854 2569 neque
1876 2529 2051 2570 quicquam
2074 2539 2111 2563 ex
2136 2540 2208 2571 pos-

1150 2578 1361 2618 sessionibus,
1376 2588 1456 2620 quas
1470 2579 1515 2611 illi
1531 2582 1622 2620 pater
1638 2580 1817 2620 reliquerit,
1828 2589 1863 2612 se
1876 2580 2114 2613 diminuturum
2126 2606 2135 2622 ‚
2150 2581 2206 2614 sed

1151 2630 1274 2671 potius,
1291 2631 1316 2662 si
1331 2640 1394 2662 non
1405 2632 1566 2663 auctiores
1584 2632 1679 2663 faciat
1689 2655 1698 2670 ,
1713 2631 1828 2664 saltem
1841 2634 2002 2672 quantum
2014 2633 2045 2664 in
2059 2642 2093 2665 se
2111 2637 2204 2674 esset,

1151 2681 1274 2714 intacta
1287 2684 1565 2714 conservaturum.
1592 2696 1607 2711 «
1624 2685 1718 2715 Pater
1734 2684 1909 2723 Chosroes,
1926 2684 2049 2724 inquit,
2067 2685 2091 2716 si
2107 2685 2206 2717 vixis-

1151 2736 1215 2773 set,
1235 2735 1367 2766 tortasse
1380 2744 1418 2766 eo
1432 2734 1647 2767 descendisset
1659 2759 1667 2774 ,
1678 2739 1710 2766 et
1724 2737 1823 2767 Daras
1837 2735 1988 2767 Romanis
2002 2736 2203 2769 restituisset.

1153 2787 1187 2819 Ei
1202 2787 1310 2827 enim,
1336 2787 1392 2828 qui
1418 2786 1484 2828 ipse
1510 2788 1635 2828 imperii
1666 2788 1742 2820 lines
1762 2788 1944 2828 protendit,
1973 2791 2063 2828 parta
2094 2799 2205 2822 rursus

1150 2840 1317 2879 annitere,
1346 2843 1494 2872 nontam
1521 2843 1615 2881 turpe
1636 2843 1695 2873 est.
1714 2841 1831 2872 Pudori
1849 2842 1957 2872 autem
1977 2843 2026 2874 est
2051 2843 2203 2875 omnibns

1152 2892 1336 2924 hominibus
1362 2895 1493 2933 paterna
1518 2893 1695 2933 profligare.
1715 2906 1729 2921 »
1751 2895 1827 2925 llaec
1844 2893 1899 2925 ubi
1918 2893 2063 2934 dixerat,
2092 2905 2203 2927 rursus

1150 2953 1206 2985 per
1231 2944 1398 2976 Mebodem
1421 2944 1483 2976 alia
1500 2944 1563 2976 sere
1582 2944 1765 2985 hujusmodi
1780 2945 1936 2985 suggessit
1963 2958 1971 2977 ε
1998 2947 2146 2982 Quanam
2162 2948 2202 2980 de

1150 3005 1247 3028 causa
1261 2997 1335 3028 elati
1362 2997 1498 3028 Romani
1522 2999 1621 3029 Daras
1645 2997 1687 3029 ab
1712 2997 1786 3038 ipsis
1803 2997 1944 3038 recipere
1970 3003 2120 3039 poscant,
2138 3009 2201 3040 qua

1149 3049 1283 3081 victoria
1301 3049 1411 3089 potiti,
1439 3049 1557 3089 quibus
1579 3049 1710 3090 tropacis
1725 3058 1759 3081 se
1778 3049 1958 3089 jactantes?
1985 3050 2039 3081 ubi
2063 3050 2202 3092 denique

1149 3102 1328 3142 superiores
1352 3101 1457 3133 Persis
1478 3104 1671 3134 evaserunt?
1687 3102 1851 3143 Imperitia
1875 3102 2007 3142 quidem
2024 3104 2056 3134 et
2081 3103 2200 3143 impru-

1149 3144 1257 3185 dentia
1276 3153 1474 3185 Tanchosdri
1492 3162 1542 3185 res
1562 3154 1642 3186 bene
1658 3155 1824 3194 gesserunt
1835 3165 1844 3193 ;
1864 3154 1942 3186 dum
1961 3155 2065 3195 ipsum
2082 3163 2122 3186 ex
2137 3163 2200 3185 una

1150 3207 1276 3247 regione
1302 3206 1333 3238 in
1362 3206 1458 3238 aliam
1481 3207 1723 3248 circumagunt,
1742 3209 1774 3239 et
1803 3199 1899 3239 modo
1924 3215 1964 3239 ex
1989 3206 2138 3239 Armenia
2166 3206 2199 3238 in

1149 3263 1355 3297 Arzanenen‚
1381 3258 1476 3289 modo
1501 3267 1541 3290 ex
1575 3262 1740 3291 Arzanene
1761 3259 1793 3290 in
1819 3258 2004 3291 Armeniam
2030 3265 2198 3290 excurrere

1149 3311 1284 3351 cogitur,
1303 3311 1463 3351 regionem
1478 3314 1664 3352 Persarum,
1688 3320 1762 3352 quac
1774 3313 1823 3343 est
1836 3310 1876 3342 ad
1894 3310 2077 3350 Orientem,
2097 3309 2195 3349 depo-

1148 3362 1249 3402 pulati
1261 3364 1346 3393 sunt.
1362 3364 1431 3394 Hoc
1445 3364 1493 3394 est
1512 3363 1644 3395 sortasse
1655 3387 1663 3402 ‚
1681 3362 1769 3402 quod
1783 3370 1914 3401 magnos
1926 3361 2055 3401 spiritus
2067 3362 2194 3400 gerunt,

1149 3424 1212 3454 quo
1229 3414 1439 3455 superbiunt,
1455 3415 1675 3446 existimantes
1685 3415 1843 3446 deteriore
1859 3413 2040 3445 conditione
2057 3421 2106 3444 res
2123 3420 2163 3443 n'o
2178 3429 2188 3434 -

1147 3471 1228 3498 siras
1253 3468 1424 3506 prostratas
1437 3466 1554 3506 jacere.
1577 3480 1590 3493 τι
1611 3467 1718 3498 Sciant
1738 3466 1893 3503 Romani,
1920 3464 2039 3504 inquit,
2058 3473 2108 3494 me
2130 3472 2193 3494 non

2002 3525 2031 3550 17
