2372 3704
1020 196 1352 237 FRAGMENTA.

92 293 240 342 θρωπον,
251 287 311 328 καὶ
325 288 358 326 οἱ
375 285 490 326 λοιποὶ
503 286 657 336 βασιλεῖς
670 282 851 335 Αἰγύπτου
868 284 915 328 εἰς
924 281 1061 333 τιμὴν’
1046 281 1134 320 εκεί-

94 364 153 388 νου
178 345 319 400 Φαραὼ
338 346 539 385 ἐκαλοῦντο.
561 342 820 383 Ἐὅασίλευσαν
838 343 873 380 ἐν
889 340 1058 394 Αἰγύπτῳ
1076 340 1137 379 καὶ

94 408 128 446 οῖ
152 406 362 458 καλούμενοι
377 402 560 454 ποιμένες·
585 401 800 453 κατάγεσθαι
820 399 857 440 δὲ
886 401 1043 439 δοκοῦσιν
1068 398 1138 438 ἀπὸ

95 467 164 504 τῶν
185 466 268 504 υἱων
287 461 457 504 Ἰακὼὸ”
436 477 543 501 οντων
560 459 748 512 ποιμένων.

588 543 650 582 40.

149 611 243 648 Exe.
262 611 320 646 De
336 607 449 646 insid.
471 620 512 657 p.
536 606 559 644 8
580 619 590 645 t
611 603 698 645 “On
724 603 782 643 ἐπὶ
795 602 942 656 Δαρείου
962 605 1022 642 τοῦ
1040 604 1141 654 βασι·

98 665 185 710 λέως
205 667 260 705 Πε
246 667 367 718 ερσῶν,
381 663 564 704 Φιλίππου
583 666 645 711 τῆς
669 661 887 706 Μακεδονίας
905 660 1143 714 βασιλεύοντος

100 723 243 778 χρόνους
263 723 296 761 α’
315 723 376 761 καὶ
394 722 426 761 κ’
438 721 604 774 ,πολλήν
622 737 660 760 τε
681 724 742 768 τῆς
759 720 930 764 Ἑλλάδος
945 734 1143 771 καταστρε-

100 781 259 837 ψαμένου
281 788 418 834 μοῖραν,
440 780 501 819 καὶ
528 784 588 819 τοῦ
618 796 656 819 τε
675 781 760 832 πρὸς
780 778 977 826 Ἀθηναίους
997 777 1057 817 καὶ
1086 776 1144 816 τὸν

101 839 299 892 στρατηγὸν
329 838 556 889 Δημοσθένην
596 838 763 890 ἐχομένου
796 836 952 888 πολέμου
988 835 1145 879 ἐκκοπεὶς

100 898 268 952 πρότερον
282 898 340 936 τὸν
354 897 460 943 δεξιὸν
475 898 666 951 ὀφθαλμὸν,
685 896 751 936 υπὸ
763 895 967 936 Παυσανίου
983 898 1042 933 τοῦ
1057 897 1145 932 ὑπα·

102 960 250 995 σπιστοῦ
271 956 536 1010 διαφθείρεται’
521 972 555 994 εν
571 956 724 1009 θεάτρῳ·
745 954 911 1002 κινήσεώς
927 970 964 992 τε
982 953 1146 1005 μεγίστης

103 1017 172 1053 τῶν
206 1017 429 1067 στρατιωτῶν
456 1014 513 1053 ἐπι
541 1016 591 1066 τῷ
621 1014 758 1067 θανάτῳ
791 1012 913 1052 τούτου
941 1011 1145 1064 γενομένης,

102 1071 237 1124 ἔμεινεν
257 1076 279 1120 ἡ
301 1071 393 1125 ἀρχὴ
412 1072 614 1125 τετραετίαν
627 1072 757 1123 γυμνή.

594 1154 656 1193 41.

153 1219 286 1256 Suidas
306 1232 343 1258 v,
363 1217 404 1256 Ἀ
417 1216 647 1270 λέξανδρος
665 1232 673 1255 :
688 1214 774 1256 Ὅτι
791 1215 1009 1269 Ἀλέξανδρος
1026 1217 1043 1253 ὃ
1059 1217 1146 1254 Μα-

101 1277 211 1315 κεδὼν
223 1275 423 1326 θαυμαστὸν
439 1275 512 1328 βίον
527 1275 664 1314 ἐὸίωσε.
678 1275 802 1315 Πίστιν
819 1275 856 1314 δὲ
871 1280 941 1318 τοῖς
957 1274 1148 1326 εἰρημένοις

103 1334 269 1387 ἐχέγγυον
303 1337 325 1382 ἡ
347 1337 415 1373 τῶν
452 1334 595 1385 ἀγώνων
622 1334 780 1388 παρέσχε
809 1333 942 1386 πρᾶξις.
961 1333 1054 1372 Οὐδὲ
1080 1331 1147 1386 γὰρ

103 1393 199 1432 ἔστιν
219 1395 331 1447 εὖρεῖν
351 1394 387 1431 ἐν
409 1392 515 1431 παντὶ
530 1395 581 1447 τῷ
600 1396 660 1431 τοῦ
677 1392 808 1443 κόσμου
827 1393 945 1445 κύκλῳ
962 1390 1021 1429 ἕνα
1039 1390 1147 1443 ἄνδρα

102 1451 278 1496 τοσούτοις
309 1451 558 1504 κατορθώμασι
583 1453 867 1491 πλεονεκτοῦντα.
898 1453 983 1494 Τοῖς
1014 1466 1052 1488 τε
1079 1450 1147 1501 γὰρ

105 1510 261 1562 ἀρίστοις
291 1509 456 1563 ἀνδράσιν
483 1509 531 1554 εἴς
561 1510 634 1561 (τε)
666 1509 788 1560 λόγους
813 1510 851 1548 οὗ
883 1509 989 1560 μείων
1007 1511 1075 1547 τῶν
1102 1510 1149 1552 εἰς

104 1569 212 1622 ἄκρον
234 1569 492 1620 ἐπαινουμένων
513 1568 648 1620 εὑρέθη,
667 1568 753 1620 πρός
773 1584 811 1606 τε
827 1567 872 1606 τὰ
887 1567 1038 1619 πολέμια
1055 1568 1148 1606 διελ-

106 1627 173 1667 θὼν
193 1626 382 1679 θαυμαστὰ
403 1629 536 1678 μᾶλλον
554 1627 576 1674 ἢ
596 1630 733 1671 πειθοῦς
744 1626 822 1672 ἄξια
834 1626 1055 1678 διεπράξατο.
1076 1626 1149 1665 Καὶ

102 1686 187 1740 πρὸς
205 1689 353 1740 Δαρεῖον
372 1685 431 1724 τὸν
452 1687 599 1738 Περσῶν
622 1685 769 1738 βασιλέα
801 1685 957 1738 συνάψας
977 1685 1141 1735 πόλεμον,

101 1748 221 1784 τοῦτον
240 1744 459 1798 κατακράτος
473 1751 567 1797 νικᾷ.
586 1746 755 1788 Κάκεῖνος
771 1745 919 1782 αἰτεῖται
935 1745 981 1788 εἷς
1001 1745 1147 1782 διαλλα-

102 1804 167 1857 γὰς
181 1805 291 1843 ἐλθεῖν
305 1804 366 1843 καὶ
380 1806 497 1843 δοῦναι
511 1806 606 1857 αὐτῷ
621 1803 680 1842 καὶ
702 1802 764 1850 τὴν
783 1802 954 1856 θυγατέρα
970 1801 1150 1849 Ῥωξάνην

103 1863 188 1916 πρὸς
205 1863 322 1915 γάμου
338 1863 533 1904 κοινωνίαν.
553 1862 599 1902 Ὁ
620 1862 722 1905 αὐτὸς
746 1861 862 1900 πάντα
881 1861 926 1899 τὰ
941 1861 1020 1908 ἔθνη
1040 1876 1150 1899 κατα-

105 1921 337 1974 στρεψάμενος
352 1921 517 1974 διεφθάρη
539 1920 596 1959 τὸν
612 1924 703 1968 νοῦν,
721 1930 808 1968 etc„
824 1929 867 1958 ut
884 1924 924 1958 in
942 1923 1029 1958 loco
1049 1934 1107 1970 sq.

155 1983 247 2018 Exc.
266 1985 323 2019 De
335 1984 424 2020 virt.
442 1996 480 2031 p.
495 1981 570 2028 788
589 1994 597 2017 :
613 1977 697 2019 ’Ότι
711 1979 931 2031 Ἀλέξανδρος
945 1982 961 2017 ὁ
976 1978 1150 2019 Μακεδὼν

104 2037 168 2085 τὴν
186 2042 255 2077 τῶν
278 2040 423 2092 Περσῶν
452 2037 631 2091 βασιλείαν
663 2037 818 2076 καθελὼν
838 2037 898 2076 καὶ
918 2037 975 2076 τὸν
1004 2040 1150 2090 Δαρεῖον

105 2095 236 2136 ἀνελὼν
261 2096 427 2150 διεφθάρη
447 2097 505 2135 τὸν
525 2100 618 2144 νοῦν,
644 2096 703 2135 καὶ
725 2097 810 2150 πρὸς
834 2095 896 2140 τὰς
914 2100 972 2134 τοῦ
991 2097 1152 2147 σώματος

104 2154 229 2202 ἡδονὰς
249 2155 455 2202 διωλίσθησε
467 2185 477 2203 ,
500 2155 680 2209 Περσικήν
700 2171 736 2193 τε
759 2153 884 2201 στολὴν
901 2154 1127 2205 ἐνδυσάμενος
1139 2183 1149 2202 ,

106 2212 240 2264 μυρίοις
260 2211 296 2251 δὲ
314 2212 402 2257 νέοις
428 2212 736 2266 δορυφορούμενος,
757 2213 972 2265 τριακοσίαις
993 2228 1031 2250 τε
1060 2214 1153 2251 παλ-

105 2272 231 2316 λακαῖς
246 2271 444 2324 χρώμενος,
462 2274 508 2316 ὡς
521 2272 583 2319 τὴν
600 2271 846 2318 Μακεδονικὴν
860 2278 977 2310 πᾶσαν
994 2273 1063 2309 τῶν
1083 2273 1152 2324 βα-

106 2330 230 2369 σιλέων
247 2330 428 2378 συνήθειαν
449 2333 496 2375 εἰς
523 2331 662 2385 Πέρσας
682 2330 981 2384 μεταρρυθμίσαι,
999 2330 1152 2369 ἐντεῦθέν

106 2388 146 2428 τέ
163 2405 258 2434 τινας
276 2392 344 2428 τῶν
362 2389 456 2429 ἰδίων
477 2390 726 2438 διαὸληθέντας
750 2391 904 2442 ἀνελεῖν,
923 2389 1070 2442 Λαγχέα
1089 2389 1151 2441 μὲν

107 2447 168 2486 καὶ
199 2448 437 2501 Παρμενίωνα
465 2452 525 2487 τοῦ
546 2449 780 2502 στρατοπέδου
800 2448 1006 2502 ἐξάρχοντας
1024 2451 1085 2495 τῆς
1114 2464 1151 2487 τε

107 2507 352 2553 Μακεδονικῆς
368 2507 527 2551 νεολαίας
543 2508 605 2546 οὐκ
621 2507 769 2558 ὀλίγους.

160 2563 581 2618 Suidasl.l:‘'1'<rrspov
599 2565 634 2604 δὲ
649 2568 695 2610 εἰς
712 2565 839 2605 Ἰνδίαν
860 2565 1066 2618 ἀφικόμενος
1086 2565 1153 2604 ὑπὸ

109 2623 297 2670 Κανδάκης
315 2626 376 2669 τῆς
394 2623 599 2676 βασιλίσσης
619 2624 853 2677 συνεληφθη’
838 2640 873 2662 εν
900 2624 1037 2663 ἰδιώτου
1060 2624 1152 2677 σχή-

110 2696 209 2732 ματι.
233 2681 304 2720 Καὶ
324 2685 417 2719 εἶπεν
437 2683 544 2735 αὖτῳ·
562 2701 579 2718 α
610 2682 809 2735 Ἀλέξανδρε
831 2685 993 2734 βασιλεῦ,
1013 2683 1069 2722 τὸν
1089 2683 1154 2722 κό-

2162 199 2237 234 555

1197 297 1285 333 σμον
1313 279 1510 334 παρέλαὸες
1528 279 1588 318 καὶ
1607 279 1673 318 ὕπὸ
1690 279 1850 331 γυναικὸς
1879 279 2105 333 συνεσχέθηςς
2126 298 2142 314 ¹·
2169 279 2240 320 Καὶ

1198 339 1336 392 εἰρήνην
1363 338 1447 392 πρὸς
1467 337 1575 385 αὐτὴν
1596 337 1800 386 ἐποιήσατο,
1829 337 1888 376 καὶ
1907 337 1969 386 τὴν
1988 338 2106 391 χώραν
2135 339 2242 382 αὐτῆς

1199 398 1341 446 ἀὸλαὸῆ
1359 396 1571 451 διεφύλαξεν.

1693 479 1757 517 42.

1255 545 1348 582 Exc.
1373 545 1430 580 De
1448 543 1517 580 ins.
1536 555 1577 592 p.
1601 540 1623 578 8
1648 554 1656 578 ι
1676 537 1763 579 Ὅτι
1783 538 1999 592 Ἀλέξανδρος
2017 542 2035 577 δ
2055 539 2242 588 Μακεδὼν,

1202 598 1248 645 ὥς
1279 615 1363 653 φησι
1389 598 1554 647 Ἰωάννης
1575 601 1593 637 ὁ
1612 597 1822 650 Ἀντιοχεύς,
1843 597 1900 635 ἐπι
1920 597 2090 642 τοσούτοις
2119 614 2245 651 κατορ-

1204 658 1361 726 θώμασιν
1389 658 1456 696 ὑπὸ
1476 657 1683 711 Κασάνδρου
1703 661 1762 695 τοῦ
1782 655 1869 695 ἰδίου
1891 660 2086 710 στρατηγοῦ
2106 657 2246 710 φάρμα-

1203 733 1262 756 κον
1280 706 1461 768 δεξάμενος
1476 716 1533 756 τὸν
1553 716 1624 769 βίον
1642 714 1868 766 μετήλλαξεν.

1258 778 1390 815 Suidas
1406 791 1446 814 v.
1476 775 1780 828 Ἀλέξανδρος;
1796 792 1809 808 α
1830 772 1916 813 ’Ὀτι
1941 775 1959 811 ὃ
1981 772 2081 816 αὐτος
2099 775 2248 812 ὄκτακοε-

1206 836 1289 879 σίοις
1309 834 1473 887 ἀνδράσιν
1494 834 1651 887 ἐνέτυχεν
1670 833 1737 872 ὕπὸ
1757 835 1904 887 Περσῶν
1920 831 2031 870 πάλαι
2052 833 2086 870 ἐν
2103 831 2248 870 Ἑλλάδι

1204 896 1396 947 ληφθεῖσιν,
1413 891 1753 945 ἀκρωτηριασμένοις
1775 892 1836 935 τὰς
1853 893 1990 944 χεῖρας,
2008 889 2064 933 οὒς
2084 889 2250 941 μεγάλαις

1183 1000 1188 1004 ,
1205 953 1348 1004 δωρεαῖς
1364 951 1658 1005 ἐφιλοφρονήσατο
1675 950 1734 989 καὶ
1752 949 2037 1003 παρεμυθήσατο.
2056 951 2116 992 Εἷς
2135 948 2170 987 δὲ
2186 948 2249 996 τὴν

1205 1011 1330 1061 λίμνην
1347 1011 1408 1057 τὴν
1424 1012 1458 1048 ἐν
1476 1009 1714 1063 Ἀλεξανδρείᾳ
1729 1009 1933 1063 ἀφικόμενος
1946 1008 1985 1046 τὸ
1999 1008 2153 1058 διάδημα
2168 1007 2252 1045 ἀπέ-

1208 1069 1326 1117 ὅαλεν,
1355 1068 1488 1121 ὄμὸρου
1517 1070 1648 1107 πολλοῦ
1668 1067 1963 1120 καταρραγέντος,
1987 1066 2047 1105 καὶ
2068 1067 2166 1117 μόλις
2192 1066 2250 1105 ἐπὶ

1207 1129 1268 1175 τὴν
1283 1131 1347 1179 γῆν
1364 1128 1555 1174 διενήξατο.
1576 1127 1648 1167 Καὶ
1665 1126 1732 1164 ὑπὸ
1748 1125 1953 1179 Κασάνδρου
1968 1130 2029 1164 τοῦ
2047 1125 2133 1164 ἰδίου
2150 1141 2253 1178 στρα-

1206 1191 1314 1236 τηγοῦ
1333 1186 1515 1240 φάρμακον
1535 1185 1716 1237 δεξάμενος
1734 1185 1955 1238 ἐσπαράχθη.
1978 1184 2050 1223 Καὶ
2071 1184 2178 1228 οὕτως
2194 1183 2251 1223 ἐπὶ

1206 1245 1380 1289 τοσούτοις
1398 1246 1647 1298 κατορθώμασι
1669 1243 1726 1282 τὸν
1750 1244 1821 1296 βίον
1839 1243 2063 1295 μετήλλαξεν.

1697 1327 1761 1371 43.

1260 1399 1352 1435 Exc.
1368 1399 1425 1434 De
1440 1397 1530 1433 virt.
1551 1409 1594 1445 p.
1617 1395 1691 1443 788
1712 1408 1721 1434 :
1737 1393 1820 1433 ’Ότι
1837 1392 1981 1437 Λούκιος
2000 1393 2168 1446 Βαλέριος
2184 1396 2252 1434 Πο-

1210 1453 1375 1497 πλικόλας
1389 1452 1518 1497 ὕπατος
1531 1452 1738 1491 καταλείπει
1750 1452 1808 1490 τὸν
1825 1451 1912 1504 βίον,
1930 1452 2019 1491 οὕτω
2035 1452 2077 1499 δὴ
2095 1453 2253 1502 μέταιτός

1208 1528 1246 1550 τε
1265 1512 1324 1550 καὶ
1341 1511 1535 1564 χρημάτων
1558 1511 1686 1564 ἄπορος
1704 1513 1750 1554 ὡς
1765 1513 1888 1554 κοινοῖς
1907 1511 1974 1549 ὑπὸ
1991 1515 2050 1549 τοῦ
2066 1511 2176 1563 δήμου
2192 1528 2253 1550 τα-

1210 1575 1316 1625 φῆναι
1332 1571 1514 1623 χρήμασι,
1542 1570 1603 1614 τάς
1621 1586 1659 1609 τε
1684 1569 1775 1609 κατὰ
1794 1569 1857 1616 τὴν
1877 1570 1976 1607 πόλιν
1996 1576 2162 1620 γυναῖκας
2181 1586 2253 1607 πα-

1211 1630 1412 1684 ραπλησίως
1435 1629 1537 1668 αὐτὸν
1567 1631 1809 1680 ἀποθρηνῆσαι
1841 1630 1891 1681 τῷ
1920 1628 2082 1682 Βρούτῳ,
2113 1629 2254 1668 ἐπειδὰν

1209 1688 1269 1728 καὶ
1289 1688 1452 1741 συνῆρξεν
1469 1689 1564 1741 αὐτῷ
1581 1690 1642 1735 τῆς
1658 1690 1725 1725 τῶν
1742 1686 1915 1739 τυράννων
1930 1686 2060 1732 ἐξόδου.

1703 1775 1767 1815 44·

1264 1844 1356 1881 Exc.
1374 1844 1431 1879 De
1447 1842 1518 1879 ins,
1538 1853 1578 1889 p.
1599 1839 1622 1876 8
1640 1853 1648 1876 ε
1670 1836 1756 1877 ‘'Ox-t
1775 1837 1865 1891 ἕκτῳ
1883 1840 1944 1884 τῆς
1961 1837 2126 1881 ὑπατείας
2140 1837 2256 1890 χρόνῳ

1214 1899 1303 1950 μετὰ
1334 1899 1398 1946 τὴν
1430 1901 1499 1937 τῶν
1531 1897 1707 1949 τυράννων
1740 1896 1907 1944 ἐξέλασιν,
1942 1896 2100 1936 Κασσίου
2131 1912 2168 1934 τε
2195 1896 2253 1935 καὶ

1213 1957 1423 1997 Σουλπικίου
1440 1956 1502 2003 τὴν
1524 1955 1636 2008 ἀρχὴν
1651 1954 1944 2007 παραλαὸόντων,
1962 1956 1994 1998 ἐς
2011 1961 2079 1992 πᾶν
2100 1954 2162 2004 μὲν
2183 1970 2256 1992 κιν-

1213 2017 1312 2055 δύνου
1326 2018 1495 2069 προῆλθεν
1512 2018 1534 2061 ἡ
1554 2014 1672 2064 πόλις,
1687 2017 1746 2052 τοῦ
1767 2015 1922 2052 δουλικοῦ
1940 2013 2090 2061 πλήθους
2106 2013 2172 2052 ὑπὸ
2187 2015 2256 2051 τῶν

1214 2075 1388 2128 τυράννων
1409 2074 1670 2117 ἀναπεισθέντος
1691 2073 1868 2111 ἐπιθέσθαι
1890 2073 2024 2126 νύκτωρ
2041 2074 2110 2116 τοῖς
2126 2089 2256 2120 κεκτη-

1215 2134 1348 2185 μένοις,
1381 2133 1441 2172 καὶ
1476 2133 1668 2186 διαφθεῖραι
1698 2132 1775 2176 τοὺς
1810 2132 1936 2184 ἄνδρας
1964 2135 1998 2171 ἐν
2030 2135 2105 2175 ταῖς
2126 2133 2256 2180 εὐναῖς,

1213 2192 1352 2231 ἐπειδὰν
1387 2192 1483 2231 αὐτοί
1514 2208 1552 2230 τε
1583 2191 1804 2243 προσάγωσι,
1841 2191 1899 2229 καὶ
1934 2193 1965 2229 οἱ
2004 2190 2257 2242 συλλαὸόμενοι

1213 2251 1309 2304 σφίσι
1323 2254 1392 2290 τῶν
1410 2253 1560 2290 πολιτῶν
1577 2250 1621 2288 τὰ
1637 2249 1768 2303 ἐρυμνὰ
1783 2249 2013 2288 καταλάὸοιεν
2030 2254 2088 2288 τοῦ
2110 2250 2254 2294 ἄστεως.

1213 2313 1266 2349 Οὐ
1288 2311 1355 2360 μὴν
1377 2309 1493 2356 ἀπέὸη
1515 2324 1549 2347 τι
1568 2309 1713 2356 τούτων,
1734 2308 1945 2347 Σουλπικίου
1962 2312 2023 2346 τοῦ
2043 2308 2175 2347 ὑπάτου
2193 2324 2258 2346 σω-

1214 2368 1345 2421 φρόνως
1363 2368 1441 2412 τούς
1457 2369 1487 2407 θ’
1510 2367 1684 2418 ἡγεμόνας
1705 2370 1767 2413 τῆς
1792 2367 2041 2420 ἐπιχειρήσεως
2062 2367 2257 2405 συλλαὸόν-

1213 2443 1286 2475 τος,
1320 2427 1381 2465 καὶ
1412 2427 1452 2466 τὸ
1486 2426 1709 2478 κεκινημένον
1744 2428 1805 2464 τοῦ
1843 2426 2031 2476 δημοτικοῦ
2070 2425 2257 2464 κατασπά-

1213 2501 1348 2529 σαντος.
2221 2477 2223 2480 V

1265 2627 1368 2666 Ibid.
1388 2640 1430 2676 p.
1451 2626 1473 2663 8
1505 2639 1515 2665 2
1534 2623 1620 2665 “Ort
1639 2626 1751 2677 ἐνάτῳ
1777 2627 1838 2673 τῆς
1865 2623 2059 2678 ἐλευθερίας
2089 2625 2258 2676 ἐνιαυτῷ,

1214 2683 1362 2723 Πόπλου
1396 2684 1569 2735 Καμινίου
1601 2685 1660 2723 καὶ
1686 2684 1791 2723 Τίτου
1821 2683 1970 2722 Λευκίου
2002 2682 2260 2734 ὑπατευόντων,

150 2793 205 2824 Fr.
225 2794 283 2823 4ο.
308 2792 426 2824 Eadem
439 2794 555 2828 ,narrat
574 2793 737 2826 cedrenus
756 2803 788 2834 pi
808 2799 880 2826 265.
903 2814 946 2822 --
961 2794 1061 2836 ἀρχὴ
1094 2794 1324 2836 τετραετίαν
1351 2794 1500 2836 γυμνὴ]
1518 2796 1597 2832 Quae
1620 2794 1858 2826 antecesserunt
1877 2802 2010 2834 regnum
2027 2793 2162 2834 Philippi
2185 2801 2260 2824 cum

117 2838 157 2871 iis
172 2847 246 2879 quae
260 2839 431 2871 subsecuta
444 2842 536 2880 sunt,
553 2842 667 2873 auctor
683 2841 863 2874 confundit.

158 2886 211 2917 Fr.
233 2887 286 2917 41.
309 2887 390 2917 Exc.
411 2888 459 2918 De
474 2887 548 2919 virt.

575 2897 583 2919 :
606 2889 804 2930 Περσικήν
822 2887 884 2929 τε]
900 2899 933 2920 τε
957 2897 1021 2920 om.
1046 2887 1171 2921 suidas.
1194 2907 1236 2914 --
1261 2886 1575 2928 μεταρρυθμίσαι
1597 2885 1687 2928 κτλ]
1712 2886 1826 2919 suidas
1844 2886 2175 2927 μεταρρυθμίσαι,καὶ
2196 2890 2258 2918 τῶν

111 2932 196 2965 ἰδίων
216 2932 299 2968 τινὰς
318 2933 533 2971 διαὸληθέντας
555 2934 684 2966 ἀνελεῖν·
701 2935 828 2976 ὕστερον
842 2936 873 2967 δὲ
893 2938 952 2967 etc.
963 2959 971 2974 ,
988 2944 1060 2975 quae
1078 2936 1238 2974 Excerpto
1254 2936 1303 2966 De
1318 2935 1401 2966 virt.
1418 2933 1655 2974 subjunximus.
1671 2952 1708 2959 —-
1731 2933 1892 2974 Ααγχέα
1910 2933 1998 2974 μὲν]
2017 2933 2050 2964 in
2074 2933 2179 2966 latinis
2194 2935 2259 2965 Va·

118 2978 219 3011 lesius
237 2978 332 3010 habet
352 2981 557 3020 Lyncestem.
575 2984 623 3013 An
638 2982 765 3014 Κλεῖτον
781 2982 833 3013 τὸν
848 2982 987 3022 μέλαναΡ
1002 2982 1215 3019 Καλλισθένηί)

155 3028 210 3059 Fr.
230 3027 284 3057 42.
302 3025 422 3058 Eadem
440 3028 604 3060 cedrenus
617 3038 647 3069 p.
665 3032 737 3061 271.
754 3029 803 3060 Cf.
823 3029 946 3060 Arrian.
964 3030 1043 3066 Vll,
1059 3031 1117 3067 27;
1134 3027 1296 3059 Plutarch.
1312 3027 1402 3058 Alex.
1419 3035 1447 3056 c.
1464 3028 1523 3064 77;
1538 3028 1691 3066 Droysen.
1712 3026 1914 3058 Hellenism.
1928 3028 1960 3065 1,
1978 3035 2010 3066 p.
2030 3029 2091 3058 706
2105 3035 2156 3067 sq.

116 3076 131 3102 .‘-
155 3074 211 3104 Fr.
228 3073 282 3104 43.
307 3072 426 3105 Eadem
443 3075 556 3106 suidas
581 3085 612 3108 v.
642 3077 853 3114 Μέταιτος,
870 3075 1057 3116 προσαίτης,
1081 3074 1219 3111 ἐπαίτης.
1246 3086 1261 3101 «
1286 3074 1378 3105 Οὕτω
1401 3074 1432 3104 δὲ
1451 3073 1591 3114 μέτοιιτος
1608 3073 1786 3111 ἐτελεύτησε
1809 3074 1862 3104 καὶ
1880 3073 2047 3114 χρημάτων
2064 3073 2196 3113 ἄπορος,
2218 3075 2259 3110 ὡς

113 3121 228 3154 κοινοῖς
250 3122 383 3160 ταφῆναι
406 3122 587 3163 χρήμασι.»
603 3123 825 3163 Eutropium,
851 3126 885 3154 ιι
907 3135 915 3154 :
933 3123 1059 3159 Quinto
1073 3128 1165 3153 anno
1190 3120 1346 3153 Valerius
1371 3120 1448 3159 ille,
1464 3121 1568 3152 Bruti
1584 3120 1714 3160 collega
1739 3122 1772 3152 et
1797 3122 1923 3162 quater
1947 3120 2082 3158 consul,
2091 3119 2261 3159 fataliter

114 3168 272 3199 mortuus
287 3167 338 3197 est
349 3189 358 3205 ‚
376 3168 459 3199 adeo
471 3178 620 3210 pauper,
639 3171 679 3202 ut
696 3170 836 3202 collatis
851 3169 980 3210 populo
997 3170 1149 3201 nummis
1166 3168 1343 3207 sumptum
1362 3166 1523 3199 habuerit
1539 3167 1731 3207 sepulturae
1748 3177 1759 3199 .·
1774 3175 1875 3209 quem
1887 3168 2057 3199 matronae
2069 3168 2158 3198 sicut
2170 3168 2258 3198 Bru-

118 3216 192 3247 tum
207 3219 340 3244 annum
359 3213 538 3247 luxerunt.

157 3262 211 3293 Fr.
238 3261 289 3292 44.
307 3262 488 3294 Κασσίου
507 3275 546 3295 τε
568 3275 600 3295 κ.
619 3263 675 3305 Σ.]
692 3255 768 3296 Haec
784 3272 802 3295 a
822 3263 914 3295 tabl).
942 3262 1065 3295 consul.
1082 3262 1197 3294 nostris
1210 3261 1392 3294 abhorrent.
1409 3262 1464 3301 Sp.
1487 3261 1614 3293 cassius
1627 3261 1737 3295 consul
1751 3261 1810 3294 suit
1826 3270 1878 3294 an.
1906 3264 1984 3301 5023
1999 3261 2086 3292 Serv.
2100 3258 2257 3299 sulpicius

118 3316 172 3341 an.
188 3309 247 3339 500
266 3314 296 3338 a.
312 3308 357 3346 ⁰3
371 3307 506 3349 ideoque
522 3310 563 3342 ad
578 3319 700 3342 nonum
716 3310 767 3342 vel
786 3310 992 3342 undecimum
1007 3310 1162 3342 libertatis
1180 3318 1299 3342 annum
1318 3308 1522 3349 pertinerent.

159 3356 214 3386 Fr.
232 3354 282 3384 45.
299 3353 459 3387 Πόπλου
477 3359 573 3398 Καμ.
595 3368 626 3388 κ.
642 3357 761 3389 Τίτου
781 3359 806 3389 Λ
818 3356 970 3397 ευκίου]
995 3356 1139 3388 Debebat
1159 3369 1167 3388 z
1185 3356 1385 3396 Ποστουμίου
1403 3355 1554 3396 Κομινίου
1569 3357 1622 3388 καὶ
1637 3356 1730 3388 Τίτου
1743 3356 1882 3398 Λαρκίου
1898 3355 2011 3396 (Dion.
2033 3353 2104 3386 Hal.
2120 3354 2148 3383 V
2160 3375 2169 3390 ‚
2191 3356 2248 3389 50,

119 3402 228 3435 Livius
244 3400 292 3438 li,
313 3401 367 3442 18,
391 3401 589 3444 cassiodor.)
602 3427 612 3444 ,
633 3408 713 3436 coss.
731 3413 783 3437 an.
801 3409 870 3437 501.
889 3422 928 3427 —
949 3403 1105 3442 Ἐπειδὴ
1131 3401 1356 3445 Μαμήλιος]
1371 3403 1422 3435 ἐπ.
1439 3403 1557 3440 Μάλιος
1581 3411 1746 3444 perperam
1768 3403 1902 3442 suidas,
1923 3401 1978 3442 qui
1994 3409 2020 3433 s.
2045 3408 2073 3431 v.
2092 3398 2255 3439 Δικτάτωρ
