2314 3756
965 204 1304 244 FRAGMENTA.
2141 207 2186 243 15

26 304 200 357 ἀδελφοῖς.
224 301 286 340 Ἐν
310 299 347 339 δὲ
376 301 446 342 τοῖς
473 297 565 337 κατὰ
592 296 649 335 τὸν
670 295 847 335 θειότατον
883 293 1074 334 Ἰουλιανὸν

34 361 280 416 ᾶκριὸέστερον
300 362 414 397 ταῦτα
435 357 586 410 εἴρηται.

81 422 283 466 Ablabius,
310 418 509 468 praefectus
532 415 739 467 praetorio,
767 414 911 451 invidia
941 414 1078 450 ductus

3 476 68 521 ’ζῇιι
89 482 293 530 Sopatrum
315 478 447 514 favore
464 477 571 526 apud
593 476 884 514 Constantinum
912 474 1078 509 maxime

14 533 254 593 ,ροηεῐιῐειῐῃ
271 538 455 577 machinis
472 537 548 572 suis
567 535 712 580 effecit,
734 541 777 569 ut
792 533 949 570 aemulus
968 531 1077 580 capi—

11 601 92 637 γ1151Ιί
115 599 273 635 crimine
293 598 572 633 circumventus
595 594 703 641 jussu
718 592 966 629 Constantini
994 599 1075 626 tru-

12 657 233 697 νοίᾶατεῑιιτ.
251 657 347 692 Fuse
360 667 441 690 rem
462 652 874 703 exponitEunapiusl.
902 652 929 689 l.
947 663 987 700 p
1009 655 1075 691 αἱ..

26 716 112 766 Ipse
138 714 322 751 Ablabius
346 712 486 749 deinde
513 724 535 748 a
563 712 788 750 Constantio
826 710 923 761 (337
950 723 990 758 p.
1011 710 1055 746 C.
1065 708 1076 758 )

26 775 216 824 supplicio
241 773 399 809 affectus
418 779 486 808 est.
519 771 691 807 Zosimus
706 771 767 815 ΙΙ,
791 773 841 812 40
873 783 881 805 z
912 766 1077 820 Ἀνῃρέθη

26 831 68 871 δὲ
84 831 162 870 τότε
173 829 384 873 Ἀὅλάὸιοςὸ
398 845 459 876 της
470 818 611 874 αὖλῆς“’
593 843 764 879 υπαρχος,
777 843 838 874 της
851 828 959 873 Δίκης
976 825 1078 870 ἀξίαν

27 892 123 944 αὐτῷ
152 889 274 937 ποινὴν
305 888 504 939 ἐπιθείσης,
535 888 609 926 ἀνθ’
643 890 690 925 ὧν
718 886 904 925 ἐδούλευσε
930 886 1077 924 θάνατον

29 950 215 1023 Σωπάτριρ
246 950 296 986 τῶ
326 946 528 1001 φιλοσόφῳ,
561 945 674 999 φθόνῳ
706 948 768 992 τῆς
803 943 1073 985 Κωνσταντίνου

25 1007 111 1060 πρὸς
128 1007 230 1047 αὐτὸν
251 1006 476 1053 οἰκειότητος.
501 1010 558 1045 De
577 1007 712 1042 mortis
729 1018 866 1056 genere
893 1005 982 1041 vide
1000 1006 1079 1040 Eu-

25 1070 182 1119 napium
200 1070 265 1108 1.1.
286 1081 326 1118 p.
351 1067 399 1104 25
418 1080 476 1116 sq.

301 1206 321 1240 7
352 1205 388 1229 a.
412 1189 800 1230 ΚΩΝΣΤΑΝΤιοΣ.

80 1327 173 1362 Exc.
195 1326 253 1361 De
272 1331 367 1360 sent.
392 1337 434 1372 p.
459 1321 534 1359 253
561 1334 570 1360 :
593 1348 768 1360 .......
793 1319 906 1365 ἀλλ’ἢ
929 1316 992 1368 μὲν
1009 1333 1079 1355 πα-

30 1382 147 1434 ροιμία
165 1381 250 1435 φησὶ
267 1380 306 1419 τὸ
324 1380 418 1434 θέρος
437 1379 493 1418 ἐπὶ
509 1383 552 1433 τῇ
567 1377 925 1431 καλάμῃῑςφαίνεσθαι·
942 1376 1020 1415 τότε
1040 1376 1078 1415 δὲ

28 1443 48 1480 6
69 1440 309 1483 Κωνστοίντιος
334 1438 465 1477 ἐδείκνυ
489 1442 547 1476 τοῦ
567 1437 699 1489 πατρὸς
724 1435 785 1476 ὤν.

78 1498 165 1539 ’Ὀτι
188 1497 281 1537 κατὰ
306 1497 365 1536 τὸν
391 1496 581 1537 ’Ἰουλιανὸν
601 1495 660 1534 τὸν
688 1495 854 1548 Καίσαρα
883 1496 1005 1534 δοκοῦν
1029 1498 1078 1549 τῷ

28 1560 123 1611 αὐτῷ
141 1557 378 1610 Κωνσταντίῳ
397 1556 649 1610 βεὸουλεῧσθαι
670 1556 785 1599 καλῶς
797 1587 807 1602 ,
826 1557 843 1593 6
865 1554 987 1607 χρόνος
1013 1554 1078 1602 τὴν

27 1617 151 1670 πεῖραν
183 1617 218 1660 ἐς
242 1616 280 1654 τὸ
315 1615 467 1654 ἐναντίον
500 1614 676 1667 ἔστρεφεν,
705 1619 780 1657 ταῖς
811 1617 871 1652 τοῦ
902 1614 1079 1666 Καίσαρος

29 1676 177 1728 ἀρεταῖς
198 1676 491 1719 συνενθουσιώσης
515 1673 583 1720 ἤδη
615 1676 676 1719 τῆς
699 1672 829 1725 τύχης,
860 1688 921 1711 και
956 1673 1077 1725 σχεδὸν

27 1734 174 1781 ἑκάστης
194 1733 328 1786 ἡμέρας
347 1733 429 1778 ξένα
446 1732 506 1771 καὶ
526 1732 669 1771 ποικίλα
687 1732 857 1786 φερούσης
871 1748 920 1784 τῳ
942 1734 1080 1784 βασιλεῖ

29 1791 253 1844 διηγήματα·
287 1793 340 1845 ἐφ’
370 1795 419 1835 οῖς
448 1794 466 1829 6
500 1790 744 1835 Κωνστοίντιος
772 1790 981 1840 δακνόμενος
1009 1791 1077 1838 ἤδη

27 1851 87 1890 καὶ
104 1852 310 1905 δυσφορῶνι
299 1850 366 1889 υπὸ
389 1849 533 1904 φθόνου,
549 1848 628 1893 τους
652 1848 863 1901 ἡγουμένους
886 1852 956 1886 τῶν
977 1849 1078 1902 φύσει

27 1910 202 1960 πολεμίων
217 1909 407 1962 ἐπετείχιζε
423 1911 472 1962 τῷ
493 1907 670 1961 Καίσαρι,
686 1908 746 1946 καὶ
763 1908 825 1955 τὴν
844 1910 951 1946 αὑτοῦ
967 1923 1076 1960 προσ-

31 1968 133 2008 ετίθει
152 1975 223 2013 τοῖς
242 1971 377 2022 ἐχθροῖς
407 1967 571 2018 δύναμιν,
595 1967 684 2018 μόνα
713 1969 800 2020 δρῶν
828 1967 872 2005 τὰ
896 1967 1001 2015 ἡδέα,
1018 1968 1079 2006 καὶ

29 2027 69 2066 τὸ
95 2029 218 2067 οἰκεῖον
252 2027 344 2073 ξένον
377 2026 651 2076 ὑπολαμὸάνων,
689 2028 718 2064 εἰ
745 2025 806 2064 σὺν
838 2028 893 2079 τῷ·
917 2026 1074 2079 Καίσαρι

29 2086 171 2132 σώζοιτο
186 2116 195 2134 ,
214 2086 275 2125 καὶ
294 2086 333 2124 τὸ
350 2086 442 2131 ξένον
463 2088 602 2133 οἰκεῖον,
625 2087 654 2123 εἷ
670 2084 839 2123 καταλύοι
857 2088 932 2135 μεθ’
953 2087 1078 2124 ἑαυτοῦ

27 2144 86 2184 τὸν
110 2146 298 2198 Καίσαρα·
325 2144 416 2183 ὥστε
440 2147 458 2183 6
484 2144 636 2194 πόλεμος
663 2146 709 2188 εἷς
734 2144 773 2182 τὸ
795 2143 944 2183 ὕπουλον
970 2160 1079 2195 μετα·

28 2205 147 2244 ὅοιλὼν
170 2205 229 2244 καὶ
257 2204 296 2243 τὸ
321 2204 421 2258 φύσει
439 2203 606 2255 πολέμιον
633 2204 741 2242 ἐποίει
767 2203 971 2256 σύμμαχον.

511 2330 590 2362 7a.

71 2395 124 2429 Ait
150 2404 227 2428 vero
246 2394 456 2437 proverbium
476 2407 483 2426 ι
509 2403 643 2426 messem
660 2395 804 2426 calamus
822 2394 972 2426 ostendit.
991 2395 1082 2426 Tune

30 2455 104 2489 ergo
120 2448 335 2486 Constantius,
353 2455 494 2488 quonam
510 2448 641 2487 parente
656 2449 743 2478 satus
758 2447 859 2486 esset,
878 2447 983 2487 palam
996 2446 1079 2478 fecit.

72 2503 152 2539 Quae
162 2501 292 2533 consilia
307 2500 514 2533 Constantius
524 2502 635 2531 contra
645 2502 662 2532 J
666 2501 808 2532 ulianum
820 2502 979 2532 Caesarem
990 2499 1082 2531 ador-

30 2554 154 2587 navisse
167 2562 207 2585 ex
226 2553 366 2584 utilitate
382 2561 442 2583 sua
460 2552 605 2592 putabat,
620 2561 658 2584 ea
672 2552 804 2584 feliciter
818 2553 944 2593 tempus
960 2552 992 2583 in
1009 2560 1083 2583 eon·

30 2605 166 2638 tranum
177 2604 276 2636 vertit
288 2615 295 2636 ε
307 2604 441 2637 caesaris
454 2603 626 2636 virtutibus
639 2604 767 2636 favente
775 2604 845 2644 J'am
855 2604 1081 2636 studiosissime

33 2655 175 2695 fortuna,
200 2658 232 2689 et
251 2665 349 2696 prope
364 2655 508 2696 quotidie
531 2655 623 2687 novis
640 2656 801 2696 variisque
826 2656 946 2688 nuntiis
961 2655 1002 2687 ad
1015 2658 1082 2687 Au-

7 2745 9 2748 Α
32 2709 159 2749 ‘ustum
172 2707 305 2739 delatis:
323 2707 442 2748 quibus
461 2716 587 2739 morsus
597 2708 805 2739 Constantius
818 2709 850 2739 et
864 2709 929 2748 jam
940 2716 1023 2747 aeger
1032 2707 1083 2738 in-

33 2758 118 2792 vidia
130 2783 140 2797 ,
157 2760 190 2791 iu
207 2761 369 2792 Caesarem
389 2759 619 2791 acerrimorum
637 2759 778 2791 hostium
797 2760 896 2791 duces
919 2759 1083 2799 incitavit,

33 2812 129 2852 atque
156 2811 273 2843 horum
295 2811 378 2843 odiis
394 2811 460 2843 vim
485 2811 619 2852 ipsemet
640 2820 731 2843 suam
756 2811 912 2851 adJunxit.
957 2813 997 2843 Et
1017 2811 1083 2851 Jam

35 2863 128 2896 unice
150 2864 357 2896 commodum
379 2873 473 2896 suum
492 2864 679 2905 respiciens,
696 2873 771 2896 suos
789 2873 846 2904 pro
865 2864 976 2896 alienis
990 2864 1085 2895 habe·

33 2915 107 2957 bat,
121 2917 148 2949 si
162 2925 236 2948 cum
250 2918 377 2962 Caesare
386 2916 465 2948 salvi
479 2917 600 2956 essent3
616 2916 736 2947 alienos
749 2925 806 2956 pro
819 2916 895 2955 suis,
907 2916 1085 2948 dummodo

36 2968 153 3000 caesari
165 2977 274 3001 secum
282 2968 518 3000 insidiarentur.
529 2971 635 3006 Quare
648 2968 708 2999 boc
718 2968 792 2999 belli
803 2968 975 2999 subdolum
986 2977 1085 3008 genus

36 3027 90 3055 eos
100 3021 276 3061 etiam,qui
287 3020 476 3052 naturaliter
491 3020 596 3052 hostes
609 3021 711 3060 erant,
726 3020 830 3052 socios
842 3029 910 3052 esse
923 3020 1042 3053 effecit.

193 3103 334 3142 LIBRI
360 3102 579 3142 SECUNDI
599 3102 916 3143 PROOEMIUM.

540 3193 576 3226 8.

78 3252 138 3284 Res
149 3250 260 3292 itaque
278 3252 350 3292 post
365 3252 500 3293 Dexippi
519 3252 684 3284 historiam
703 3262 805 3293 usque
823 3253 865 3285 ad
877 3254 896 3285 J
900 3253 995 3285 uliani
1005 3254 1088 3285 tem-

37 3310 115 3344 pora
124 3306 220 3343 gestae
236 3305 312 3337 satis
330 3305 363 3336 in
383 3305 612 3345 superioribus,
627 3306 788 3345 quantum
813 3314 938 3337 summa
951 3314 1088 3346 quaeque

38 3355 203 3394 attingenti
217 3355 318 3396 licuit,
333 3356 502 3388 declaratze
516 3356 656 3387 fuerunt.
701 3355 858 3396 Deinceps
870 3356 973 3388 oratio
987 3357 1088 3388 fertur

35 3406 81 3439 ad
96 3415 182 3448 enm,
194 3417 290 3449 quem
308 3408 373 3449 jam
390 3409 430 3442 ab
449 3409 539 3442 initio
551 3408 733 3450 spectabat,
747 3411 926 3450 Coesarem3
941 3409 1090 3451 cogitque

1648 300 1686 337 8.

1192 399 1284 436 Exc.
1305 399 1362 434 De
1381 389 1475 435 sent}
1493 408 1535 445 p.
1558 394 1635 440 254
1651 402 1688 431 et
1704 393 1783 431 '255
1803 407 1811 430 ι

1317 506 1608 546 ΠΡΟΟΙΜΙΟΝ
1633 506 1736 544 ΤΟΥ
1767 504 1808 543 B'
1834 505 2015 544 ΛΟΓΟΥ.

1199 611 1258 651 Τὰ
1289 610 1352 662 μὲν
1371 605 1428 649 οὖν
1455 610 1526 649 ἀπὸ
1554 613 1616 657 τῆς
1635 609 1811 655 Δεξίππου
1840 613 2042 663 συγγραφῆς
2061 611 2095 654 ἐς
2114 610 2193 655 τοὺς

1141 671 1331 711 Ἰουλιανοῖῖ
1345 671 1542 718 καθήκοντα
1566 669 1774 722 [καιροὺς],
1797 671 1842 714 ὡς
1860 670 1937 716 ἐνῆν
1957 669 2112 720 μάλιστα
2135 669 2191 708 διὰ

1141 733 1209 769 τῶν
1231 730 1433 782 ἀναγκαίων
1461 729 1716 782 ἐπιτρέχουσιν,
1751 730 1878 772 ἱκανῶς
1903 729 1938 766 ἐν
1966 728 2036 772 τοῖς
2061 728 2192 781 ἔμπρο-

1142 794 1221 828 σθεν
1246 789 1458 836 δεδήλωται·
1477 788 1619 843 φέρεται
1636 788 1671 827 δὲ
1687 789 1841 826 ἐντεῦθεν
1859 791 1877 826 ὃ
1896 788 1996 838 λόγος
2010 790 2065 842 ἐφ’
2087 789 2192 844 ὅνπερ

1143 848 1282 901 ἐφέρετο
1294 848 1328 893 ἐξ
1348 851 1479 901 ἀρχῆς,
1499 849 1559 886 καὶ
1581 848 1770 899 ἀναγκάζει
1789 863 1828 899 γε
1850 848 1920 891 τοῖς
1942 847 2054 899 ἔργοις
2075 849 2193 887 ἐνδια-

1142 907 1273 960 τρίὸειν
1288 906 1407 958 ὥσπερ
1424 923 1457 945 τι
1471 906 1558 959 πρὸς
1578 906 1678 945 αὐτὸν
1701 906 1865 959 ἐρωτικὸν
1886 906 2115 950 πεπονθότας.
2138 906 2193 946 Οὔ

1143 983 1176 1005 τι
1203 966 1253 1018 μὰ
1275 966 1343 1006 Δία
1360 963 1588 1016 τεθεαμένους
1609 965 1631 1012 ἢ
1652 964 1952 1017 πεπειραμένους·
1973 966 2101 1018 κομιδῇ
2125 965 2194 1018 γὰρ

1142 1021 1183 1073 ἦν
1205 1029 1222 1064 6
1241 1025 1382 1079 γράφων
1400 1025 1483 1064 τάδε
1500 1030 1601 1073 παῖς,
1624 1024 1730 1072 ἡνίκα
1748 1024 1973 1063 ἐὸασίλευσεν
1987 1040 1996 1048 ·
2017 1024 2108 1062 ἀλλὰ
2131 1026 2194 1063 δει-

1142 1084 1199 1123 νόν
1216 1101 1249 1122 τι
1263 1100 1388 1138 χρημα
1409 1084 1504 1123 καὶ’
1488 1084 1730 1136 απαραίτητον
1753 1085 1799 1127 εἷς
1808 1084 1928 1159 ’,ἔρωτα
1948 1083 1987 1122 τὸ
2004 1083 2117 1122 κοινὸν
2133 1086 2194 1122 ἀν-

1142 1144 1323 1197 θρό)πιι”)ν
1306 1143 1469 1182 ἀπάντων
1483 1143 1592 1187 πάθος
1604 1159 1663 1181 και
1677 1142 1716 1181 τὸ
1733 1159 1793 1189 της
1804 1144 1858 1195 ἐφ’
1873 1145 1968 1180 αυτῶ
1982 1144 2056 1193 (ἐπ’
2075 1144 2194 1195 αὐτωῗ

1140 1202 1201 1255 Β)
1225 1202 1323 1250 δόξης
1346 1202 1595 1242 ἀστασίαστον
1619 1203 1702 1245 Πῶς
1722 1201 1790 1254 γὰρ
1815 1205 1856 1249 ἠν
1874 1208 2011 1240 σιωπᾶν
2035 1201 2123 1255 ὑπὲρ
2144 1205 2193 1240 ὡν

1141 1262 1291 1305 οὖδεὶς”
1273 1277 1372 1314 εφερε
1393 1267 1530 1299 σιωπᾶν
1548 1259 1731 1310 (σιωπήνῖ
1750 1264 1794 1299 Ν.
1804 1262 1838 1312 );
1859 1277 1933 1304 πως
1958 1260 1994 1299 δὲ
2010 1260 2060 1311 μὴ
2081 1259 2195 1311 λέγειν

1142 1319 1207 1359 ὅσα
1226 1321 1288 1358 καὶ
1307 1323 1337 1358 οἱ
1358 1320 1408 1371 μὴ
1428 1319 1614 1368 δυναμενοι
1630 1319 1777 1371 λέγειν’
1759 1319 1828 1357 απὸ
1849 1319 2022 1369 στόματος
2034 1319 2194 1373 ἔφραζον,

1142 1380 1175 1423 ἐς
1189 1379 1352 1432 γλυκεῖάν
1369 1394 1445 1417 τινα
1465 1378 1525 1416 καὶ
1542 1381 1678 1430 χρυσῆν
1697 1377 1879 1430 διατριὸὴν
1890 1377 1954 1425 τὴν
1966 1378 2096 1417 ἐκείνου
2108 1381 2194 1417 ἅνα-

1142 1438 1303 1492 φέροντες
1326 1436 1493 1490 (μνήμην
1515 1440 1642 1488 suppl.
1665 1437 1710 1475 N.
1729 1438 1762 1485 );
1788 1438 1859 1477 Καὶ
1886 1440 1904 1475 ὁ
1928 1436 1990 1488 μὲν
2005 1437 2111 1482 πολὺς
2130 1438 2194 1476 ἄν-

1142 1501 1277 1549 θρωπος
1297 1501 1408 1536 ταῦτα
1437 1496 1633 1547 πάσχοντες
1651 1497 1745 1547 ὅμως
1775 1496 1918 1535 ἔλαττον
1939 1498 1972 1539 ἐς
1991 1496 2031 1534 τὸ
2050 1496 2195 1550 γράφειν

1141 1555 1366 1601 ἐξεδιοίζοντο·
1387 1554 1427 1594 τὸ
1445 1555 1480 1594 δὲ
1502 1555 1689 1607 ἐξαίρετον,
1707 1554 1767 1593 καὶ
1785 1555 1848 1603 ὅκτι
1861 1571 1927 1608 περ
1945 1551 1986 1603 ἦν
2003 1558 2037 1594 ἐν
2052 1556 2195 1610 παιδείᾳ

1140 1615 1427 1669 γνωριμώτατον,
1447 1613 1525 1654 οὐδὲ
1544 1615 1688 1669 ἀφιέντα
1718 1614 1880 1668 ἠφίεσαν,
1917 1615 1997 1654 ἀλλ’
2026 1615 2195 1655 ἐνέκειντο

1141 1673 1503 1728 παραθαρσύνοντες
1483 1690 1529 1718 ως
1549 1673 1802 1726 ἐπιληψόμενοι
1821 1675 2000 1725 (συνεπιλ.
2011 1675 2029 1714 ’ἶ
2049 1674 2108 1724 Β.)
2130 1690 2191 1713 του

1143 1733 1264 1772 πόνου.
1294 1734 1338 1773 Ὁ
1359 1733 1431 1772 δὲ’
1416 1750 1448 1777 ες
1467 1733 1511 1771 τὰ
1534 1733 1689 1783 μάλιστα
1709 1733 1861 1785 γεγονὼς
1887 1735 1982 1772 αὐτῶ
2005 1733 2195 1788 γνώριμος,

1144 1786 1162 1830 6
1184 1792 1453 1866 Περγαμηνὸς’
1435 1791 1524 1844 ανὴρ
1537 1791 1796 1844 Ὀριὸασιος,’
1782 1809 1821 1831 εκ
1835 1792 2197 1846 φυσικῆςφιλοσοφίας

1142 1851 1306 1904 ἰατρικὴν
1328 1851 1525 1889 ἐπιτάττειν
1555 1850 1696 1903 ἄριστος
1731 1867 1791 1890 και
1813 1853 1898 1903 δραν
1930 1851 1980 1890 ἔτι
2005 1851 2194 1903 θειότερος,

1141 1909 1201 1948 καὶ
1237 1910 1428 1956 ἀσεὸήσειν
1462 1908 1548 1948 ἐὸόα
1568 1912 1785 1962 περιφανῶς,
1811 1912 1839 1948 εἰ
1861 1909 1922 1961 μὴ’
1942 1911 2197 1964 συγγράφοιμι·

1140 1968 1199 2007 καὶ
1218 1971 1286 2007 τῶν
1306 1985 1345 2020 γε
1365 1968 1525 2021 πράξεων
1545 1968 1682 2016 (πάσας
1699 1969 1735 2007 δὲ
1755 1969 1929 2016 ἠπίστατο
1953 1970 2074 2023 παρὼν
2102 1970 2198 2008 ἁπά-

1141 2029 1236 2080 σαις)
1265 2029 1361 2078 μάλα
1391 2028 1546 2081 ἀκριὸῶς
1585 2028 1779 2078 ὑπόμνημα
1813 2029 1987 2067 συνετέλει
2021 2029 2104 2082 πρὸς
2133 2031 2196 2075 τὴν

1140 2086 1302 2140 γραφήν·
1331 2086 1422 2125 ὥστε
1448 2089 1511 2125 οὐκ
1541 2082 1585 2135 ἦν
1618 2087 1774 2134 ἀναὸολὴ
1814 2088 1873 2127 καὶ
1901 2088 2101 2142 βουλομένῳ
2130 2091 2197 2141 ῥᾳ-

1142 2148 1275 2195 θυμεῖν.

1196 2207 1314 2244 Τοῦτο
1346 2205 1482 2256 ἐγένετο
1517 2204 1556 2244 τὸ
1589 2205 1794 2258 εὐτύχημα,
1825 2205 1886 2244 καὶ
1915 2204 2050 2254 πάντα,
2079 2204 2198 2259 ὥσπερ

1141 2325 1199 2348 nos
1210 2316 1241 2348 in
1254 2316 1323 2357 ejus
1333 2317 1429 2357 gestis
1438 2317 1557 2349 versari
1568 2314 1750 2356 ,amatorio
1761 2317 1863 2349 veluti
1876 2317 2007 2349 stimulo
2020 2326 2098 2357 erga
2106 2317 2197 2350 illum

1144 2368 1296 2408 pellectos
1324 2378 1332 2399 ε
1351 2378 1415 2400 non
1432 2368 1519 2409 quod
1545 2378 1601 2409 per
1617 2371 1732 2401 Jovem
1758 2378 1817 2401 nos
1842 2377 1916 2402 eum
1945 2369 2130 2409 viderimus,
2147 2369 2198 2403 vel

1144 2420 1410 2452 consuetudinem
1437 2429 1513 2452 cum
1533 2430 1572 2453 eo
1587 2421 1796 2453 habuerimus
1817 2434 1824 2452 ς
1843 2429 1974 2462 prorsus
1992 2421 2077 2454 enim
2094 2421 2199 2453 adole-

1142 2473 1307 2505 scentulus
1324 2474 1393 2504 erat
1406 2472 1461 2513 qui
1482 2473 1553 2505 baec
1566 2473 1687 2512 scribit,
1700 2473 1779 2504 dum
1793 2473 1847 2504 ille
1861 2473 2014 2513 regnabat
2029 2483 2037 2505 :
2056 2473 2109 2505 sed
2122 2482 2199 2514 pro-

1143 2524 1227 2556 fecto
1244 2534 1398 2565 magnum
1415 2526 1506 2556 creat
1519 2527 1618 2565 atque
1634 2525 1883 2565 insuperabilem
1899 2534 2044 2557 amorem
2065 2534 2200 2557 concors

1144 2576 1309 2608 hominum
1327 2578 1573 2617 communisque
1581 2585 1692 2608 sensus
1702 2577 1939 2615 ,etlirmissima
1947 2577 2049 2609 deillo
2057 2577 2199 2618 principe

1143 2629 1348 2661 existimatio.
1363 2632 1441 2661 Nam
1451 2629 1613 2670 quomodo
1627 2630 1720 2661 nobis
1733 2629 1942 2662 silereliceret
1953 2655 1962 2669 ,
1971 2630 2011 2662 de
2023 2639 2089 2671 quo
2103 2639 2199 2662 nemo

1144 2680 1358 2712 conticescere
1368 2683 1515 2721 poterat?
1526 2684 1592 2714 Cur
1600 2690 1635 2713 ea
1643 2691 1707 2713 non
1720 2681 1910 2720 diceremus,
1922 2691 1994 2721 quae
2003 2682 2089 2715 fandi
2102 2683 2199 2714 etiam

1143 2732 1281 2772 imperiti
1292 2732 1499 2764 nihilominus
1513 2733 1739 2774 loquebantur,
1754 2733 1882 2765 laudem
1893 2733 1978 2765 illius
1988 2734 2082 2765 dulce
2094 2733 2199 2774 quod-

1144 2784 1218 2815 dam
1232 2785 1264 2815 et
1274 2793 1410 2817 aureum
1432 2785 1574 2816 officium
1588 2785 1742 2816 ducentes
1752 2786 1765 2816 ἐ’
1776 2785 1816 2817 Et
1828 2785 1942 2825 vulgus
1955 2785 2086 2825 quidem
2099 2794 2198 2825 quan·
2234 2786 2236 2789 '

1143 2845 1243 2876 quam
1260 2836 1303 2867 ita
1317 2838 1399 2868 esset
1420 2837 1572 2869 affectum
1583 2862 1592 2877 ‚
1610 2838 1718 2868 minus
1734 2846 1787 2868 me
1807 2838 1917 2869 tamen
1931 2837 1971 2868 ad
1993 2837 2199 2869 scribendum

1144 2888 1374 2928 compellebat3
1392 2889 1445 2920 sed
1460 2889 1545 2920 enim
1564 2889 1698 2929 spectati
1715 2889 1860 2920 homines
1882 2890 1914 2921 et
1933 2890 2093 2930 quotquot
2109 2890 2200 2922 erant

1144 2940 1289 2971 doctrina
1303 2940 1521 2980 illustrissimi,
1534 2941 1702 2973 remissum
1715 2949 1766 2972 me
1775 2949 1840 2971 non
1854 2941 2071 2982 remittebant,
2085 2950 2199 2974 verum

1145 2991 1303 3024 hortando
1332 2992 1494 3024 instabant
1511 3001 1550 3024 ac
1578 3002 1643 3033 prae
1668 3001 1702 3024 se
1731 2991 1860 3025 serendo
1889 2992 2008 3025 laboris
2036 2993 2199 3034 quandam

1145 3046 1417 3078 communionem.
1462 3046 1524 3084 Qui
1538 3054 1616 3077 vero
1632 3046 1798 3078 Julianum
1818 3045 1958 3078 maxime
1972 3047 2107 3077 noverat
2126 3048 2200 3078 Per-

1145 3107 1298 3138 gamenus
1311 3097 1484 3136 Oribasius,
1497 3097 1593 3128 homo
1605 3106 1625 3128 a
1634 3098 1773 3129 naturali
1782 3097 1981 3137 philosophia
1991 3096 2030 3128 ad
2042 3096 2198 3128 medicam

1146 3151 1247 3181 artem
1262 3149 1438 3181 docendam
1454 3148 1682 3189 paratissimus,
1704 3150 1736 3180 et
1751 3148 1792 3179 ad
1806 3148 2018 3180 exercendam
2031 3148 2137 3179 adhuc
2149 3148 2198 3179 di-

1146 3202 1261 3241 vinior,
1277 3209 1327 3233 me
1338 3202 1434 3233 etiam
1448 3201 1581 3241 impium
1594 3200 1788 3232 inclamabat
1797 3202 1907 3241 aperte
1916 3226 1924 3240 ‚
1936 3201 1996 3232 nisi
2009 3200 2050 3232 ad
2060 3200 2198 3232 scriben-

1146 3254 1225 3285 dum
1243 3254 1476 3286 incumberem.
1523 3254 1612 3286 Idem
1637 3263 1745 3285 rerum
1771 3262 1900 3294 quoque
1917 3255 2098 3294 gestarum,
2119 3260 2199 3293 quas

1147 3315 1259 3337 omnes
1269 3307 1379 3346 utpote
1389 3314 1528 3346 praesens
1538 3306 1683 3344 noverat,
1694 3314 1850 3346 perquam
1859 3306 2027 3337 accuratos
2037 3312 2199 3335 commen-

1147 3358 1245 3401 tarios
1273 3357 1351 3388 mihi
1366 3357 1405 3388 ad
1433 3357 1598 3389 historiam
1624 3357 1824 3388 scribendam
1850 3356 2075 3397 suppeditavit.
2092 3357 2198 3393 Quare

1146 3419 1213 3443 non
1227 3409 1287 3443 suit
1305 3410 1449 3442 morandi
1463 3411 1615 3451 potestas,
1630 3410 1753 3443 etiamsi
1767 3410 1858 3442 otiari
1876 3408 2059 3441 voluissem.
