2326 3724
90 246 166 280 2¹0

90 325 181 378 ἀμφὶ
209 324 253 364 τὰ
283 324 366 364 δέκα
397 324 477 374 ἔθνη
508 325 833 377 καταγωνισάμενος
857 328 1071 374 κατέστησεν
1104 329 1138 371 ἐς

90 382 196 435 φόρου
233 381 444 435 ἀπαγωγὴν,
473 385 534 422 καὶ
563 384 615 423 ὅτι
641 383 704 432 τὴν
724 388 793 424 τῶν
821 385 1041 436 Ἰζφθαλιτῶν
1074 401 1138 424 κα-

91 441 307 494 τεστρέψατο
337 442 496 494 δύναμιν,
527 443 588 481 καὶ
618 442 681 491 μὲν
712 437 770 481 οῧν
801 446 954 495 βασιλεῖς
990 445 1139 497 ἐχειρώ-

91 514 178 538 σατο
205 500 406 548 πλείστους,
435 501 495 540 καὶ
514 504 559 545 ὡς
585 501 734 552 ἄγανταί
761 518 798 540 τε
826 503 929 540 αὐτὸν
950 502 1009 540 καὶ
1037 501 1139 548 τεθή-

91 573 198 596 πασιν
214 560 246 597 οἱ
259 559 374 612 ἐκείνῃ
392 559 576 612 βάρὸαροι,
593 559 653 598 καὶ
669 563 714 603 ὡς
728 559 819 598 κατὰ
836 560 875 598 τὸ
890 565 1066 613 προσῆκον
1079 560 1140 598 καὶ

92 618 155 655 οὐκ
174 619 316 662 ἀπεικὸς
336 621 431 672 αὐτῷ
445 623 466 666 ἡ
487 619 669 669 ἐπωνυμία
684 618 920 671 κεκόμψευται
935 619 973 657 τὸ
992 619 1139 671 βασιλέα

91 676 412 729 προσαγορεύεσθαι
442 677 626 729 βασιλέων,
656 681 766 715 ταῦτα
787 677 846 715 καὶ
869 677 913 714 τὰ
938 677 1054 715 τοιάδε
1080 680 1140 714 τοῦ

95 735 167 786 Ζὶχ
185 735 264 788 περὶ
279 736 438 789 Χοσρόου
456 735 696 787 μεγαληγορίᾳ
712 735 940 787 χρησαμένου
961 737 996 774 ἐν
1018 735 1140 785 διηγή-

94 809 192 843 ματι,
209 794 347 841 ἐξῆλθεν
363 799 381 833 ὁ
402 795 535 847 Πέτρος
553 794 687 833 τοιάνδε
704 793 859 845 ἱστορίαν
883 794 980 831 τινά·
1001 797 1047 837 ὡς
1064 794 1143 843 ἐγέ-

93 853 172 891 νετό
185 869 236 898 τις
256 856 290 892 ἐν
306 855 375 898 τοῖς
390 854 502 892 πάλαι
516 870 552 891 τε
567 853 626 891 καὶ
647 853 814 891 ἀνωτάτω
827 852 964 905 χρόνοις
982 853 1143 905 βασιλεὺς

93 912 301 964 Αἰγύπτιος,
321 912 431 963 ὄνομα
451 912 649 964 Σέσωστρις
663 941 674 960 ,
693 911 752 950 καὶ
766 906 823 949 οὖν
841 926 880 961 γε
901 912 1144 962 συμπνεούσης

95 971 191 1024 αὐτῷ
211 974 271 1017 τ’ἧς
290 971 398 1024 τύχης
418 970 557 1022 μεγάλα
577 970 688 1022 ἐφύσα
708 969 767 1007 καὶ
787 970 866 1016 ἔθνη
897 969 1046 1043 μέγιστα
1074 986 1144 1009 κα-

95 1031 219 1080 θεῖλεν,
240 1046 286 1073 ως
303 1031 569 1080 δουλαγωγησαι
587 1028 647 1066 καὶ
665 1029 841 1101 βρισιλεῒς,
862 1044 922 1066 και
945 1029 1003 1066 ἐπὶ
1018 1032 1144 1067 τοσοῦ-

95 1101 154 1124 τον
170 1089 318 1138 ἀρθῆναι
338 1087 595 1134 ἀλαζονείας,ε
577 1103 623 1131 ως
639 1101 699 1125 και
720 1086 844 1139 ὄχημα
861 1086 1145 1139 χρυσοκόλλητον

96 1145 367 1196 συμπηξασθαι,
389 1145 449 1184 καὶ
467 1148 540 1183 ἀνθ’
560 1149 609 1183 ὧν
635 1145 761 1189 ι’ππους
782 1145 895 1184 δέον
877 1162 899 1192 η
921 1145 1021 1198 ε’τερα
1039 1147 1146 1183 ἑλκυ-

98 1204 224 1257 στῆρια
253 1207 346 1257 ζῶα,
369 1205 448 1248 τους
469 1204 731 1258 δοριαλώτους’
716 1204 863 1248 εκείνους
884 1206 1067 1256 βασιλεῖς
1055 1220 1146 1243 υπα-

97 1267 218 1315 γαγεῒν
234 1266 282 1316 τῷ
299 1266 412 1316 ζυγῷ,
431 1262 521 1302 οὕτω
540 1280 576 1302 τε
597 1263 840 1316 διφρευόμενον
857 1263 915 1301 διὰ
933 1266 1000 1302 τῶν
1019 1263 1149 1316 λεωφό·

100 1337 167 1373 ρων
183 1322 408 1375 ἐπιφέρεσθαι
427 1321 683 1376 (ἐπιφαίνεσθαι
695 1323 797 1371 conj.
813 1323 872 1372 Β.)
888 1323 957 1365 τοῖς
969 1322 1146 1368 ὑπηκόοις.

97 1382 215 1419 Τοῦτο
242 1381 317 1419 ἐπεὶ
345 1381 518 1434 ὁσημέραι
547 1381 721 1428 ἐπετέλει,
750 1383 819 1418 τῶν
841 1397 890 1425 τις
919 1381 1091 1434 βασιλέων
1110 1381 1150 1420 τὸ

99 1439 220 1492 ὄχημα
231 1440 400 1479 ἑλκόντων
413 1440 503 1478 κατὰ
515 1439 552 1478 τὸ
564 1439 669 1492 ἄκρον
682 1439 898 1490 ἐζευγμένος,
911 1439 1150 1492 συνεχέστατα

99 1514 174 1542 πως
193 1499 252 1536 καὶ
268 1498 464 1545 λεληθότως
485 1498 712 1549 (πεπηγότως
728 1500 832 1547 conj.
851 1499 916 1547 Β.)
936 1499 982 1540 εἷς
995 1498 1150 1536 τούπίσω

100 1557 141 1596 τὸ
164 1559 308 1609 βλέμμα
335 1557 564 1610 ἐπιστρέφων,
594 1559 714 1595 ἐθεᾶτο
741 1556 798 1595 τὸν
818 1557 941 1629 τροχὸν
967 1555 1150 1595 κυλινδού-

103 1618 204 1666 μενόν
225 1633 261 1654 τε
278 1616 338 1654 καὶ
363 1619 406 1668 τῇ
427 1619 487 1662 τῆς
516 1631 684 1662 κινησεως
711 1615 907 1668 συνεγεία..
894 1617 928 1653 ἐν
949 1617 1061 1653 ἑαυτῶ
1087 1630 1153 1652 πε-

106 1674 299 1725 ριελιττόμε
303 1690 374 1713 νον.
421 1674 679 1726 Ἐποχούαενος
720 1674 762 1720 δὴ
802 1677 859 1711 οὖν
903 1676 921 1711 ὃ
955 1673 1153 1723 Σέσωστρις

103 1733 299 1793 (ἐπέσκηψε
338 1731 448 1784 γάρ),
484 1750 499 1766 «
535 1732 580 1771 Τί
615 1733 721 1780 δῆτα,
757 1731 842 1784 ἔοη,
877 1747 978 1770 τουτο
1021 1733 1151 1779 ποιεῖς,

105 1794 134 1830 ὠ
151 1795 267 1838 οὗτος,
290 1809 305 1825 »
323 1791 369 1830 ‘O
390 1791 426 1829 δὲ
445 1790 677 1842 ἀμοιὲαδὸν”
659 1807 743 1843 εφη·
766 1809 780 1825 «ι
800 1785 891 1829 ἘΣ
873 1805 907 1828 οε
900 1790 1044 1838 ’,σποτα
1064 1793 1152 1842 ὅρων

102 1849 161 1888 τὸν
183 1866 322 1903 τροχον,
343 1852 388 1893 ὡς
404 1849 500 1900 θαμὰ
518 1850 738 1902 περιδινούμε
726 1865 796 1892 νος
815 1850 877 1887 οὐκ
895 1849 952 1887 ἐπι
967 1865 1028 1895 της
1045 1851 1153 1896 αὔτης

107 1908 240 1960 βάσεως
260 1909 354 1959 μένει
375 1909 452 1956 ὅδε,
471 1907 562 1946 ἀλλὰ
581 1907 648 1961 γὰρ
669 1908 740 1945 divo)
762 1907 860 1945 κάτω
885 1907 1072 1960 φερόμενος
1087 1907 1150 1954 τὴν

106 1967 388 2020 ἇρματοτροχίαν
411 1966 606 2019 ἐργάζεται.
628 1984 643 2000 υ
665 1969 779 2005 Τοῦτο
805 1965 966 2013 ἀκηκοὼς
996 1968 1015 2004 ὁ
1042 1964 1153 2017 Αἰγύ-

110 2073 279 2105 redimitus
298 2072 426 2110 suisset,
446 2071 556 2103 decem
581 2071 710 2111 gentes,
727 2079 802 2102 cum
821 2070 941 2110 quibus
955 2070 1157 2110 dimicasset,

107 2125 268 2156 tributum
291 2123 432 2164 pendere
466 2123 620 2162 coegisse,
651 2124 684 2154 et
707 2122 964 2163 Ephthalitarum
982 2122 1158 2163 potentiam

108 2177 277 2214 evertisse,
294 2178 326 2207 et
343 2175 461 2206 multos
475 2183 562 2215 reges
581 2174 759 2214 subegisse,
773 2174 807 2205 et
819 2182 932 2206 ornnes
950 2174 1075 2205 illarum
1092 2175 1158 2206 ter-

109 2237 219 2259 rarum
234 2227 386 2259 barbaros
401 2227 503 2266 ipsum
521 2227 626 2258 colere
637 2227 670 2257 et
687 2226 844 2264 venerari,
863 2225 950 2258 unde
959 2225 1032 2266 jure
1044 2227 1077 2258 et
1091 2234 1160 2258 me-

110 2279 171 2311 rito
188 2279 270 2319 regis
289 2278 655 2318 regumappellationem
675 2277 734 2309 sibi
750 2278 892 2310 sumeret
907 2290 914 2309 :
932 2286 1032 2318 quum
1045 2277 1115 2309 haec
1129 2279 1161 2310 et

110 2330 292 2370 hujusmodi
309 2330 426 2362 Ziclms
443 2329 483 2361 de
501 2329 644 2362 chosroe
657 2329 866 2370 praedicaret,
883 2330 915 2361 et
930 2328 1099 2370 magnifice
1115 2329 1160 2361 lo·

110 2385 277 2423 queretur,
299 2384 415 2414 Petrus
425 2406 434 2420 ,
452 2381 585 2422 paulum
598 2391 616 2413 a
631 2381 793 2422 proposito
806 2381 997 2422 digrediens,
1014 2382 1098 2414 lianc
1111 2381 1160 2413 ui-

110 2435 242 2466 storiam
254 2434 411 2467 recitavit.
423 2446 437 2460 «
452 2435 538 2473 Erat,
555 2433 670 2472 inquit,
679 2433 756 2464 olim
768 2433 877 2474 priscis
886 2433 1084 2473 temporibus
1093 2433 1162 2474 qni-

112 2486 186 2518 dam
204 2485 422 2526 AEgyptiorum
433 2485 648 2524 rex,nomine
667 2485 832 2517 SesostriS.
847 2486 898 2522 Is,
916 2493 1017 2525 quum
1033 2485 1079 2516 illi
1097 2486 1161 2516 sor-

112 2540 201 2569 tuuae
215 2546 295 2568 aura
311 2536 453 2574 afflaret,
473 2544 605 2575 magnos
628 2534 758 2576 spiritus
783 2536 938 2576 sumpsit,
967 2536 1000 2567 et
1018 2537 1164 2576 potentes

113 2591 222 2630 gentes
239 2589 382 2628 domuit,
401 2590 433 2621 et
448 2597 559 2620 earum
578 2596 664 2627 reges
686 2588 830 2628 captivos
845 2588 930 2627 secit,
944 2596 1047 2629 eoque
1065 2588 1161 2621 deve-

114 2644 163 2674 nit
180 2642 388 2681 arrogantiae,
405 2642 440 2673 ut
457 2649 589 2673 currum
603 2640 794 2672 deauratum
811 2640 1000 2681 fabricaret,
1017 2642 1049 2673 et
1061 2650 1162 2682 equo-

116 2703 186 2726 rum
198 2695 230 2726 et
241 2694 378 2725 aliorum
392 2693 578 2724 animalium
593 2693 736 2724 vecturae
747 2693 896 2733 aptorum
909 2693 980 2724 loco
994 2700 1081 2732 reges
1093 2693 1165 2726 illos

114 2746 262 2787 captivos
272 2746 349 2786 jugo
367 2746 502 2786 aptaret.
548 2746 590 2778 Et
609 2745 653 2776 ita
670 2745 783 2777 vectus
795 2753 851 2785 per
863 2745 928 2777 vias
941 2745 1083 2786 publicas
1098 2754 1165 2778 sese

115 2799 251 2831 subditis
269 2797 451 2829 exhibebat.
471 2800 550 2835 Quae
563 2787 669 2837 ‘quum
685 2796 828 2836 quotidie
843 2797 1032 2836 factitasset,
1050 2797 1166 2828 accidit

118 2851 154 2882 ut
167 2849 307 2890 quodam
319 2849 370 2881 die
393 2857 476 2880 unus
491 2848 607 2880 exiliis
627 2848 771 2888 regibus,
786 2847 842 2888 qui
860 2849 929 2880 erat
944 2856 1071 2880 summo
1089 2848 1166 2889 Jugo

119 2904 265 2943 aptatus,
279 2903 401 2934 intente
414 2903 446 2933 et
455 2901 560 2933 delixe
573 2901 701 2932 vultum
716 2902 903 2941 retorquens
912 2925 921 2939 ,
939 2902 1095 2942 spectaret
1111 2910 1164 2933 ro-

118 2956 186 2986 tam
199 2964 233 2987 se
245 2954 551 2986 circumvolventem
565 2954 596 2986 et
608 2953 847 2986 continuatione
856 2954 964 2986 motus
977 2954 1009 2985 in
1022 2954 1164 2994 seipsam

121 3007 344 3038 revertentem.
355 3007 464 3043 Quum
478 3005 510 3036 id
521 3005 682 3044 Sesostris,
696 3005 752 3046 qui
765 3005 1165 3045 vehebatur,animadver-

121 3058 221 3096 tisset,
233 3065 306 3088 eum
322 3056 507 3097 increpans,
524 3069 541 3083 «
558 3056 644 3094 Quid
658 3065 766 3088 rerum
779 3057 845 3097 agis
854 3058 874 3087 θ’
887 3070 901 3085 »
920 3057 1033 3097 inquit.
1050 3070 1064 3084 «
1081 3059 1165 3089 Con-

122 3109 272 3149 temptor,
292 3109 456 3149 respondit
471 3108 543 3147 ille,
560 3109 707 3148 domine,
723 3109 805 3140 lianc
828 3110 951 3148 rotam,
972 3117 1045 3149 quae
1067 3118 1102 3141 se
1119 3109 1167 3141 al·

123 3161 222 3193 ternis
250 3160 432 3199 frequenter
463 3159 497 3190 in
521 3159 631 3190 orbem
657 3159 863 3199 circumagit,
895 3168 968 3200 quae
1002 3168 1168 3200 nunquam

124 3211 237 3243 eodem
259 3211 330 3242 loco
348 3211 471 3248 manet,
489 3210 543 3242 sed
571 3210 670 3242 fertur
687 3210 782 3242 modo
798 3211 962 3251 superius,
981 3211 1076 3242 modo
1093 3211 1170 3243 inse-

125 3265 208 3302 rius,
223 3263 424 3296 etitacurrus
434 3263 636 3302 agitationem
651 3263 765 3295 facitet
772 3265 933 3304 operatur.
952 3277 966 3291 υ
981 3266 1056 3295 llaec
1069 3273 1168 3304 quum

126 3315 267 3347 audisset
279 3322 337 3346 rex
351 3314 535 3354 AEgyptius,
563 3317 594 3346 et
610 3314 743 3346 sentiret
771 3314 860 3346 illum
877 3315 1016 3346 iudicare
1034 3316 1171 3348 fortunae

129 3362 378 3393 inconstantiam
395 3364 427 3393 et
444 3361 697 3400 volubilitatem,
718 3371 791 3402 quae
812 3371 935 3403 semper
951 3363 1102 3402 volvitur,
1121 3373 1178 3396 ne-

126 3423 188 3453 que
204 3413 314 3446 eodem
334 3413 404 3444 loeo
420 3415 595 3454 permanet,
614 3415 645 3446 et
660 3415 738 3446 rotae
754 3423 878 3455 semper
896 3415 1036 3448 volventi
1053 3425 1101 3448 res
1118 3417 1177 3448 liu-

822 238 1101 280 MENANDRI
1139 241 1492 282 PROTECTORIS

1197 344 1313 376 πτιος,
1334 329 1393 367 καὶ
1412 331 1475 380 μὲν
1493 324 1552 368 οῧν
1577 328 1858 383 τεκμηράμενος,
1876 331 1922 375 ὡς
1947 331 2186 371 ὖπαινίττεται
2200 331 2242 372 τὸ

1199 389 1422 438 ἀστάθμητόν
1442 404 1478 426 τε
1493 387 1552 426 καὶ
1566 388 1785 439 παλίμέολον
1799 392 1859 436 τ’ῆς
1872 389 1982 442 τύχης
1995 391 2054 429 καὶ
2067 394 2113 435 ὡς
2127 393 2243 444 τροχῷ

1199 446 1393 498 κυλιομένῳ
1410 445 1500 485 ἔοικε
1524 446 1568 484 τὰ
1595 448 1812 499 ἀνθρώπεια,
1844 447 1990 495 ξυνῆκε,
2019 448 2068 499 μὴ
2095 449 2164 502 ἄρα
2183 448 2246 488 καὶ

1200 503 1302 547 αὐτὸς
1320 503 1436 556 χρόνῳ
1466 503 1550 543 ποτὲ
1570 504 1716 558 τοιούτῳ
1735 506 1958 558 προσπταίσῃ
1980 507 2245 560 δυστυχήματι,

1200 565 1258 599 τοῦ
1278 563 1400 600 λοιποῦ
1420 578 1456 600 τε
1477 562 1658 602 ἐπαύσατο
1676 562 1768 602 κατὰ
1784 564 1843 602 τὸν
1860 566 2099 618 προλεχθέντα
2118 565 2245 619 τρόπον

1201 620 1480 672 ἁρματηλατεῖν·
1501 621 1585 673 πρὸς
1599 623 1669 665 τοῖς
1684 621 1787 669 [τους]
1806 623 2081 674 δεδουλωμένους
2096 626 2127 662 οἱ
2145 627 2248 677 βασι·

1201 677 1307 720 λεῖς’
1289 693 1401 730 αφηκε
1418 678 1479 717 καὶ
1495 684 1571 723 ταῖς
1591 682 1686 732 σφῶν
1702 681 1814 718 αὐτων
1832 682 2032 731 ἡγεμονίαις
2048 682 2249 722 ἐνεὸίὸασεν

1202 730 1310 778 αυθις.
1327 736 1501 775 Ενταῦθα
1523 737 1682 790 Πέτρῳ’
1667 737 1845 777 επαύσατο
1859 755 1921 785 της
1937 740 2090 794 ἱστορίας
2103 743 2121 780 ὃ
2133 740 2249 793 λόγος,

1203 793 1480 866 ἔγχαλινώσαντι
1501 794 1565 842 τὴν
1584 811 1644 834 του
1665 797 1736 848 Ζὶχ
1754 797 1833 849 περὶ
1863 798 2023 850 Χοσρόου
2051 801 2250 852 μεγαληγο-

1206 853 1298 905 ρίαν.
1340 848 1431 892 Εἶτα
1470 853 1663 906 διελέγοντο
1696 859 1792 900 αυθις
1829 856 1909 909 περὶ
1952 859 2021 895 τῶν
2053 857 2251 909 πρακτέων.

1203 911 1364 951 Ἅπαντα
1395 911 1458 964 μὲν
1487 913 1578 966 γὰρ,
1609 915 1656 958 ὥς
1685 931 1778 966 ενην,
1806 915 2022 989 ἀμφίὸολα’
2006 933 2041 955 εν
2068 915 2164 962 τάξει
2190 915 2253 955 καὶ

1204 971 1326 1024 κόσμω
1341 972 1575 1019 καθειστήκει.
1598 973 1656 1012 Τὰ
1681 977 1739 1012 οὖν
1759 974 1838 1027 περι
1860 975 2034 1013 Σουανίαν
2056 974 2106 1013 ἔτι
2134 976 2168 1014 ἐν
2188 990 2254 1026 με-

1205 1044 1324 1082 τεωρῳ
1337 1032 1492 1082 ὓπηρχε,
1508 1030 1568 1068 καὶ
1589 1033 1693 1069 ὖπελε
1686 1031 1816 1071 ’λειπτό
1835 1047 1932 1082 σφισι
1954 1033 2044 1083 μόνα
2064 1033 2119 1072 ἐπ’
2140 1035 2250 1087 ἀμφι-

1207 1086 1314 1140 Εόλῳ.
1335 1089 1398 1140 ”ςΙῶ
1411 1102 1463 1125 τοι
1481 1087 1593 1133 ἔλεξεν
1608 1083 1676 1127 ὧδε
1694 1090 1847 1142 Πέτρος·
1872 1109 1888 1125 κ
1905 1091 2116 1130 Πλείστων
2101 1090 2252 1129 επαίνων

1207 1145 1333 1190 ἄξιός’
1318 1162 1410 1185 εστιν
1431 1147 1541 1199 ἀνὴρ,
1566 1147 1602 1192 ὃς
1625 1147 1741 1186 τέλεια
1762 1148 2008 1201 βουλευόμενος
2026 1150 2194 1188 τέλειον’
2178 1164 2255 1188 επι-

1208 1205 1308 1251 θήσοι
1327 1206 1401 1249 ταῖς
1420 1205 1584 1268 repetisse„
1584 1206 1624 1244 τὸ
1639 1206 1763 1259 πέρας.
1794 1209 1839 1247 Εἰ
1866 1207 1934 1260 γὰρ
1951 1207 2104 1246 ἐλλείπει
2130 1223 2163 1246 τι
2183 1209 2255 1246 τῶν

1209 1264 1367 1312 δεόντων,
1394 1264 1532 1309 ἐλλιπὲς
1551 1269 1650 1315 οἶμαι
1673 1281 1733 1303 και
1752 1268 1802 1303 τῶ
1821 1266 2060 1320 βουλευομένῳ
2077 1265 2255 1319 φρόνημα

1210 1324 1288 1361 Οὐκ
1307 1325 1384 1369 εἷκῆ
1403 1322 1439 1361 δὲ
1459 1339 1519 1361 και
1538 1323 1654 1374 μάτην
1670 1324 1806 1377 εἴρηται
1822 1340 1880 1362 νυν
1897 1327 1982 1376 ἡμῖν
2003 1326 2021 1363 ὁ
2042 1324 2158 1376 λόγος·
2171 1324 2259 1377 πρὸς

1211 1381 1249 1419 σὲ
1271 1380 1307 1418 δὲ
1335 1381 1539 1434 φερόμενος,
1560 1385 1589 1420 ὠ
1609 1382 1700 1435 Ζὶχ,
1729 1382 1920 1434 ςΡωμαίοις
1946 1398 1983 1422 τε
2011 1398 2071 1421 και
2103 1381 2260 1436 Πέρσαις

1211 1455 1404 1492 φανησεται
1415 1441 1704 1494 λυσιτελέστερος.
1716 1441 1865 1493 Εἴποιμι
1876 1441 1912 1480 δέ
1919 1457 1993 1486 πως
2006 1440 2256 1495 φανερώτερον.

1212 1498 1366 1537 Σουανία
1398 1498 1589 1549 Ῥωμαίοις
1616 1503 1772 1553 ὑπ’ἧρχε,
1801 1500 1861 1538 καὶ
1890 1500 2064 1551 Ῥωμαῖοι
2093 1500 2261 1543 Σουᾶνοις

1211 1558 1381 1596 ἐκέλευον.
1401 1557 1539 1608 Ἀμέλει
1564 1558 1715 1603 Τζαθίου
1735 1558 1900 1598 Σουοὶνων
1930 1558 2160 1611 ἐξηγουμένου
2179 1557 2262 1598 Δεί-

1211 1615 1314 1659 τατός
1339 1617 1458 1666 (infra
1474 1615 1674 1668 Ἐξίσατος)
1692 1632 1743 1660 τις
1763 1615 1941 1667 Ῥωμαῖος
1960 1616 2048 1669 ἀνὴρ
2066 1619 2135 1655 τῶν
2150 1618 2262 1655 ἐκεῖσε

1214 1673 1427 1724 Ῥωμαϊκῶν
1454 1674 1657 1725 καταλόγων
1677 1674 1847 1727 ἐτύγχανε
1873 1674 2065 1728 προεστώς·
2090 1674 2182 1713 ἀλλὰ
2201 1673 2263 1712 καὶ

1213 1732 1322 1782 ἕτεροί
1337 1748 1424 1776 τινες
1435 1733 1621 1784 Ῥωμαίων
1635 1735 1670 1772 ἐν
1685 1733 1850 1778 Σουοίνοις
1863 1735 2043 1772 ἐποιοῦντο
2053 1733 2115 1777 τὰς
2129 1735 2263 1784 διατρι-

1215 1791 1290 1835 ὅοίς.
1310 1792 1523 1842 Δυσμενείας
1544 1791 1580 1830 δέ
1603 1807 1693 1836 τινος
1713 1792 1929 1844 [γενομένης]
1950 1791 2079 1844 μεταξὺ
2098 1795 2158 1830 τοῦ
2178 1793 2261 1831 Λα-

1215 1853 1281 1895 ζῶν
1303 1850 1474 1902 βασιλέως
1491 1850 1552 1889 καὶ
1578 1850 1760 1904 Μαρτίνου
1780 1855 1839 1889 τοῦ
1860 1850 2044 1902 Ἱ)ωμαίου
2067 1853 2262 1897 τηνικαῦτα

1216 1910 1326 1947 ἐκεῖσε
1344 1913 1619 1960 στρατηγοῦντος
1630 1938 1640 1956 ,
1656 1908 1779 1948 τούτου
1796 1908 1896 1947 ἕνεκα
1914 1912 1932 1947 ὁ
1949 1910 2086 1961 Κόλχος
2100 1910 2163 1947 οὔκ
2181 1907 2264 1946 ἀπέ·

1217 1968 1328 2005 στειλε
1345 1967 1510 2011 Σουάνοις
1525 1966 1563 2005 τὸ
1583 1967 1725 2014 σύνηθες
1751 1967 1947 2020 σιτηρέσιον
1962 1984 1971 1992 ·
1992 1967 2065 2011 ἔθος
2083 1966 2152 2020 γὰρ
2168 1969 2264 2018 πέμ·

1218 2079 1329 2102 manas
1358 2070 1477 2103 similes
1498 2079 1565 2103 esse
1584 2083 1591 2102 :
1615 2071 1738 2104 veritus
1766 2080 1808 2104 ne
1831 2072 1899 2112 ipse
1923 2071 2056 2112 posthac
2071 2071 2104 2103 in
2125 2071 2267 2112 aliquam

1217 2121 1431 2154 calamitatem
1452 2122 1623 2162 incideret,
1640 2123 1795 2155 abstinuit
1817 2122 1967 2164 deinceps
1993 2132 2032 2156 eo
2055 2122 2175 2162 modo,
2200 2131 2268 2164 quo

1217 2174 1378 2214 diximus,
1396 2174 1491 2214 vehi,
1506 2176 1539 2207 et
1559 2175 1715 2216 praeterea
1732 2184 1820 2216 reges
1832 2174 1918 2216 apud
1941 2183 1975 2208 se
1998 2175 2186 2208 servitutem
2205 2183 2269 2207 ser·

1217 2226 1340 2258 vientes
1355 2226 1388 2257 in
1403 2235 1462 2258 sua
1475 2235 1571 2267 regna
1581 2251 1590 2267 ‚
1606 2228 1643 2258 ut
1657 2227 1722 2258 illic
1732 2251 1741 2267 ,
1751 2226 2026 2268 quemadmodum
2039 2227 2145 2266 antea,
2159 2234 2270 2266 regna·

1218 2278 1310 2317 rent,
1330 2277 1463 2309 dimisit.
1488 2289 1505 2305 ι»
1528 2278 1590 2310 Hic
1612 2277 1710 2310 tinem
1734 2278 1859 2318 accepit
1876 2277 1962 2310 Petri
1978 2286 2082 2310 sermo
2100 2276 2269 2310 historiam

1218 2329 1402 2368 recitantis,
1428 2339 1494 2371 quo
1526 2329 1616 2362 Zicui
1640 2329 1945 2370 magniloquentiam
1969 2328 2129 2370 repressit.
2147 2328 2270 2362 Deinde

1218 2380 1437 2414 disseruerunt
1457 2381 1498 2414 de
1527 2380 1578 2413 his
1598 2389 1672 2422 quae
1700 2380 1821 2421 agenda
1847 2380 2022 2413 restabant.
2045 2381 2161 2413 cetera
2180 2380 2270 2413 enim

1219 2434 1345 2474 omnia,
1361 2433 1470 2474 quoad
1486 2433 1555 2474 ejus
1571 2433 1639 2466 [ieri
1652 2433 1816 2474 potuerat,
1836 2433 1957 2474 quaein
1970 2432 2188 2466 controversia
2205 2434 2271 2466 tue-

1220 2487 1310 2526 rant,
1325 2485 1499 2526 composita
1514 2485 1739 2525 transactaque
1754 2485 1858 2524 erant,
1877 2483 2020 2525 exceptis
2038 2492 2114 2525 qum
2129 2484 2169 2516 ad
2184 2487 2266 2518 Sua-

1219 2539 1306 2570 niam
1325 2537 1544 2578 pertinebant,
1571 2546 1645 2578 quae
1661 2538 1728 2570 sola
1744 2537 1777 2569 in
1790 2546 1944 2578 suspenso
1965 2537 2072 2570 adhuc
2095 2538 2129 2570 et
2146 2537 2270 2570 ineerta

1219 2590 1402 2621 manebant.
1423 2583 1538 2630 Itaque
1554 2591 1666 2621 Petrus
1675 2589 1772 2621 Zicho
1782 2589 1887 2621 dixit:
1903 2601 1919 2617 «
1931 2589 2042 2622 Multis
2054 2588 2204 2622 laudibus
2216 2589 2268 2622 vir

1220 2641 1275 2673 ille
1287 2640 1401 2681 dignus
1413 2641 1479 2680 est,
1509 2640 1565 2681 qui
1578 2641 1718 2681 perfecte
1741 2641 1833 2672 utilia
1845 2639 1979 2681 suadet,
1995 2639 2174 2682 eademque
2199 2649 2272 2682 per-

1222 2695 1303 2726 fecte
1313 2694 1355 2726 ad
1366 2694 1490 2726 exitum
1503 2694 1663 2735 perducit.
1680 2695 1821 2734 Etenim,
1835 2694 1861 2727 si
1877 2694 1956 2735 quid
1967 2694 2002 2726 in
2010 2694 2061 2727 his
2080 2694 2190 2734 deest,
2209 2694 2272 2727 im-

1221 2745 1385 2778 becillitati
1399 2745 1513 2786 opinor
1533 2745 1645 2785 judicii
1663 2746 1732 2786 eJus
1743 2770 1753 2786 ,
1767 2746 1824 2786 qui
1840 2746 2005 2786 negotium
2017 2746 2169 2788 suscepit,
2183 2747 2274 2780 attri-

1222 2798 1344 2830 buitur.
1374 2800 1444 2830 Non
1472 2798 1635 2830 immerito
1658 2807 1765 2839 neque
1787 2801 1911 2831 temere
1931 2799 2003 2831 haec
2025 2807 2045 2831 a
2061 2807 2112 2832 me
2135 2799 2274 2832 habetur

1222 2849 1338 2889 oratio,
1357 2858 1431 2890 quae
1444 2849 1485 2881 ad
1512 2851 1546 2882 te
1561 2849 1701 2889 directa,
1724 2858 1745 2881 o
1767 2850 1881 2890 Zielie,
1909 2850 2040 2882 tandem
2067 2851 2102 2882 in
2123 2859 2273 2890 magnam

1223 2902 1443 2932 Romanorum
1453 2901 1485 2932 et
1496 2902 1662 2932 Persarum
1673 2900 1845 2932 utilitatem
1856 2902 1904 2932 est
1915 2901 2142 2934 redundatura.
2158 2902 2272 2934 Dicam

1224 2961 1283 2993 ego
1297 2953 1404 2993 paullo
1421 2953 1574 2994 apertius.
1602 2952 1721 2986 Suania
1745 2953 1876 2986 ditionis
1900 2955 2120 2987 Romanorum
2137 2954 2216 2994 fuit,
2239 2955 2274 2987 et

1226 3004 1341 3037 Suanis
1357 3005 1493 3036 Romani
1515 3005 1726 3045 imperarunt.
1744 3006 1818 3042 Quo
1830 3005 1976 3046 tempore
1990 3006 2100 3037 autem
2123 3006 2275 3038 Tzatuius

1226 3064 1337 3088 eorum
1366 3055 1435 3087 dux
1461 3056 1554 3096 erat,
1590 3055 1717 3088 Ditatus
1746 3055 1900 3096 quidam,
1927 3058 2102 3099 Romanus,
2139 3058 2276 3098 praeerat

1228 3107 1378 3140 Romanis
1392 3107 1564 3145 militibus,
1580 3107 1637 3147 qui
1650 3107 1716 3139 illic
1730 3107 1764 3139 in
1774 3107 1929 3148 praesidiis
1943 3108 2078 3148 agebant
2091 3121 2098 3140 :
2109 3108 2180 3141 tum
2194 3117 2275 3151 quo-

1227 3169 1291 3201 que
1306 3159 1400 3191 multi
1420 3158 1556 3191 Romani
1580 3158 1664 3190 inter
1683 3160 1807 3191 Suanos
1833 3158 2029 3192 domicilium
2058 3159 2220 3194 habebant
2242 3161 2276 3194 et

1229 3210 1523 3243 commorabantur.
1549 3211 1630 3242 Orta
1655 3210 1795 3250 quadam
1820 3210 1903 3243 inter
1930 3212 2089 3243 Lazorum
2111 3220 2217 3253 regem
2242 3213 2276 3245 et

1230 3264 1416 3304 martinum,
1424 3265 1639 3296 Romanorum
1649 3263 1729 3295 tunc
1736 3263 1888 3303 temporis
1895 3263 1926 3295 in
1935 3263 1984 3296 liis
1993 3263 2137 3304 partibus
2145 3264 2274 3304 ducem,

1229 3315 1385 3348 discordia
1398 3339 1408 3356 ,
1418 3315 1557 3348 Colchus
1568 3314 1696 3347 mittere
1709 3314 1823 3346 Suanis
1835 3315 1980 3355 praestari
1993 3315 2123 3347 solitum
2135 3315 2274 3348 frumen·

1230 3369 1301 3401 tum
1317 3367 1484 3400 recusavit.
1500 3368 1571 3399 Mos
1585 3367 1669 3399 enim
1683 3367 1751 3399 erat
1764 3367 1848 3398 mitti
1864 3375 1883 3398 a
1903 3375 1974 3407 rege
1989 3367 2185 3399 Colchorum
2205 3366 2273 3399 sru-

1231 3420 1387 3452 mentum.
1419 3418 1519 3451 suani
1545 3418 1684 3459 graviter
1710 3419 1743 3451 et
1772 3418 1884 3459 iniquo
1914 3418 2023 3451 animo
2051 3418 2215 3460 tulerunt,
2239 3426 2275 3450 se
