2372 3704
1013 186 1364 229 FRAGMENTA.-

113 280 186 320 τοῖς
206 276 431 329 στρατηγοῖς,
454 274 639 316 ὖπολαὸὼν
659 276 763 316 αὐτὸν
777 276 835 323 τὸν
853 277 1030 330 Πορσίναν
1049 272 1157 327 εἶναι,

114 336 261 374 ἀνεῖλεν.
292 335 424 388 Ἀχθεὶς
449 336 478 374 δ’
508 336 569 374 ἐπὶ
586 335 644 374 τὸν
672 335 844 388 βασιλέα,
879 339 950 381 τοῖς
986 336 1158 390 ἐμπύροις

113 391 263 439 ἐπέθηκε
278 391 341 440 τὴν
362 391 475 438 δεξιὰν
500 398 627 447 χεῖρα,
649 393 709 432 καὶ
743 393 864 439 στέξας
886 394 947 439 τὰς
967 395 1160 447 ἀλγηδόνας

113 449 291 503 εὐψύχως,
327 450 542 502 ἐμειδίασεν,
571 452 695 491 εἰπών·
725 470 742 487 «
769 452 956 506 Βάρὸαρε,
987 453 1158 505 λέλυμαι,

113 509 181 548 κᾶν
210 508 259 560 μὴ
279 510 399 563 θέλῃς·
433 511 493 550 καὶ
518 510 588 550 ἴσθι
607 514 699 561 ἡμᾶς
718 511 810 550 κατὰ
837 516 897 551 σοῦ
917 513 1160 566 τετρακοσίους

98 565 216 613 μὄντας
235 570 270 607 ἐν
293 572 343 621 τῷ
376 569 622 624 στρατοπέδῳ,
647 567 681 608 οἵ
696 585 735 609 σε
751 571 894 610 ’ἀνελεῖν
930 574 1117 623 ζητοῦμεν.
1143 590 1158 607 »

113 625 160 666 Ὅ
177 626 214 665 δὲ
243 628 426 681 φοὸηθεὶς,
446 628 598 673 σπονδὰς
616 628 702 682 πρὸς
731 629 931 681 Ῥωμαίους
949 631 1159 683 ἐποιήσατο,

114 685 271 739 καθάπερ
284 689 416 740 ἱστορεῖ
429 687 640 740 Ἀριστείδης
656 691 674 727 ὁ
698 688 875 737 Μιλήσιος
891 691 926 729 ἐν
945 690 1045 745 τρίτῃ
1062 693 1160 730 ἱστο-

114 746 196 796 ριῶν
212 745 223 798 (
238 748 262 784 l.
283 745 464 786 Ἰταλικῶν
483 746 510 799 ).

165 892 225 930 Id.
252 892 306 933 ib.
336 907 368 931 c.
394 894 454 931 3.
480 893 654 966 Ἱῖωμαῖοι
677 894 763 947 πρὸς
794 895 974 946 Σαμνίτας
1004 895 1158 947 πόλεμον

113 948 270 1001 ἔχοντες,
288 951 482 1003 στρατηγὸν
500 952 765 1005 ἐχειροτόνησαν
797 954 1018 1005 Ποστούμιον
1041 953 1159 994 ’Aker-

112 1024 185 1048 νον.
207 1011 321 1053 Οὗτος
336 1011 427 1049 κατὰ
444 1010 505 1055 τὰς
527 1012 744 1062 καλουμένας
763 1013 957 1066 φορκούλας
981 1013 1159 1058 Καυδίνας

115 1065 220 1116 (ἔστι
247 1067 284 1105 δὲ
306 1067 412 1113 τόπος
434 1068 650 1114 στενώτατος
671 1072 683 1123 )
706 1071 931 1124 ἐνεδρευθεὶς,
964 1075 1054 1125 τρεῖς
1074 1070 1172 1111 οἰπέ-Ι

112 1124 200 1163 ὅαλε
218 1126 408 1178 λεγεῶνας,
432 1128 493 1167 καὶ
514 1129 615 1173 αὐτὸς
634 1129 779 1183 καιρίως
799 1130 976 1183 τρωθεὶς”
957 1147 1074 1171 επεσε.
1092 1133 1161 1170 Βα-

112 1183 206 1228 θείας
218 1185 255 1223 δὲ
273 1185 393 1230 νυκτὸς
416 1187 531 1239 ὀλίγον
549 1187 735 1239 ἐπιζήσας,
757 1188 950 1240 περιείλετο
978 1192 1046 1228 τῶν
1074 1192 1156 1243 ἀνῃ-

115 1242 274 1295 ρημένων
293 1245 470 1296 πολεμίων
489 1246 550 1290 τὰς
568 1246 736 1298 ἀσπίδας,
766 1247 826 1286 καὶ
852 1248 898 1292 εἷς
920 1248 959 1287 τὸ
985 1253 1074 1299 αἱμα
1096 1249 1159 1297 τὴν

113 1308 217 1355 χεῖρα
232 1303 455 1355 βαπτίσας,”
436 1321 562 1352 εστησε
576 1306 743 1359 τρόπαιον
758 1306 973 1360 ἐπιγράψας·
986 1308 1160 1360 Ῥωμαῖοι

113 1360 207 1400 κατὰ
220 1363 408 1412 Σαμνιτῶν
425 1363 483 1403 Διὶ
499 1364 736 1418 τροπαιούχῳ.
757 1365 896 1410 Φοίὸῑος
910 1365 945 1404 δὲ
956 1397 966 1417 ,
985 1370 1003 1406 ὁ
1017 1368 1160 1414 ἐπικλη-

114 1419 184 1464 θεὶς
205 1420 410 1490 Λαίμαργος
423 1451 434 1472 ,
464 1422 657 1475 στρατηγὸς
675 1424 861 1477 πεμφθεὶς,
882 1423 942 1462 καὶ
963 1426 1160 1478 παραγενό-

115 1493 217 1528 μενος
246 1478 307 1517 ἐπὶ
334 1479 393 1517 τὸν
428 1481 549 1529 τόπον,
579 1481 661 1519 ἰδὼν
689 1482 728 1520 τὸ
756 1482 934 1535 τρόπαιον,
959 1484 1017 1522 τὸν
1040 1485 1159 1523 οἰωνὸν

113 1537 272 1588 ἀσμένως
290 1537 448 1583 ἐδέξατο·
472 1539 533 1578 καὶ
552 1540 746 1591 συμὸαλὼν
765 1541 926 1592 ἐνίκησε,
948 1543 1009 1581 καὶ
1026 1544 1159 1597 αἰχμά-

111 1597 223 1634 ἳωτον
241 1595 361 1636 λαὸὼν
396 1597 454 1636 τὸν
481 1599 652 1650 βασιλέα,
683 1601 729 1644 εἰς
749 1599 894 1651 Ῥώμην
915 1600 1094 1656 ἔπεμψεν·
1114 1605 1161 1647 ὡς

114 1654 355 1709 Ἀριστείδηςὸ
374 1657 583 1706 Μιλήσιος’
568 1675 603 1698 εν
617 1659 715 1713 τρίτῃ
737 1659 931 1701 Ἰταλικῶν.

618 1765 653 1803 4.

168 1832 227 1868 Id.
250 1832 304 1871 ib.
331 1845 365 1872 c.
391 1846 465 1883 19·
484 1834 566 1872 Τῶν
594 1834 819 1873 Διονυσίων’
804 1852 839 1874 εν
856 1839 900 1887 τῇ
927 1836 1052 1888 Ῥώμῃ
1075 1840 1156 1889 ἀγο·

116 1888 244 1939 μένων,
262 1889 486 1943 Ἀρνούτιος’
471 1907 509 1930 εκ
526 1895 666 1942 γενετῆς
687 1893 879 1945 ὑδροπότης
893 1893 1077 1941 ἐξουδένιζε
1094 1898 1157 1944 τὴν

115 1963 175 1985 του
191 1951 267 1986 θεου
293 1948 453 1998 δύναμιν.
474 1949 520 1988 Ο
541 1948 577 1987 δὲ
600 1949 708 2000 μέθην
736 1951 896 2000 ἐνέὸαλε,
913 1952 973 1990 καὶ
993 1953 1160 1995 ἐὸιάσατο

115 2005 178 2050 τὴν
194 2005 388 2058 θυγατέρα,
410 2007 664 2046 Μεδουλλίναν·
685 2013 706 2055 ἠ
725 2008 759 2046 δὲ
777 2010 816 2047 ἐκ
830 2010 1014 2049 δακτυλίου
1031 2017 1159 2063 γνοῦσα

115 2063 155 2101 τὸ
168 2062 284 2113 γένος,
304 2080 364 2102 και
381 2065 600 2118 πρεσὸύτερα
618 2069 680 2113 τ’ῆς
695 2068 830 2114 ἡλικίας
850 2068 1075 2121 φρονήσασα,
1094 2088 1159 2121 με-

2198 200 2268 235 321

1220 273 1358 313 θύσασα
1390 274 1448 313 τὸν
1471 276 1608 329 πατέρα
1628 277 1701 315 καὶ
1737 278 2008 331 στεφανωσασα,
2043 280 2152 332 ἤγαγε
2155 296 2172 318 ν
2205 282 2263 319 ἐπὶ

1220 332 1278 371 τὸν
1302 331 1422 384 βωμὸν
1445 334 1507 380 τῆς
1523 333 1741 387 Ἀστραπης,
1762 335 1822 373 καὶ
1847 335 2050 388 δακρύσασα
2071 339 2184 377 ἀνεῖλε
2206 339 2266 377 τὸν

1219 390 1328 430 ἐπίὸο
1329 392 1403 430 »λον
1423 407 1484 439 της
1494 392 1699 445 παρθενίας·
1719 394 1769 437 ὥς
1784 393 2026 446 Αριστείδης’
2011 411 2044 434 εν
2059 396 2157 449 τρίτῃ
2175 397 2271 437 Ἰτα-

1222 450 1344 490 λικῶν.

1733 522 1753 558 5

1273 616 1330 654 Id.
1347 616 1400 652 ib.
1419 629 1452 654 c.
1471 628 1519 652 22
1538 628 1547 654 ε
1566 614 1748 667 Οὐαλερία
1761 615 2032 668 Τουσκλαναρία
2053 616 2144 654 κατὰ
2165 621 2267 668 μῆνιν

1219 671 1424 726 Ἀφροδίτης
1440 673 1627 726 ἐρασθεῖσα
1644 674 1762 713 Οὖαλε
1749 673 1840 726 ερίου
1855 678 1915 712 τοῦ
1931 689 2081 726 πατρος,
2093 678 2136 726 τῇ
2153 680 2270 730 τροφῷ

1220 731 1463 770 ἀνεκοίνωσεν·
1472 735 1494 778 ἡ
1513 731 1550 770 83.
1561 731 1619 770 τὸν
1638 731 1811 779 δεσπότην
1826 731 1916 784 δόλῳ
1929 734 2093 779 υπῆλθεν,
2110 734 2269 781 εἰπουσα,

1219 791 1265 834 ὡς
1285 791 1433 828 αἰδεῖται
1450 806 1520 828 κατ
1523 790 1626 844 ’ὄψιν
1642 791 1851 843 μίσγεσθαι,
1867 792 1936 828 τῶν
1950 806 1988 828 τε
2001 790 2163 841 γειτόνων
2180 795 2270 829 εἶναι

1218 847 1280 895 τὴν
1306 847 1489 902 παρθένον.
1518 849 1591 888 Καὶ
1612 849 1741 888 οἷνωθε
1717 864 1764 893 εις
1784 851 1803 888 ὁ
1824 848 1986 901 πατὴρ”
1963 864 2039 901 ῃτει
2071 851 2162 902 φῶς,
2194 853 2216 896 ἡ
2235 849 2272 887 δὲ

1220 907 1344 968 τροφὸς
1373 908 1538 961 φθάσασα
1570 907 1753 961 διήγειρεν,
1777 907 1852 955 ἥτις
1886 908 1945 946 ἐπὶ
1978 913 2053 952 ταῖς
2083 907 2275 961 ἀγροικίαις

1222 969 1277 1014 ἠν,
1311 966 1469 1017 ἐγκύμων
1504 965 1748 1018 τυγχάνουσα·
1782 965 1867 1005 ποτὲ
1904 965 1939 1004 δὲ
1978 965 2070 1004 κατὰ
2107 969 2272 1017 κρημνῶν

1223 1023 1439 1077 ἐνεχθείσης,
1465 1023 1504 1062 τὸ
1530 1024 1653 1078 βρέφος
1673 1025 1750 1072 ἔζη·
1771 1040 1941 1063 κατιουσα
1962 1024 1991 1061 δ’
2012 1023 2172 1075 ἐγκύμων
2207 1039 2272 1063 κα-

1222 1081 1350 1130 τέστη,
1375 1082 1434 1121 καὶ
1459 1084 1506 1126 εἷς
1524 1083 1581 1121 τὸν
1601 1082 1792 1136 ὡρισμένον
1821 1082 1943 1135 χρόνον
1968 1083 2148 1134 ἐγέννησεν
2173 1082 2273 1134 Αἰγί-

1222 1157 1336 1189 πανα,
1363 1141 1454 1180 κατὰ
1481 1141 1545 1188 τὴν
1567 1141 1758 1193 Ῥωμαίων
1787 1142 1904 1195 φωνὴν
1935 1141 2138 1180 Σιλουάνον.
2163 1141 2208 1180 Ὁ
2238 1140 2274 1180 δὲ

1223 1199 1415 1253 Οὐαλέριος
1459 1199 1640 1251 ἀθυμήσας
1680 1199 1771 1239 κατὰ
1819 1202 1888 1238 τῶν
1933 1201 2046 1238 αὐτῶν
2086 1201 2101 1252 [
2119 1199 2240 1238 ἑαυτὸν
2259 1201 2273 1252 ]

1229 1258 1349 1311 ἔρριψε
1381 1261 1564 1311 κρημνῶν·
1585 1260 1632 1302 ὡς
1656 1258 1868 1311 Ἀριστείδης
1900 1258 2075 1305 Μιλήσιος
2096 1261 2130 1297 ἐν
2162 1257 2269 1310 τρίτῳ

1221 1316 1418 1357 Ἰταλικῶν.

1726 1408 1764 1446 6.

1272 1492 1330 1530 Id.
1350 1494 1404 1532 ib.
1431 1507 1466 1531 c.
1488 1500 1536 1539 24
1555 1507 1564 1533 ε
1590 1492 1730 1532 Ἇννίὸα
1748 1493 1965 1543 Καμπανοὺς
1990 1494 2262 1540 λεηλατοῦντος,

1223 1550 1374 1594 Λούκιος
1402 1552 1566 1604 Θύμὸρις
1594 1552 1651 1590 τὸν
1670 1551 1742 1590 υἱὸν
1761 1550 1944 1591 εΡούστιον
1962 1549 2051 1600 μετὰ
2069 1550 2265 1602 χρημάτων

1223 1608 1318 1647 ἔθετο
1338 1609 1423 1662 πρὸς
1456 1611 1649 1663 Οὐαλέριον
1671 1610 1814 1650 Γέστιον
1845 1609 1928 1647 ὄντα
1960 1608 2134 1661 γαμὸρόν.
2165 1608 2210 1648 Ὁ
2230 1608 2266 1647 δὲ

1222 1667 1413 1714 νενίκηκεν.
1446 1667 1613 1713 Ἀκούσας
1642 1668 1677 1707 δὲ
1706 1671 1723 1706 ὃ
1752 1667 1981 1720 [Καμπανὸς
1997 1668 2028 1718 ],
2058 1667 2267 1720 φιλαργυρίᾳ

1223 1725 1362 1779 παρέὸη
1395 1727 1439 1765 τὰ
1478 1728 1595 1766 δίκαια
1631 1731 1690 1775 τῆς
1726 1727 1877 1780 φύσεως,
1909 1726 1967 1765 τὸν
2004 1728 2115 1765 παῖδα
2149 1727 2270 1780 φονεύ-

1223 1800 1300 1830 σας.
1324 1785 1370 1825 ‘O
1398 1785 1434 1824 δὲ
1454 1785 1615 1839 Θύμὸρις
1645 1787 1702 1824 διὰ
1732 1790 1792 1833 τῆς
1820 1785 1998 1838 ἀγροικίας
2024 1785 2271 1838 πορευόμενος,

1219 1843 1279 1882 καὶ
1309 1846 1358 1897 τῷ
1394 1843 1532 1895 σώματι
1567 1849 1627 1884 τοῦ
1663 1845 1785 1889 παιδὸς
1821 1844 1986 1896 ἐντυχὼν,
2018 1844 2173 1897 ἔπεμψεν
2209 1844 2268 1882 ἐπὶ

1219 1901 1276 1939 τὸν
1304 1902 1476 1976 γαμὸρὸν,
1504 1906 1550 1947 ὡς
1581 1903 1698 1948 δείξων
1730 1903 1934 1955 θησαυρούς·
1967 1902 2108 1941 ἐλθόντα
2140 1903 2170 1940 8’
2193 1902 2272 1940 ἐτύ-

1220 1961 1337 2012 φλωσε
1360 1961 1420 1999 καὶ
1440 1961 1677 2014 ἐσταύρωσεν·
1701 1963 1747 2005 ὡς
1764 1960 2008 2030 Ἀριστείδης’
1992 1976 2027 1998 εν
2045 1959 2151 2013 τρίτῳ
2171 1959 2270 2000 Ἰτα-

1220 2019 1342 2056 λικῶν.

130 2139 2268 2176 Ἣ

113 2176 240 2206 castris
257 2182 317 2206 nos
329 2183 398 2207 esse
423 2176 696 2217 quadrinqentos
719 2180 779 2219 qui
799 2181 830 2211 te
843 2179 892 2211 ad
908 2188 1023 2213 necem
1036 2185 1162 2223 quaeri·

116 2234 203 2258 mus.
225 2226 367 2258 Territus
388 2229 527 2259 Porsena
543 2237 749 2269 pacem.cum
777 2230 927 2264 Romanis
948 2232 1032 2265 fecit.
1054 2234 1163 2266 Refert

115 2276 268 2310 Aristides
277 2277 418 2310 Milesius
430 2279 525 2311 tertio
538 2279 752 2312 Historiarum
765 2281 859 2315 libro.

157 2392 293 2424 Romani
326 2391 411 2425 bello
437 2393 613 2426 Samnitico
639 2395 755 2427 duc-em
781 2396 943 2429 exercitus
971 2399 1163 2431 creaverunt

114 2444 316 2477 Postumium
342 2445 502 2477 Albinum.
516 2447 547 2478 ls
570 2445 603 2477 in
626 2447 778 2487 angustiis
793 2456 867 2488 quae
881 2449 1034 2481 Caudinae
1049 2452 1163 2483 Furcae

113 2495 168 2527 dic
171 2497 279 2536 untur,
296 2495 532 2529 circumventas
546 2497 686 2529 hostium
698 2498 819 2530 insidiis
831 2500 898 2531 tres
911 2500 1049 2540 legiones
1063 2501 1162 2542 perdi-

114 2548 172 2588 dit,
183 2548 291 2589 etipse
305 2549 436 2581 vulnere
448 2550 536 2590 gravi
550 2551 682 2591 accepto
695 2551 820 2583 cecidit.
837 2554 1033 2594 lntempesta
1049 2556 1160 2594 nocte,

112 2600 246 2640 jamiam
260 2600 450 2641 moriturus,
464 2601 611 2633 hostibus
623 2602 735 2634 occisis
747 2605 838 2635 scuta
850 2603 988 2644 ademit,
1003 2606 1162 2646 tropaeum

114 2652 244 2692 statuit,
277 2660 440 2693 manuque
458 2653 491 2684 in
517 2653 704 2693 sanguinem
726 2654 861 2687 intincta
888 2656 1068 2697 inscripsit,
1085 2658 1163 2690 Jovi

117 2705 324 2744 tropaeorum
339 2703 469 2735 vindici
489 2702 531 2736 de
550 2704 765 2736 Samnitibus
791 2700 934 2738 R‘omam'
954 2709 1159 2747 posuerunt.

114 2755 232 2788 Fabius
249 2756 358 2788 autem
370 2779 380 2796 ,
394 2758 517 2797 Gurges
529 2758 760 2797 cognomento,
775 2757 890 2790 missus
901 2767 976 2790 cum
1000 2759 1110 2799 copiis,
1126 2761 1162 2792 ut

113 2808 155 2841 ad
168 2809 276 2840 locum
294 2809 382 2841 venit
392 2833 402 2848 ,
425 2809 493 2841 viso
509 2810 631 2850 tropaeo
647 2818 742 2842 omen
763 2810 914 2851 arripuit,
927 2813 1162 2852 commissoque

57 2902 61 2905 ᾖ
115 2860 227 2901 proelio
248 2860 326 2892 vicit
348 2860 474 2904 hostes,
488 2869 660 2901 regemque
675 2870 787 2893 eorum
807 2864 936 2903 captum
950 2865 1086 2895 Romam
1098 2863 1159 2895 mi·

114 2913 166 2946 sit.
185 2916 233 2946 Ex
248 2913 393 2946 Aristidis
409 2913 521 2946 Milesii
538 2915 724 2947 Italicorum
737 2914 843 2947 tertio.

155 3025 268 3055 Romae
281 3033 383 3064 quum
395 3024 633 3057 celebrarentur
645 3025 802 3058 Liberalia
811 3050 820 3065 ,
835 3026 998 3064 Aruntius,
1016 3026 1071 3066 qui
1090 3025 1162 3058 inde

115 3083 135 3107 a
150 3075 308 3107 natalibus
327 3076 430 3107 suerat
447 3075 621 3108 abstemius
632 3100 641 3115 ‚
661 3077 725 3108 vim
742 3077 848 3109 Liberi
873 3077 971 3116 patris
985 3077 1161 3117 despicatui

114 3126 237 3158 habuit.
256 3128 282 3158 A
294 3135 358 3166 quo
372 3127 405 3158 in
420 3127 605 3159 ebrietatem
618 3128 794 3167 conjectus,
808 3128 881 3160 filiae
897 3137 964 3159 suae
979 3128 1160 3160 Medullinae

115 3177 329 3218 virginitatem
345 3186 401 3217 per
417 3178 482 3209 vim
496 3179 624 3219 eripuit.
643 3181 688 3211 Ea
701 3189 741 3211 ex
754 3179 875 3211 annulo
887 3180 1077 3211 violatorem
1091 3188 1161 3219 cog-

94 3245 98 3270 1
114 3236 268 3268 noscens,
285 3228 389 3268 majus
401 3230 497 3262 aetate
516 3239 574 3262 sua
588 3231 709 3262 facinus
722 3231 876 3263 meditata
892 3232 1015 3271 patrem
1029 3230 1160 3262 inebria·

114 3279 163 3312 vit
181 3288 219 3311 ac
242 3281 427 3320 exornavit,
456 3281 698 3322 adductumque
719 3282 759 3314 ad
783 3290 872 3313 aram
897 3281 1067 3320 Fulminis,
1094 3282 1160 3313 illa-

115 3330 253 3363 crimans
265 3331 422 3364 interfecit
434 3341 506 3368 enm
514 3333 568 3374 qui
584 3342 650 3365 suae
666 3333 835 3373 virginitati
851 3333 980 3365 insidias
988 3334 1159 3364 struxerat.

116 3381 267 3414 Aristides
279 3383 374 3415 tertio
387 3383 582 3415 Italicorum.

181 3456 369 3479 FRAGMENTA
390 3457 511 3479 lllsTOR-
538 3458 587 3479 Gn.
601 3466 633 3471 —
650 3459 718 3480 v01..
736 3459 777 3481 lv.

1729 2205 1764 2237 5.

1265 2275 1392 2307 Valeria
1408 2276 1636 2308 Tusculanaria
1651 2278 1781 2318 propter
1799 2277 1879 2308 iram
1894 2275 2028 2308 Veneris
2045 2283 2155 2307 amore
2171 2275 2271 2315 patris

1222 2326 1340 2358 Valerii
1365 2329 1510 2368 correpta
1521 2351 1530 2367 ,
1547 2337 1615 2360 rem
1640 2337 1716 2360 cum
1738 2328 1863 2359 nutrice
1883 2326 2135 2358 communicavit
2164 2339 2171 2358 ε
2201 2326 2271 2357 hoec

1223 2378 1334 2411 fraude
1346 2379 1514 2412 dominum
1523 2380 1563 2412 ad
1574 2381 1647 2412 filiae
1657 2380 1862 2413 concubitum
1874 2379 2012 2418 induxit,
2026 2387 2045 2410 a
2059 2378 2179 2419 virgine
2194 2386 2271 2410 eum

1223 2429 1358 2470 deperiri
1372 2431 1520 2472 inquiens
1533 2432 1636 2464 vicina
1645 2456 1655 2472 ,
1669 2433 1701 2464 et
1711 2440 1783 2472 quae
1793 2440 1867 2463 cum
1881 2431 1948 2472 ipso
1963 2431 2111 2462 vereatur
2120 2438 2271 2461 concum-

1222 2480 1298 2514 bere
1307 2506 1316 2521 ,
1330 2482 1355 2514 si
1365 2486 1565 2524 agnoscatur.
1579 2484 1674 2515 Pater
1687 2492 1762 2515 cum
1776 2483 1840 2514 lilia
1853 2490 2056 2522 congressus,
2071 2490 2128 2521 per
2138 2480 2270 2512 ebrieta·

1223 2535 1287 2566 tem
1303 2535 1466 2568 lucernam
1482 2536 1656 2576 postulavit
1683 2548 1690 2568 ε
1709 2535 1819 2567 nutrix
1838 2534 1998 2567 ValerIam
2017 2534 2159 2566 excitare
2171 2542 2270 2565 occu-

1222 2585 1311 2625 pavit
1321 2595 1411 2627 :quae
1424 2587 1558 2628 profuga
1570 2596 1671 2628 quum
1683 2587 1749 2618 ruri
1762 2586 1907 2627 degeret,
1922 2587 2116 2626 uterumque
2129 2585 2272 2625 gereret,

1208 2636 1393 2678 *aliquando
1410 2638 1534 2679 dejecta
1549 2639 1597 2671 est
1619 2647 1674 2679 per
1695 2638 1927 2679 praecipitium,
1954 2637 2124 2669 incolumis
2142 2637 2269 2675 tamen,

1222 2688 1312 2720 salvo
1327 2688 1423 2721 etiam
1440 2690 1537 2729 foetu,
1548 2699 1644 2731 quem
1662 2698 1721 2722 suo
1744 2691 1889 2730 tempore
1910 2688 2048 2729 peperit,
2067 2688 2195 2719 nomine
2212 2687 2271 2719 Sil-

1224 2746 1342 2771 vanum
1359 2740 1484 2780 (Graeci
1510 2743 1697 2782 AEgipanem
1716 2741 1864 2780 vocant).
1877 2739 2025 2772 Valerius
2046 2748 2112 2779 prae
2133 2747 2271 2770 moerore

1222 2790 1262 2823 de
1280 2791 1392 2823 eodem
1423 2801 1457 2824 se
1483 2792 1659 2833 praecipitio
1683 2791 1809 2832 dejecit.
1832 2790 1986 2823 Aristides
2009 2790 2150 2822 Milesius
2174 2789 2269 2822 tertio

1222 2842 1420 2875 Italicorum.

1729 2899 1764 2931 6.

1264 2969 1443 3002 Hannibale
1467 2978 1517 3001 res
1539 2972 1777 3010 Campanorum
1800 2969 1912 3009 agente
1938 2968 1970 3000 et
1993 2967 2131 3006 ferente,
2151 2967 2270 2999 Lucius

1222 3021 1393 3062 Thymbris
1406 3022 1557 3058 Rustium'¹
1570 3021 1673 3053 filium
1692 3030 1756 3053 una
1770 3029 1844 3052 cum
1861 3019 1997 3060 pecunia
2012 3018 2159 3059 deposuit
2182 3017 2269 3058 apud

1223 3072 1388 3117 Valerium
1415 3073 1559 3104 Gaetium
1583 3072 1796 3105 necessarium
1814 3080 1920 3104 suum.
1945 3071 2005 3103 Hic
2023 3079 2124 3111 quum
2143 3070 2268 3101 hostem

1222 3124 1318 3156 rebus
1338 3123 1433 3163 potiri
1459 3123 1683 3164 intellexisset,
1701 3132 1767 3164 prae
1783 3122 1958 3163 cupiditate
1979 3121 2121 3162 pecuniae
2142 3122 2267 3152 naturae

1220 3175 1291 3215 jura
1313 3175 1453 3214 violanS,
1474 3183 1611 3215 puerum
1636 3175 1805 3207 interfecit.
1827 3173 1998 3214 Thymbris
2024 3172 2084 3204 iter
2106 3180 2160 3211 per
2176 3178 2267 3210 agros

1222 3227 1356 3267 faciens,
1373 3229 1499 3267 reperto
1511 3227 1568 3258 filii
1587 3227 1759 3266 cadavere,
1772 3226 1985 3259 necessarium
2001 3225 2098 3256 istum
2114 3231 2208 3254 suum
2225 3221 2266 3253 ad

1222 3287 1255 3311 se
1270 3278 1421 3318 vocavit,
1447 3278 1613 3310 thesauros
1632 3279 1660 3310 ei
1682 3287 1716 3310 se
1731 3280 1933 3310 ostensurum
1959 3274 2158 3316 praetendens
2183 3286 2189 3304 :
2210 3280 2267 3303 na-

1222 3331 1357 3369 ctusque
1372 3329 1535 3361 bominem
1549 3330 1649 3362 oculis
1661 3329 1799 3370 privavit
1811 3330 1843 3360 et
1856 3328 1888 3359 in
1905 3334 2032 3359 crucem
2044 3323 2181 3357 sustulit.
2195 3322 2265 3354 Ari-

1222 3380 1318 3413 stides
1333 3380 1428 3413 tertio
1439 3381 1636 3414 Italicorum.

2074 3471 2109 3498 21
