2372 3704
160 212 230 245 416

142 291 271 343 πατρὸς
302 290 507 338 ποιημάτων
538 289 752 344 σύγγραμμα
763 307 770 315 ·
792 290 825 336 ἐξ
847 289 886 333 οἶ
914 291 1006 330 ἔστιν
1034 293 1184 330 κατιδεῖν

142 350 203 397 τὴν
223 350 364 402 ἄκαιρον
379 349 577 402 παρρησίαν
594 353 654 388 τοῦ
672 350 856 398 Σωτάδου,
873 353 989 394 κακῶς
1002 351 1064 401 μὲν
1079 351 1188 389 εἰπόν-

142 425 198 453 τος
219 409 424 461 Λυσίμαχον
446 407 504 447 τὸν
533 408 680 460 βασιλέα
708 411 742 447 ἐν
769 408 1026 461 Ἀλεξανδρείᾳ,
1051 410 1188 447 Πτολε-

144 470 246 518 μαῖον
264 469 300 505 δὲ
315 466 372 506 τὸν
390 467 615 518 Φιλάδελφον
634 466 731 518 παρὰ
749 467 969 519 Λυσιμάχῳ,
986 467 1046 506 καὶ
1066 467 1190 510 ἄλλους

142 522 212 565 τῶν
235 526 404 577 βασιλέων
426 527 461 564 ἐν
483 525 603 569 ἄλλαις
623 527 691 563 τῶν
708 525 854 564 πόλεων.
871 525 999 578 Διόπερ
1017 524 1076 563 καὶ
1094 524 1189 563 δεού-

145 600 208 628 σης
227 584 329 636 ἔτυχε
345 584 529 636 τιμωρίας.
542 583 812 624 Ἐκπλεύσαντα
825 582 891 636 γὰρ
909 584 1010 621 αὐτὸν
1027 587 1087 630 τῆς
1100 583 1191 622 Ἀλε-

145 642 334 694 ξανδρείας,
345 642 392 687 ὥς
409 658 511 696 φησιν
529 642 771 695 Ἡγήσανδρος
789 645 823 681 ἐν
834 648 903 685 τοῖς
920 641 1189 692 Ὑπομνήμασι,

143 700 203 740 καὶ
225 702 391 739 δοκοῦντα
417 701 685 754 διαπεφευγέναι
704 700 760 739 τὸν
782 701 954 739 κίνδυνον·
979 700 1108 753 εἴρηκει
1123 700 1201 751 γὰρ’

144 761 191 803 εἷς
215 759 272 798 τὸν
304 759 450 812 βασιλέα
481 761 701 810 Πτολεμαῖον
734 758 848 798 πολλὰ
877 758 988 806 δεινὰ,
1014 758 1102 811 ἀτὰρ
1130 758 1190 796 καὶ

145 818 239 866 τόδε,
257 818 312 856 ὅτε
331 817 394 865 τὴν
410 817 561 871 ἀδελφὴν
581 817 758 870 Ἀρσινόην
780 817 1002 868 ἐγεγαμήκει·

226 904 279 940 Εἰς
292 903 350 944 οὐχ
363 903 451 941 ὁσίην
463 904 630 945 τρυμαλιὴν
645 904 679 935 τὸ
693 903 816 944 κέντρον
831 903 929 938 ὠθεῖς·

144 976 347 1029 Πάτροκλος
366 970 424 1015 οῧν
441 979 458 1014 6
478 981 538 1015 τοῦ
561 976 781 1026 Πτολεμαίου
797 975 988 1028 στρατηγὸς
1005 976 1039 1012 ἐν
1059 975 1188 1028 Καύνῳ

143 1037 187 1084 τῇ
211 1036 306 1086 νήσῳ
326 1033 443 1072 λαὸὼν
466 1034 567 1072 αὐτὸν
582 1034 640 1071 καὶ
662 1035 708 1076 εἷς
731 1033 906 1083 μολυὸδῆν
927 1032 1101 1085 κεραμίδα
1125 1034 1191 1082 ἐμ-

146 1091 262 1130 6αλὼν
280 1091 339 1130 καὶ
359 1090 542 1143 ἀναγαγὼν
563 1094 609 1135 εἷς
624 1091 662 1129 τὸ
679 1091 829 1143 πέλαγος
848 1091 1087 1129 κατεπόντισε.

637 1175 693 1212 13.

194 1250 299 1286 Idem
317 1251 354 1294 Ι,
377 1263 417 1299 p.
445 1262 509 1298 19,
527 1250 555 1287 C
577 1261 586 1288 ι
609 1247 793 1301 Ἡρόδοτος
817 1247 853 1285 δὲ
873 1249 891 1285 6
910 1247 1121 1299 λογόμιμος,
1142 1249 1187 1293 ὥς

142 1322 244 1360 φησιν
270 1307 525 1359 Ἡγήσανδρος,
555 1307 615 1345 καὶ
645 1306 828 1360 Ἀρχέλαος
853 1309 870 1344 6
895 1306 1069 1358 ὀρχηστὴς
1092 1307 1188 1360 παρὰ

142 1365 307 1417 Ἀντιόχῳ
336 1367 385 1418 τῷ
419 1366 557 1417 βασιλεῖ
586 1365 740 1415 μάλιστα
770 1367 939 1416 ἐτιμῶντο
969 1367 1037 1403 τῶν
1067 1365 1188 1419 φίλων.

142 1423 188 1462 ‘0
202 1422 238 1461 δὲ
251 1423 367 1476 πατὴρ
385 1425 488 1461 αὐτοῦ
506 1423 678 1476 Ἀντίοχος
691 1422 768 1467 τοὺς
783 1423 994 1476 Σωστράτου
1008 1427 1069 1462 τοῦ
1086 1426 1192 1472 αὖλη·

141 1486 200 1521 τοῦ
221 1485 302 1527 υἱεῖς
318 1482 620 1535 σωματοφύλακας
640 1482 840 1528 ἐπεποίητο.

194 1545 251 1579 De
283 1545 451 1579 Sostrato
483 1544 674 1579 Prienensi
702 1544 878 1579 saltatore
907 1542 963 1592 (et
992 1543 1191 1595 tibicine),

145 1601 251 1648 cujus
284 1603 324 1637 in
355 1603 516 1651 gratiam
547 1601 756 1638 Antiochus
792 1602 921 1650 (Soter
949 1610 1015 1637 aut
1049 1602 1190 1652 Theus)

143 1662 302 1696 Prienen
315 1661 474 1696 liberam
493 1673 570 1696 esse
585 1660 713 1708 jussit,
732 1673 768 1697 v.
786 1661 918 1696 Sextus
931 1661 1076 1709 Empir.
1093 1662 1190 1697 Adv.

143 1731 200 1768 gr.
235 1732 268 1757 c.
301 1719 364 1767 13,
399 1721 537 1755 citante
559 1720 771 1767 Droysenio
789 1719 814 1757 l.
835 1719 861 1756 l.
884 1721 940 1765 ΙΙ,
958 1732 998 1768 p.
1023 1719 1114 1755 235.
1136 1722 1192 1756 De

143 1777 278 1813 eodem
298 1778 466 1814 sostrato
486 1777 531 1814 cf.
551 1778 781 1814 Aristodemi
800 1778 847 1813 fr.
875 1791 910 1824 7.
930 1791 968 1827 p.
990 1778 1079 1816 310.

638 1856 699 1894 14.

197 1924 301 1960 Idem
329 1925 438 1970 VIII,
461 1938 502 1974 p.
532 1925 626 1971 337,
658 1927 686 1962 F
710 1938 718 1960 :
742 1923 981 1974 Ἡγήσανδρος
1010 1924 1038 1961 δ’
1065 1925 1100 1962 ἐν
1125 1929 1194 1967 τοῖς

143 1980 396 2031 ξΥπομνήμασι
409 1981 490 2019 τάδε
506 1982 590 2035 φησὶ
609 1982 687 2034 περὶ
705 1983 822 2021 αὐτοῦ·
842 2000 857 2015 α
877 1981 1020 2034 Δωρίων
1034 1985 1052 2021 6
1068 1981 1194 2034 ὀψοφά-

142 2055 217 2090 γος,
231 2043 290 2078 τοῦ
304 2039 426 2083 παιδὸς
442 2042 504 2078 οὐκ
521 2040 755 2092 ἀγοράσαντος
772 2042 880 2093 ἰχθῦς,
896 2043 1075 2092 μαστιγῶν
1091 2040 1193 2078 αὐτὸν

143 2099 277 2136 ἐκέλευε
303 2101 370 2136 τῶν
391 2099 541 2151 ἀρίστων
571 2098 699 2151 ἰχθύων
723 2100 878 2150 ὀνόματα
906 2099 1032 2151 λέγειν.
1063 2101 1136 2139 Τοῦ
1157 2098 1193 2137 δὲ

143 2209 176 2240 in
199 2208 426 2249 Lysimachum
449 2218 573 2249 regem,
591 2209 675 2250 apud
691 2210 917 2250 Lysimachum
942 2219 1020 2242 vero
1038 2210 1071 2241 in
1090 2210 1189 2241 Ptole-

146 2269 265 2292 maeum
284 2260 526 2300 Philadelphum
539 2284 548 2299 ,
564 2262 597 2293 et
617 2261 768 2293 adversus
791 2262 869 2294 alios
893 2270 980 2302 reges
1003 2262 1072 2293 aliis
1089 2261 1119 2293 in
1138 2270 1193 2292 ur-

144 2311 249 2343 bibus.
276 2311 494 2349 Quamobrem
522 2312 618 2344 etiam
638 2313 768 2345 meritas
790 2314 850 2344 luit
866 2322 986 2353 poenas.
1012 2313 1091 2345 Navi
1107 2313 1192 2345 enim

145 2362 324 2402 profectum
350 2362 556 2400 Alexandria,
584 2365 620 2395 ut
633 2364 731 2396 tradit
754 2365 954 2404 Hegesander
973 2365 1005 2396 in
1018 2367 1192 2397 Commen-

147 2409 251 2454 tariis,
271 2423 372 2454 quum
392 2415 553 2454 videretur
574 2416 719 2456 effugisse
736 2417 913 2456 periculum
927 2418 1021 2457 (nam
1038 2419 1070 2449 et
1085 2417 1189 2448 multa

145 2466 207 2497 alia
233 2466 264 2496 in
284 2475 388 2506 regem
407 2467 615 2498 Ptolemaeum
630 2467 745 2499 acerba
766 2468 909 2508 dixerat,
940 2471 1011 2509 tum
1030 2470 1062 2501 et
1090 2468 1191 2504 istud,

147 2519 315 2558 postquam
329 2527 468 2550 sororem
483 2519 638 2551 Arsinoen
651 2519 781 2551 dixisset
797 2529 929 2552 uxorem
945 2530 953 2552 :

235 2600 402 2629 Nefandum
412 2600 547 2630 foramen
559 2601 679 2630 stimulo
692 2602 867 2639 pertundis)
883 2612 890 2629 ι

147 2682 277 2720 captum
289 2679 321 2710 in
332 2681 442 2711 Cauno
456 2680 557 2712 insula
570 2680 752 2719 Patroclus,
763 2681 831 2712 dux
845 2681 1007 2712 Ptolemaei
1018 2705 1026 2719 ‚
1044 2681 1194 2721 plumbeo

148 2740 222 2763 vase
237 2731 395 2763 inclusum
416 2731 493 2763 etin
505 2732 606 2763 altum
617 2731 792 2764 abductum
803 2756 811 2771 ,
825 2732 906 2764 mari
924 2732 1043 2764 mersit.

638 2802 697 2834 13.

190 2864 371 2897 Herodotus
396 2864 614 2904 Logomimus‚
653 2867 690 2897 ut
717 2864 918 2905 Hegesander
943 2864 1056 2905 refert,
1077 2866 1108 2897 et
1136 2868 1194 2897 Ar-

152 2916 283 2948 chelaus
297 2917 441 2955 saltator,
456 2916 540 2956 apud
556 2917 748 2948 Antiochum
763 2925 866 2957 regem
878 2926 947 2957 prae<
962 2917 1074 2949 ceteris
1086 2917 1196 2948 amicis

148 2969 290 3001 maximo
300 2967 460 2999 inhonore
477 2968 616 3000 fuerunt.
636 2968 722 3000 lllius
732 2968 876 3000 Antiochi
897 2970 998 3009 pater,
1010 2970 1041 3001 et
1059 2969 1126 3009 ipse
1137 2972 1197 3000 An-

150 3020 287 3060 tiochus,
301 3019 432 3052 Sostrati
445 3020 582 3052 tibicinis
597 3020 678 3052 filios
693 3021 834 3061 corporis
843 3021 892 3052 sui
906 3021 1025 3052 fecerat
1035 3020 1194 3052 custodes.

652 3086 704 3118 14.

190 3147 238 3177 De
253 3143 365 3176 eodem
390 3144 602 3184 Hegesander‚
627 3145 660 3176 in
676 3146 939 3185 Commentariis,
965 3146 1034 3178 haec
1052 3145 1162 3178 scribit
1186 3158 1194 3177 :

151 3210 168 3225 «ι
183 3196 320 3235 Dorion,
349 3195 554 3227 obsoniorum
580 3196 690 3236 lurco,
714 3206 813 3237 quum
839 3197 985 3229 servulus
1006 3197 1108 3238 pisces
1131 3206 1196 3228 non

150 3248 297 3287 emisset,
313 3247 436 3287 flagello
455 3247 641 3287 castigatum
659 3247 751 3287 jussit
766 3249 959 3288 optimorum
977 3249 1109 3289 piscium
1129 3249 1195 3281 edi-

151 3309 224 3332 cere
239 3300 379 3332 nomina.
393 3299 455 3336 Qui
471 3308 573 3339 quum
586 3300 723 3339 orphum
735 3301 767 3332 et
782 3300 977 3340 glauciscum
990 3304 1021 3332 el
1040 3309 1195 3340 congrum

152 3353 334 3392 similesque
349 3351 428 3383 alios
442 3353 646 3383 enumeraret
664 3364 671 3383 :
690 3354 731 3384 At
743 3354 894 3393 piscium
913 3354 1072 3389 nomina,
1090 3352 1195 3393 inquit

152 3405 217 3445 ille,
227 3404 327 3438 edere
343 3403 482 3445 leJ'ussz',
499 3412 564 3437 non
585 3403 738 3436 deorum.

941 204 1268 244 IIEGESANDRI
1299 206 1490 246 DELPHI

1251 293 1374 336 παιδὸς
1386 293 1488 346 ὀρφὸν
1508 294 1568 331 καὶ
1587 293 1796 344 γλαυκίσκον
1813 294 1872 333 καὶ
1891 293 2034 347 γόγγρον
2051 295 2111 334 καὶ
2127 296 2299 340 τοιούτους

1249 351 1384 404 ἑτέρους
1402 356 1717 404 καταριθμοῦντος,
1747 352 1893 404 Ἰχθύων
1917 369 1977 402 σε,
2001 354 2117 407 φησὶν,
2143 354 2298 393 ἐκέλευον

1249 411 1404 460 ὀνόματα
1425 410 1549 460 λέγειν,
1573 412 1611 448 οὖ
1628 413 1726 450 θεῶν.
1746 429 1760 445 υ

1747 484 1807 524 15.

1303 554 1410 590 Idem
1427 555 1531 597 VIII,
1547 567 1589 602 p.
1614 554 1702 598 340,
1724 556 1752 591 F
1772 566 1782 592 z
1804 553 2010 606 Ἀνταγόρας
2031 554 2093 603 μὲν
2122 557 2140 593 6
2154 555 2301 603 ποιητὴς

1251 612 1312 649 οὐκ
1331 610 1384 648 εἴα
1405 610 1460 648 τὸν
1485 612 1596 648 παῖδα
1614 611 1754 663 ἀλεῖψαι
1773 610 1831 649 τὸν
1849 611 1959 662 ἰχθὺν,
1981 611 2070 649 ἀλλὰ
2094 613 2238 659 λοῦσαι,
2255 611 2302 656 ὥς

1251 684 1354 722 φησιν
1370 668 1623 720 Ἡγήσανδρος.
1645 668 1708 708 Ἔν
1729 669 1764 707 δὲ
1787 668 2011 721 στρατοπέδῳ
2025 668 2156 722 ἕψοντι,
2180 670 2298 723 φησὶν,

1252 728 1346 779 αὐτῷ
1370 725 1526 779 γόγγρων
1549 726 1705 774 λοπάδα,
1733 728 1792 765 καὶ
1812 725 2097 780 περιεζωσμένῳ,
2114 727 2302 779 Ἀντίγονος

1251 787 1268 822 6
1290 784 1451 837 βασιλεὺς
1484 780 1667 837 παραστὰς
1681 816 1692 831 ,
1713 779 1801 837 ἢἎρά
1820 801 1880 837 γε,
1907 780 2013 834 εἶπεν,
2033 780 2062 825 ὦ
2090 786 2300 840 Ἀνταγόρα,

1250 843 1306 881 τὸν
1323 842 1486 896 “Ὀμηρον
1506 843 1569 881 οἴει
1589 843 1650 887 τὰς
1681 847 1740 882 τοῦ
1768 843 2022 894 Ἀγαμέμνονος
2048 845 2189 899 πράξεις
2217 849 2301 887 ἅνα-

1251 901 1405 954 γράψαι,
1424 901 1590 953 γόγγρους
1621 902 1771 954 ἕψοντα;
1795 905 1966 942 Κάκεῖνον
1986 905 2023 942 οὖ
2044 904 2184 957 φαύλως
2201 905 2302 957 λόγος

1253 962 1372 1008 εἰπεῖν,
1394 960 1445 999 Σὺ
1464 960 1499 998 δὲ
1520 960 1604 1007 οἴει,
1620 961 1717 1013 φησὶ,
1737 960 1794 999 τὸν
1815 961 2057 1012 Ἀγαμέμνονα
2078 961 2139 1007 τὰς
2163 963 2303 1017 πράξεις

1252 1017 1383 1062 ἐκείνας
1421 1018 1650 1071 ἐργάσασθαι,
1688 1020 2048 1071 πολυπραγμονοῦντα
2061 1050 2072 1072 ,
2107 1020 2158 1065 τίς
2188 1023 2224 1060 ἐν
2250 1024 2301 1076 τῷ
2359 1066 2363 1070 ,

1253 1076 1477 1128 στρατοπέδῳ
1502 1077 1668 1130 γόγγρους
1686 1076 1914 1130 ἐ’ψει;”ορνιν
1936 1079 1966 1116 δ’
1977 1076 2069 1131 ἕψων
2083 1077 2167 1118 ποτὲ
2186 1081 2205 1117 6
2226 1079 2303 1118 'Av-

1251 1134 1401 1187 ταγόρας
1423 1136 1486 1172 οὐκ
1508 1134 1572 1187 ἔφη
1596 1136 1790 1186 βαδιεῖσθαι
1807 1137 1854 1179 εἷς
1866 1134 1903 1173 τὸ
1917 1137 2112 1187 βαλανεῖον,
2131 1136 2300 1176 εὔλαὸού-

1255 1209 1352 1243 μενος
1365 1192 1413 1244 μή
1422 1208 1507 1231 ποτε
1521 1195 1551 1231 οἱ
1562 1194 1682 1236 παῖδες
1699 1192 1756 1230 τὸν
1786 1193 1901 1244 ζωμὸν
1928 1193 2162 1247 ἐκροφήσωσι.
2193 1197 2304 1235 Φιλο·

1253 1252 1374 1296 κύδους
1404 1252 1434 1290 δ’
1461 1251 1633 1302 εἰπόντος,
1663 1251 1715 1290 ὅτι
1733 1255 1755 1299 ἡ
1777 1253 1893 1306 μήτηρ
1916 1251 2084 1306 τηρήσει,
2111 1253 2207 1306 Ἐγὼ
2225 1249 2300 1304 οὗν,

1253 1306 1343 1361 εἶπε,
1356 1315 1398 1363 τῇ
1410 1311 1515 1363 μητρὶ
1529 1311 1691 1364 ὀρνίθειον
1703 1312 1815 1362 ζωμὸν
1831 1309 2027 1360 πιστεύσω,
2040 1314 2094 1355 Cf.
2109 1314 2300 1353 Plutarch.

1252 1373 1533 1422 Apophthegm.
1548 1385 1590 1421 p.
1615 1372 1704 1418 183,
1722 1375 1768 1409 A.

1747 1436 1807 1474 16.

1307 1504 1413 1540 Idem
1434 1506 1540 1548 VIII,
1563 1518 1604 1553 p.
1630 1505 1703 1549 343
1718 1533 1728 1551 ,
1756 1507 1786 1541 Ε
1809 1518 1817 1541 :
1841 1505 1990 1551 Διοκλῆς
2010 1503 2046 1542 δὲ
2065 1505 2083 1542 6
2108 1503 2302 1557 ὀψοφάγος,

1253 1561 1299 1604 ὥς
1317 1577 1419 1614 φησιν
1443 1561 1684 1614 Ἡγήσανδρος
1696 1593 1706 1610 ,
1729 1562 1923 1614 πυθομένου
1947 1562 2036 1607 τινὸς
2055 1563 2182 1608 αὐτοῦ,
2199 1563 2302 1602 πάτε-

1255 1635 1310 1671 ρος
1340 1619 1570 1672 χρηστότερος
1599 1620 1716 1672 ἰχθὺς,
1744 1621 1888 1674 γόγγρος
1920 1620 1943 1668 ἢ
1974 1620 2110 1674 λάὸραξ
2122 1650 2132 1670 ,
2164 1620 2210 1661 Ὁ
2241 1621 2304 1672 μὲν

1254 1677 1351 1731 ἑφθὸς
1363 1707 1378 1727 ,ἡ
1390 1677 1454 1732 ἔφη
1468 1709 1478 1730 ,
1500 1682 1518 1717 6
1534 1678 1569 1717 δὲ
1587 1678 1705 1722 ὀπτός.

1751 1752 1765 1774 1
1775 1752 1808 1786 7.

1306 1809 1412 1845 Idem
1431 1810 1544 1858 VIII,
1567 1822 1606 1858 p.
1632 1809 1706 1852 343
1721 1837 1730 1854 ,
1754 1810 1793 1846 D·
1813 1823 1821 1845 :
1844 1806 1949 1846 Ἀλλὰ
1964 1806 2033 1858 μὴν
2049 1807 2110 1846 καὶ
2130 1806 2305 1859 Ἀρίστιπ·

1253 1881 1317 1908 πος
1331 1867 1350 1903 ὁ
1370 1867 1593 1918 Σωκρατικὸς
1611 1866 1783 1919 ὀψοφάγος
1800 1861 1842 1914 ἦν
1853 1882 1862 1890 ·
1878 1867 1970 1910 ὅστις
1986 1866 2046 1904 καὶ
2065 1865 2132 1904 ὑπὸ
2152 1867 2305 1906 Πλάτω·

1254 1924 1309 1967 νός
1319 1939 1403 1962 ποτε
1419 1924 1664 1975 ὀνειδιζόμενος
1677 1924 1734 1962 ἐπὶ
1747 1927 1790 1976 τῇ
1807 1924 1994 1978 ὀψοφαγία,
2005 1923 2051 1968 ὥς
2061 1939 2147 1977 φησι
2161 1924 2303 1964 Σωτίων

1254 1982 1314 2020 καὶ
1333 1981 1586 2035 Ἡγήσανδρος.
1617 1982 1750 2035 Γράφει
1773 1982 1809 2021 δὲ
1829 1981 1936 2027 οὕτως
1956 1985 1974 2020 6
1993 1982 2124 2035 Δελφός
2137 1998 2146 2007 ·
2165 2001 2182 2018 α
2209 1982 2302 2036 ’Apl-

1256 2056 1416 2088 στιππος,
1436 2042 1628 2084 Πλάτωνος
1644 2041 1913 2091 ἐπιτιμήσαντος
1929 2043 2040 2095 αὐτῷ,
2056 2040 2142 2080 διότι
2157 2040 2306 2086 πολλοὺς

1257 2101 1352 2151 ἰχθῦς
1364 2099 1516 2152 ἠγόρασε
1527 2130 1538 2148 ,
1555 2101 1646 2138 δυοῖν
1669 2099 1805 2138 ὄὸολοῖν
1826 2098 1952 2152 ἔφησεν
1973 2101 2158 2146 ἐωνῆσθαι.
2176 2101 2250 2140 Τοῦ
2267 2099 2304 2138 δὲ

1753 2220 1811 2252 15.

1295 2280 1471 2319 Antagoras
1487 2281 1581 2320 poeta
1601 2288 1737 2321 puerum
1753 2288 1818 2311 non
1834 2278 1908 2311 sivit
1927 2278 2080 2319 inungere
2092 2278 2233 2319 piscem,
2245 2278 2303 2311 sed

1252 2330 1361 2363 lavare
1367 2332 1486 2372 solum,
1499 2333 1536 2363 ut
1551 2333 1662 2363 narrat
1671 2330 1883 2371 Hegesander.
1894 2330 2006 2362 Eidem
2014 2330 2046 2362 in
2053 2330 2165 2362 castris
2172 2330 2304 2363 elixanti

1254 2392 1446 2423 congrorum
1466 2384 1606 2423 patinam
1619 2407 1629 2423 ,
1650 2384 1682 2414 et
1702 2383 1866 2414 succincto
1891 2382 1952 2422 (ut
1972 2381 2082 2414 scribit
2099 2381 2184 2414 idem
2200 2383 2304 2423 Hege-

1250 2435 1385 2475 sander)
1404 2434 1532 2467 adstans
1547 2444 1603 2467 rex
1629 2434 1804 2474 Antigonus
1822 2434 2002 2474 (Gonatas)
2015 2457 2024 2473 ,
2039 2433 2083 2465 ait
2102 2445 2110 2465 ε
2125 2435 2169 2466 At
2182 2435 2303 2474 putas-

1253 2496 1295 2520 ne
1305 2512 1313 2528 ,
1329 2490 1525 2528 Antaqora,
1540 2491 1724 2520 Homerum
1736 2496 1791 2519 res
1804 2489 1919 2528 qestas
1934 2488 2199 2527 Aqamemnom‘s
2210 2489 2299 2519 scri·

1250 2542 1358 2580 psisse
1372 2548 1511 2580 conqros
1529 2539 1748 2571 elixantem?
1761 2539 1821 2571 cui
1837 2538 1889 2570 ille
1909 2547 1974 2570 non
1987 2538 2099 2570 inscite
2115 2537 2278 2580 respondit
2294 2551 2302 2571 ε

1257 2594 1349 2623 Tune
1367 2599 1442 2623 vero
1460 2593 1584 2631 putas,
1599 2594 1886 2632 Aqamemnonem
1901 2598 1955 2622 res
1984 2590 2067 2622 illas
2083 2591 2226 2630 qessisse
2242 2598 2304 2623 cu-

1251 2646 1338 2676 riose
1363 2646 1599 2686 inquirentem
1622 2645 1700 2685 quis
1727 2646 1764 2675 in
1781 2645 1908 2675 castris
1922 2651 2062 2684 conqros
2087 2643 2219 2676 elimet?
2237 2643 2304 2676 Ali-

1251 2695 1380 2735 quando
1396 2696 1548 2736 gallinam
1570 2695 1693 2727 elixans
1713 2697 1906 2735 Antagoras,
1923 2694 1956 2726 in
1966 2694 2118 2726 balneum
2133 2693 2300 2727 sciturum

1252 2748 1396 2786 negavit,
1411 2747 1528 2778 timens
1540 2756 1580 2778 ne
1599 2747 1763 2786 jusculum
1787 2746 1979 2778 absorbeant
1999 2745 2101 2787 pueri.
2120 2745 2180 2778 Cui
2201 2755 2303 2786 quum

1252 2798 1371 2830 diceret
1395 2798 1600 2838 Philocydes,
1618 2799 1754 2829 matrem
1779 2806 1820 2829 ne
1847 2798 1877 2828 id
1894 2798 1950 2830 fiat
1970 2799 2155 2830 curaturam
2171 2810 2178 2829 :
2197 2799 2304 2831 Matri

1252 2850 1373 2889 iqicur,
1388 2848 1504 2889 inquit,
1519 2857 1577 2888 eqo
1583 2849 1765 2889 jusculum
1777 2849 2011 2888 qallinaceum
2025 2848 2198 2881 crederem
2209 2852 2229 2881 Ρ

1752 2910 1809 2942 16.

1294 2965 1439 3004 Diocles,
1455 2964 1578 2997 obsonii
1596 2965 1687 2996 lurco
1699 2989 1707 3003 ,
1727 2966 1763 2996 ut
1787 2965 1896 2995 narrat
1910 2963 2124 3004 Hegesander,
2141 2972 2244 3004 quum
2261 2973 2303 2996 ex

1252 3025 1290 3047 eo
1305 3016 1504 3057 quaesivisset
1517 3016 1650 3056 aliquis,
1665 3017 1737 3047 uter
1752 3015 1846 3056 piscis
1859 3015 1983 3055 melior,
2000 3023 2116 3056 conger
2129 3023 2170 3047 an
2182 3015 2277 3056 lupus
2292 3028 2300 3047 :

1253 3068 1414 3108 respondit
1431 3079 1446 3095 «
1464 3080 1471 3099 ε
1489 3068 1546 3099 llle
1565 3067 1685 3106 elixus,
1699 3066 1752 3098 hic
1765 3075 1864 3098 assus.
1883 3079 1899 3095 ν

1755 3133 1813 3165 17.

1294 3194 1355 3227 Sed
1381 3195 1413 3226 ct
1439 3193 1617 3234 Aristippus
1633 3192 1814 3225 Socraticus
1837 3191 1960 3223 obsonii
1985 3190 2099 3223 avidus
2122 3191 2191 3224 erat
2209 3204 2216 3223 :
2232 3200 2298 3233 quo

1253 3246 1381 3278 nomine
1396 3254 1469 3277 eum
1483 3245 1655 3285 aliquando
1672 3244 1898 3284 reprehensum
1914 3251 1933 3275 a
1949 3243 2082 3275 Platone
2097 3246 2228 3275 narrant
2244 3245 2301 3276 So-

1252 3299 1320 3331 tion
1335 3301 1368 3330 et
1383 3297 1594 3338 Hegesander.
1619 3300 1691 3335 Qua
1711 3297 1752 3328 de
1776 3306 1811 3329 re
1832 3296 1878 3328 sic
1893 3296 2003 3328 scribit
2017 3296 2159 3336 Delphus
2173 3305 2182 3328 z
2202 3308 2218 3324 α
2234 3296 2302 3328 Ari-

1253 3351 1374 3391 stippus
1383 3374 1391 3388 ‚
1407 3349 1615 3390 reprehensus
1626 3357 1644 3380 a
1656 3349 1787 3381 Platone
1799 3347 1887 3388 quod
1899 3347 2034 3388 piscium
2048 3356 2198 3388 magnum
2210 3347 2301 3379 emis·

1253 3405 1301 3436 set
1311 3411 1480 3435 numerum
1491 3427 1500 3444 ‚
1514 3401 1642 3434 duobus
1650 3402 1753 3435 obolis
1765 3410 1799 3434 se
1811 3410 1866 3434 eos
1885 3401 1998 3433 emisse
2014 3400 2105 3433 dixit.
2121 3400 2182 3433 Cui
2198 3408 2299 3441 quum
