2372 3704
625 230 862 270 MENELAI
892 228 1044 296 ANAEL
1074 226 1440 267 MENESTHENIS
1472 226 1803 267 FRAGMENTA.

177 318 233 353 De
243 327 284 353 re
294 328 332 354 v.
346 314 474 364 Steph.
487 313 596 352 Thes.
612 326 650 351 v.
669 310 852 351 Διακόνιον
864 341 874 358 ,
890 319 928 348 et
941 309 1175 358 Bernhardy.

123 375 174 412 ad
201 374 308 413 said.
337 374 489 412 Miiller.
517 374 609 410 Dor.
638 373 675 416 Ι,
708 384 750 420 p.
786 369 881 408 325.
919 366 1178 417 Γλωσσόκομον

121 434 278 483 proprie
291 440 347 470 est
362 427 490 469 arcula
507 432 547 467 in
560 442 637 479 qua
653 430 831 467 tibiarum
844 429 995 478 lingulae
1014 439 1178 477 repone-

122 493 283 538 bantur3
306 491 445 528 deinde
465 490 636 539 quamvis
656 490 825 526 arculam
843 486 1030 538 significat
1048 487 1088 522 in
1105 499 1178 534 qua

123 542 384 588 reconduntur
410 562 468 586 res
492 549 680 598 pretiosae.
711 550 755 585 V.
786 548 917 596 Steph.
942 547 1052 583 Thes.
1079 558 1109 584 s.
1132 559 1174 590 bv.

123 610 266 647 Nostro
277 609 365 646 loco
386 608 635 657 intelligenda
653 619 728 643 vox
753 607 801 643 de
815 606 917 642 libro
939 618 1016 654 quo
1046 606 1177 641 Mene-

123 668 198 704 cles
213 679 272 704 res
297 667 348 704 ad
372 666 651 704 reconditiores
675 665 921 713 antiquitates
948 664 1180 712 pertinentes

123 727 390 775 explicaverat,
402 727 479 771 vel,
498 724 604 773 quod
620 725 748 760 malim
762 751 772 769 ‚
797 735 911 759 voces
939 722 1180 759 obscuriores

125 786 394 834 interpretatus
423 791 526 830 erat;
565 796 649 832 quae
689 796 808 831 quum
849 794 970 832 graece
1003 782 1180 820 dicantur

123 844 297 894 γλῶσσαι,
319 843 456 880 ludens
476 850 611 879 auctor
635 839 906 890 Γλωσσόκομον,
926 842 1081 891 Linguae
1094 841 1177 876 the-

122 915 293 950 saurum,
315 903 457 939 librum
473 902 723 951 inscripserit.

634 987 672 1027 8.

176 1085 302 1133 Etym.
323 1084 376 1120 M.
397 1096 438 1133 p.
460 1082 530 1130 37,
554 1083 603 1121 25
624 1080 838 1125 εἈἷολεῖς...
859 1083 905 1125 ὡς
922 1082 1106 1128 Μενεκλῆς
1123 1079 1180 1119 διὰ

122 1141 163 1180 τὸ
178 1142 218 1180 ἐκ
233 1142 373 1180 πολλῶν
392 1142 497 1179 ἐθνῶν
516 1141 773 1194 συνηθροῖσθαι,
788 1139 858 1179 ἀπὸ
873 1144 933 1179 τοῦ
950 1139 1102 1185 αἷολίζω.
1120 1141 1176 1179 Cf.

121 1203 273 1241 Mfiller.
291 1203 393 1239 Min.
413 1215 454 1252 p.
481 1201 570 1251 398.

176 1353 378 1391 Athenaeus
392 1354 456 1400 IV,
472 1366 514 1403 p.
538 1352 628 1403 184,
645 1355 674 1390 B
689 1366 698 1390 :
715 1352 768 1391 Οὖ
783 1350 850 1404 γὰρ
863 1344 958 1396 οἶδας
974 1353 1180 1404 ἱστοροῦντα

124 1410 308 1452 Μενεκλέα
323 1410 382 1449 τὸν
395 1413 571 1463 Βαρκαῖον
594 1411 811 1464 συγγραφέα,
831 1410 882 1449 ἔτι
900 1427 937 1449 τε
957 1411 1131 1464 Ἀνδρῶνα
1145 1414 1181 1451 ἐν

123 1472 193 1513 τοῖς
212 1469 397 1522 Χρονικοῖς
414 1468 472 1508 τὸν
491 1467 737 1521 Ἀλεξανδρέα,
757 1468 810 1506 ὅτι
831 1467 1066 1522 Ἀλεξανδρεῖς
1092 1472 1180 1509 εἰσιν

123 1530 155 1567 οἱ
170 1528 420 1571 παιδεύσαντες
434 1526 569 1571 πάντας
584 1526 663 1571 τοὺς
677 1525 857 1575 τΈλληνας
870 1527 929 1566 καὶ
946 1527 1023 1573 τοὺς
1044 1529 1182 1582 βαρὸά-

125 1602 226 1640 ρους,
245 1585 471 1633 ἐκλειπούσης
487 1585 556 1634 ἤδη
580 1588 642 1633 τῆς
662 1587 845 1639 ἐγκυκλίου
867 1586 1026 1630 παιδείας
1045 1587 1101 1626 διὰ
1119 1587 1182 1633 τὰς

122 1646 310 1698 γενομένας
334 1647 488 1699 συνεχεῖς
505 1644 658 1692 κινήσεις
683 1647 716 1683 ἐν
735 1651 806 1688 τοῖς
821 1645 913 1684 κατὰ
929 1645 1008 1690 τοὺς
1023 1646 1181 1692 Ἀλεξάν-

123 1707 206 1757 δρου
227 1705 408 1757 διαδόχους
427 1703 576 1757 χρόνοις.
598 1700 760 1756 Ἐγένετο
780 1700 838 1743 οὖν
864 1704 1053 1749 ἀνανέωσις
1075 1706 1181 1743 πάλιν

123 1764 284 1808 παιδείας
305 1762 444 1809 ἁπάσης
463 1762 556 1801 κατὰ
578 1763 636 1802 τὸν
656 1762 806 1813 ἔὸδομον
835 1762 1094 1815 βασιλεύσαντα
1112 1765 1183 1803 Αἰ-

122 1822 256 1873 γύπτου
289 1820 436 1875 βασιλέα
455 1823 678 1872 Πτολεμαῖον
699 1820 758 1860 τὸν
776 1821 901 1874 κυρίως
917 1821 984 1860 ὑπὸ
998 1824 1066 1860 τῶν
1086 1822 1182 1861 Ἀλε-

127 1880 298 1935 ξανδρέων
323 1878 538 1930 καλούμενον
564 1881 797 1934 κακεργέτην,
822 1881 900 1918 κτλ.
928 1882 1020 1919 Vide
1044 1882 1180 1932 frag-m.

123 1942 328 1979 Andronis.
354 1942 411 1978 Ex
438 1954 607 1990 quonam
629 1954 747 1991 opera
778 1942 857 1977 haec
880 1942 1001 1990 petita
1027 1940 1182 1978 difficile

124 2001 243 2040 dictu.
274 2022 328 2028 -—
348 1999 464 2048 Apud
491 2001 611 2037 schol.
645 2001 693 2036 Il.
735 2014 766 2046 e,
796 1999 874 2043 640
904 1998 1114 2050 (Μενεκλῆς
1139 1998 1175 2036 δὲ

125 2058 230 2112 φησὶν
251 2059 415 2112 ἐψεῦσθαι
434 2055 498 2104 τὴν
518 2057 573 2096 ἐπ’
594 2057 701 2096 Ἰλίου
715 2057 902 2110 στρατείαν
918 2072 970 2098 sc.
990 2059 1181 2107 Herculis)

123 2131 198 2168 pro
232 2118 414 2164 Μενεκλῆς
440 2118 682 2156 scribendum
712 2118 866 2154 videtur
902 2118 1092 2168 Μεγακλῆς
1124 2118 1182 2153 vel

126 2175 387 2229 Μεγακλείδης.

547 2318 766 2333 —QOOO‘—

292 2430 687 2490 MENELAUS
728 2430 827 2487 AN
832 2431 1010 2489 AEUS.

179 2567 362 2617 Stephan.
391 2569 479 2616 Byz.
503 2580 513 2603 :
533 2566 683 2606 Ἀναία..
713 2565 786 2604 ἔστι
815 2566 851 2604 δὲ
881 2565 1018 2618 Καρίας
1039 2567 1182 2619 ἀντικρὺ

127 2624 298 2675 Σάμου...
328 2623 368 2662 τὸ
397 2624 528 2663 ἔθνικὸν
555 2624 700 2669 Ἀναῖος.
735 2624 915 2664 Ἐντεῦθεν
940 2619 982 2673 ἦν
1002 2625 1182 2670 Μενέλαος

126 2686 144 2722 ὃ
160 2683 433 2736 περιπατητικὸς
447 2683 629 2737 φιλόσοφος
645 2683 704 2722 καὶ
721 2682 831 2735 μέγας
845 2680 1017 2737 ἱστορικὸς
1034 2684 1179 2728 Ἀναῖος.

185 2759 200 2776 «
230 2744 416 2781 Gesnerus
442 2757 514 2794 pro
536 2742 644 2793 μέλας
666 2745 758 2794 legit
779 2742 922 2791 Μέλας,
954 2745 1057 2781 unde
1080 2752 1118 2782 et
1147 2746 1181 2782 ei

125 2803 241 2839 Melas
259 2801 430 2854 ἱστορικὸς
450 2804 494 2839 in
505 2804 744 2840 Bibliotheca
762 2812 1008 2840 memoratur.
1035 2820 1050 2837 υ
1069 2806 1178 2841 Voss.

126 2861 241 2909 Quod
267 2863 370 2899 haud
395 2863 513 2900 dubie
537 2863 670 2899 falsum
702 2871 777 2908 est,
805 2865 874 2900 etsi
895 2861 1005 2913 μέλας
1030 2864 1182 2901 exhibet

127 2922 241 2958 etiam
267 2922 389 2959 codex
411 2922 715 2972 Rhedigeranus.
754 2923 808 2959 De
848 2924 985 2960 eodem
1009 2924 1181 2960 Menelao

638 3047 672 3079 8.

169 3107 276 3140 AEoles
302 3107 480 3140 secundum
496 3108 672 3141 Meneclem
690 3108 767 3141 dicti
796 3109 873 3141 sunt
896 3118 915 3141 a
932 3118 1012 3142 voce
1040 3109 1181 3149 αἰολίζω,

127 3159 280 3199 quoniam
294 3167 333 3192 ex
351 3160 462 3192 multis
475 3160 601 3201 populis
617 3160 745 3193 collecti
759 3161 889 3193 suerint.

635 3216 671 3249 9.

168 3279 277 3312 Nescis
305 3279 421 3314 docere
446 3281 624 3314 Meneclem
649 3284 838 3322 Barcaeum,
869 3282 1075 3315 historiarum
1104 3283 1182 3314 seri-

127 3330 274 3371 ptorem,
300 3332 334 3364 et
362 3332 548 3366 Andronem
572 3333 831 3366 Alexandrinum
856 3334 888 3366 in
919 3333 1105 3372 chronicis,
1141 3334 1183 3365 ab

129 3381 351 3416 Alexandrinis
360 3384 502 3416 eruditos
510 3393 578 3417 esse
591 3386 723 3418 Graecos
730 3394 843 3418 omnes
853 3386 885 3417 et
899 3385 1068 3424 Barbaros,
1081 3394 1182 3425 quum

127 3432 194 3474 iam
215 3434 381 3468 defecisset
396 3436 557 3477 encyclica
577 3437 715 3470 eruditio
729 3438 858 3478 propter
874 3437 1045 3469 continuos
1062 3437 1182 3477 motus,

2217 235 2285 268 451

1241 309 1374 346 Suidas
1395 322 1404 345 :
1427 307 1627 357 Μενέλαος,
1651 309 1793 357 Αἰγαῖος
1810 308 1898 358 (scr.
1922 308 2095 359 Ἀναῖος),
2118 311 2291 354 ἐποποιός·

1241 365 1370 419 ἔγραψε
1391 363 1558 412 Θηὸαΐδα
1578 367 1613 403 ἐν
1634 365 1780 418 βιὸλίοις
1801 366 1845 403 ια’
1865 366 1937 413 (sic
1956 372 1976 410 4
1996 368 2130 416 codd.,
2149 369 2238 406 edd.
2257 377 2295 406 et

1242 425 1389 463 Eudoc.
1410 438 1449 473 p.
1476 424 1548 461 302
1571 423 1635 469 ιδ’)
1658 424 1717 461 καὶ
1735 423 1983 463 &UmVerbis
2001 425 2060 462 καὶ
2082 425 2172 463 ἄλλα
2186 441 2293 466 com-

1239 484 1426 532 prehendi
1438 491 1597 533 possunt
1608 485 1751 533 scripta
1770 485 1969 529 historica,
1991 485 2057 520 sed
2067 487 2196 533 potius
2217 488 2294 535 ipsa

1240 543 1437 579 Thebaide
1447 543 1651 591 Menelaus,
1668 550 1864 591 tamquam
1879 541 2073 587 Θηὸαϊκῶν
2085 546 2297 590 auctor,hi-

1239 603 1370 637 storioi
1391 602 1541 638 titulum
1556 603 1737 641 meruisse
1756 601 1965 638 censendus
1978 609 2043 639 est.
2064 603 2173 646 Certe
2192 616 2238 642 ex
2253 617 2298 641 ea

1240 659 1431 699 fluxerunt
1450 673 1533 708 quae
1553 662 1766 710 Stephanus
1787 660 1909 706 affert,
1928 658 2127 709 v.r''fep.p,i';'
2148 674 2155 696 :
2172 659 2297 705 Ἔθνος

1241 720 1378 770 πρῶτον
1399 720 1545 765 οἷκῆσαν
1566 720 1600 757 ἐν
1624 717 1792 771 Βοιωτίᾳ.
1824 716 2036 768 Τεμμίκειος
2058 717 2097 755 τὸ
2116 719 2297 765 κτητικόν·

1242 776 1419 821 Μενέλαος
1455 777 1491 815 δὲ
1520 776 1577 815 διὰ
1606 780 1666 815 τοῦ
1700 793 1710 814 ι
1743 776 1942 826 Τεμμίκιον
1981 775 2068 815 ἄστυ
2099 778 2133 815 ἐν
2166 777 2298 830 πρώτῳ

1241 835 1421 884 Θηὸαίδος
1434 837 1531 889 φησί.
1546 859 1600 866 -
1614 838 1672 874 Id.
1692 852 1730 873 v.
1751 834 1922 886 ‘rw-(2⁷2¹
1937 835 2038 878 πόλις
2054 838 2115 881 τῆς
2137 834 2296 880 Ἤλιδος.

1243 895 1423 939 Μενέλαος
1443 895 1480 933 δὲ
1505 895 1660 949 τετάρτῳ
1689 894 1935 942 Θηὸαἴκῶν
1955 892 2133 946 ”Υρμιναν
2156 894 2213 932 διὰ
2237 899 2300 933 τοῦ

1242 970 1263 992 α
1287 954 1385 1007 φησί.
1405 977 1456 983 -
1475 956 1534 994 Id.
1557 969 1596 994 V.
1631 952 1822 1006 Εὔτρησις·
1844 952 1963 1003 κώμη.
1994 954 2117 992 Κεῖται
2138 953 2173 991 δὲ
2203 953 2301 1006 παρὰ

1242 1012 1304 1060 τὴν
1325 1013 1403 1051 ὁδὸν
1423 1012 1486 1060 τὴν
1504 1014 1544 1051 ἐκ
1569 1015 1735 1051 Θεσπιῶν
1753 1013 1801 1056 εἷς
1818 1011 1997 1055 Πλατειὰς
2014 1011 2235 1063 ἀπάγουσαν,
2257 1013 2300 1060 ἣν

1243 1071 1390 1124 ἐτείχισε
1409 1074 1519 1118 Ζῆθος
1548 1071 1608 1110 καὶ
1629 1071 1797 1124 Ἀμφίων.
1817 1069 1924 1109 Ἔστι
1945 1069 1981 1109 δὲ
2001 1072 2048 1114 εἷς
2070 1069 2177 1108 τόπον
2198 1072 2300 1124 ἐπιρ-

1244 1133 1444 1184 ρηματικῶς
1457 1130 1684 1183 Εὖτρησίνδε,
1699 1133 1745 1174 ὡς
1759 1128 2081 1173 Μενέλαος.-Ιᾱ.
2092 1144 2127 1169 v,
2144 1129 2300 1176 Λύκαια,

1242 1190 1342 1234 πόλις
1370 1189 1568 1241 Ἀρκαδίας.
1612 1189 1720 1241 Παρὰ
1750 1188 1786 1227 δὲ
1818 1188 1991 1242 Μενελάῳ
2021 1187 2182 1228 Λύκαιθα
2211 1188 2301 1240 μετὰ

1244 1254 1301 1288 τοῦ
1322 1253 1354 1290 θ.
1373 1273 1425 1278 -
1441 1252 1501 1289 Id.
1521 1248 1762 1302 Ἀμφιγένεια,
1786 1249 1886 1292 πόλις
1918 1248 2207 1296 Μεσσηνιακή....
2231 1251 2302 1287 Με-

1242 1307 1361 1352 νέλαος
1374 1307 1414 1346 δέ
1433 1323 1518 1360 φησι
1539 1307 1598 1346 καὶ
1626 1306 1862 1360 Ἀμφιγένειον
1883 1307 2111 1359 [εἷρῆσθαι];
2139 1309 2206 1344 ubi
2226 1321 2303 1344 vox

1244 1367 1402 1418 εἰρῆσθαι
1419 1369 1581 1405 debetur
1599 1369 1837 1417 excerptori3
1853 1380 1941 1403 narn
1967 1368 2047 1403 haec
2069 1380 2225 1416 quoque
2257 1380 2302 1404 ex

1243 1428 1435 1464 Thebaide
1456 1426 1608 1463 fluxisse
1635 1428 1762 1476 arguit
1786 1428 1926 1463 Statius
1955 1427 2075 1465 Theb.
2107 1428 2170 1472 IV,
2197 1426 2269 1473 178
2292 1439 2301 1464 ε

1243 1488 1338 1522 Huc'c
1354 1485 1570 1537 (Capaneo)
1583 1499 1725 1535 parere
1741 1488 1838 1530 dati,
1863 1499 1952 1535 quos
1961 1485 2111 1533 ferulis
2137 1486 2302 1534 Amphi-

1242 1548 1385 1592 genia..
1409 1549 1536 1584 nutrit.
1562 1546 1722 1582 Accedit
1743 1545 1850 1593 quod
1874 1545 2011 1581 eodem
2033 1545 2119 1580 loeo
2143 1544 2305 1593 Stepha-

1243 1617 1313 1640 nus
1326 1605 1418 1647 citat
1434 1605 1701 1640 Antimachum
1723 1604 1780 1653 (in
1790 1604 2002 1649 Thebaide,
2015 1616 2052 1638 v.
2074 1602 2120 1640 fr.
2144 1616 2158 1638 1
2171 1616 2185 1639 1
2198 1616 2212 1638 1
2241 1603 2301 1641 ed.

1243 1662 1415 1700 Diibner.
1428 1662 1454 1708 ).
1476 1662 1532 1701 Cf.
1550 1663 1637 1700 Joh.
1655 1663 1835 1699 Siceliota
1850 1663 1889 1697 in
1905 1664 2087 1711 Hermog.
2103 1673 2165 1709 ap.
2185 1660 2300 1697 Walz.

1244 1722 1320 1759 Rh.
1341 1721 1405 1769 Gr.
1424 1724 1487 1767 VI,
1507 1735 1548 1770 p.
1569 1722 1645 1770 399
1666 1734 1675 1759 t
1695 1719 1752 1758 Τὰ
1770 1718 1910 1758 Ἰωνικὰ
1929 1719 2112 1769 ποιήματα
2131 1717 2303 1771 ἐξαίρουσι

1245 1780 1320 1823 ταῖς
1331 1781 1488 1827 ἡδοναῖς,
1501 1778 1620 1831 ὥσπερ
1637 1778 1681 1817 τὰ
1697 1779 1899 1830 Σιμωνίδου
1914 1779 1973 1817 καὶ
1987 1778 2182 1818 Μενελάου.
2197 1780 2305 1817 Idem

1247 1840 1297 1877 ib.
1316 1854 1354 1889 p.
1379 1841 1428 1889 93
1455 1841 1578 1877 Walz.
1602 1852 1611 1877 ;
1630 1837 1717 1877 “Ort
1739 1836 1800 1888 μὲν
1822 1843 2048 1890 παρενεγκεῖν
2077 1839 2107 1883 οἱ
2126 1835 2304 1890 φιλόπονοι

1247 1898 1411 1935 δύνανται
1430 1896 1507 1942 τοὺς
1524 1897 1706 1949 περιττοὺς
1722 1896 1785 1944 τὴν
1799 1897 1914 1950 φύσιν,
1936 1898 2106 1948 μαρτυρεῖ
2120 1897 2304 1946 Δημοσθέ-

1247 1972 1354 2003 νης...
1370 1956 1422 1994 ὅτι
1443 1956 1479 1995 δὲ
1501 1960 1601 1994 τοῦτο
1624 1955 1779 2001 σπάνιον,
1800 1955 1944 2008 πλήρεις
1968 1957 2004 1993 αἱ
2027 1954 2177 2007 ἱστορίαι
2195 1955 2254 1992 καὶ
2271 1956 2302 1992 οἱ

1252 2015 1320 2066 βίοι
1342 2018 1411 2054 τῶν
1432 2017 1618 2067 σοφιστῶν·
1649 2016 1783 2064 μᾶλλον
1803 2016 1833 2052 δ’
1855 2014 1907 2067 ἐφ’
1928 2014 1999 2058 ἑνὸς
2031 2013 2214 2053 Μενελάου
2241 2017 2302 2051 τοῦ

1245 2078 1390 2120 ποιητοῦ
1404 2077 1506 2113 τοῦτο
1520 2073 1653 2112 κατίδοι
1667 2089 1717 2116 τις
1735 2073 1790 2122 ἂν,
1809 2073 1993 2111 δυσκολίαν
2009 2071 2142 2125 φύσεως
2158 2073 2303 2123 φιλοπο-

1244 2132 1301 2184 νίᾳ
1335 2133 1594 2183 μεταὸαλόντος
1622 2134 1668 2176 εἷς
1693 2133 1732 2171 τὸ
1753 2132 1894 2185 ἀκριὸές
1912 2149 1949 2170 τε
1978 2132 2038 2171 καὶ
2067 2132 2231 2183 ἄμωμον,
2257 2130 2303 2174 ὥς

1245 2208 1330 2244 φησι
1346 2192 1406 2231 καὶ
1427 2195 1605 2243 Λογγῖνος.
1626 2194 1680 2232 Cf.
1706 2194 1858 2232 Ruhnk.
1892 2195 1985 2229 Diss.
2012 2195 2067 2229 De
2084 2194 2150 2228 vit.
2176 2194 2299 2241 Long.

1244 2267 1282 2302 p.
1308 2266 1400 2289 XCIV
1418 2254 1478 2291 ed.
1500 2254 1643 2291 Weisk.

1668 2375 1883 2389 —Qowoe-

1488 2473 2048 2531 MENESTHENES.

1642 2599 1907 2638 [IOAITIKA.

1544 2709 1573 2743 E
1600 2707 1752 2744 LIBRO
1781 2707 1999 2754 QUARTO.

1298 2806 1497 2841 Athenaeus
1529 2806 1604 2850 XI,
1626 2809 1778 2854 1).494‚
1809 2806 1837 2840 Β
1868 2818 1875 2839 :
1904 2801 2103 2853 ”Ολμος,
2139 2802 2301 2855 ποτήριον

1243 2863 1404 2915 κερατίου
1430 2862 1557 2916 τρόπον
1579 2861 1823 2915 εἰργασμένον,
1851 2861 2068 2907 Μενεσθένης
2089 2863 2122 2899 ἐν
2144 2862 2300 2913 τετάρτῳ

1247 2923 1445 2961 Πολιτικῶν
1475 2920 1601 2974 γράφει
1633 2920 1760 2965 οὕτως·
1791 2939 1805 2956 ιι
1834 2920 2052 2968 Ἀλὸατάνης
2094 2920 2300 2972 (αἷθανάτης

1243 3034 1300 3075 qui
1314 3033 1514 3074 temporibus
1526 3041 1748 3064 successorum
1761 3032 1933 3065 Alexandri
1943 3032 2159 3064 obtinuerant.
2170 3031 2301 3063 Exstitit

1243 3085 1339 3126 igitur
1367 3084 1532 3116 renovatio
1552 3093 1663 3116 rursus
1688 3084 1845 3116 universae
1861 3084 2071 3122 eruditionis,
2091 3085 2242 3123 regnante
2269 3083 2300 3113 in

1243 3138 1379 3178 AEgypto
1397 3136 1571 3168 Ptolemaeo
1583 3135 1721 3176 septimo
1731 3160 1740 3175 ,
1753 3136 1808 3177 qui
1822 3136 1950 3177 proprio
1962 3136 2092 3167 nomine
2102 3135 2297 3175 Κακεργέτης

1246 3189 1299 3231 (id
1319 3191 1379 3230 est,
1396 3188 1598 3229 Maleficus)
1616 3188 1656 3220 ab
1674 3189 1896 3221 Alexandrinis
1907 3190 2055 3221 vocatur.

1647 3287 1899 3326 POLITICA.

1286 3382 1430 3415 Bolmus
1455 3381 1708 3424 [Mortui-ium}
1731 3382 1888 3428 chulum
1919 3383 1959 3414 ad
1982 3386 2139 3412 cornuum
2163 3375 2299 3410 modum

1244 3428 1459 3469 elaboratum.
1492 3435 1716 3469 Menesthenes
1738 3435 1770 3466 in
1796 3436 1912 3474 quai-lo
1929 3433 2010 3465 libro
2031 3431 2235 3464 politicorum
2255 3429 2309 3471 ita.

2093 3493 2135 3516 29.
