2372 3704
134 253 207 285 340

181 331 238 366 De
255 330 394 379 OEdipi
414 331 588 379 sepulcro
608 343 671 379 ap.
690 332 816 367 Schol.
835 333 953 381 Soph.
977 333 1073 369 OEd.
1089 333 1170 369 Col.

129 401 151 424 a
171 390 398 437 Lysimacho
422 389 487 439 (fr.
513 389 554 440 8)
583 391 723 426 citatur
749 388 999 440 Ἀρίζηλος,
1030 392 1077 427 de
1097 404 1174 439 quo

129 447 282 484 aliunde
292 461 371 483 non
385 456 545 486 constat.
561 449 614 484 Pu
621 449 689 484 tari
702 451 821 497 possit
833 450 946 486 latere
958 463 1097 486 nomen
1110 451 1175 485 Ar-

129 507 305 542 menidoe.
337 509 471 555 Itaque
489 507 712 544 Armenidas
731 509 958 556 Lysimacho
980 509 1176 557 antiquior

128 565 239 601 soret.

180 625 354 660 Fortasse
376 622 576 674 Ἀρμενίδας
594 625 858 673 reponendum
878 638 940 674 ap.
958 626 1009 661 St.
1025 627 1112 674 Byz.
1134 639 1171 660 v.

134 679 329 719 Κοτύλαιον
361 695 434 731 pro
462 690 647 731 corrupto
683 679 889 733 Ἀρτέμιδος.
915 683 1009 720 Vide
1034 683 1175 720 Arche-

126 742 251 776 machi
266 742 310 776 fr.
338 741 372 779 3.

523 850 767 867 ψ

179 953 538 989 ARTEMIDORUS
567 952 877 990 ASCALONITA
890 980 900 998 ,
921 953 1174 1001 Bithyniacfm

127 1020 275 1056 auctor,
295 1018 451 1047 testante
468 1011 659 1059 Stephano
674 1012 763 1058 Byz.
786 1024 824 1046 v.
845 1009 1024 1048 Ἀσκάλων
1042 1025 1050 1047 :
1071 1012 1172 1049 Πολ-

126 1069 180 1108 λοὶ
200 1070 236 1109 δὲ
256 1069 290 1114 ἐξ
312 1070 415 1114 αὐτῆς
443 1067 791 1121 κεχρηματίκασι,...
814 1069 982 1121 ἱστορικοὶ
1001 1068 1174 1107 Ἀπολλώ-

127 1144 195 1171 νιος
215 1127 275 1166 καὶ
298 1127 547 1180 Ἀρτεμίδωρος
577 1129 595 1163 ὃ
614 1124 658 1164 τὰ
682 1127 770 1179 Περὶ
786 1127 945 1171 Βιθυνίας
976 1127 1172 1182 γεγραφὼς,

126 1186 185 1224 καὶ
204 1186 318 1226 ἄλλοι.

535 1312 754 1327 --Θθοῠῡ-

416 1425 885 1483 ARTEMONES.

177 1570 373 1617 Reliquias
397 1569 638 1604 exhibuimus
667 1569 884 1604 Artemonis
921 1567 1173 1617 Clazomenii,

123 1629 338 1665 Artemonis
365 1628 608 1675 Pergameni,
636 1628 852 1663 Artemonis
877 1627 1171 1664 Cassandrensis.

123 1688 355 1724 Clazomenis
373 1690 626 1723 Artemonum
655 1686 837 1721 familiam
859 1687 1020 1735 viguisse
1039 1695 1176 1736 praeter

122 1747 346 1783 historicum
367 1753 562 1790 nostrum,
595 1745 663 1793 qui
696 1746 858 1781 Annales
886 1746 1020 1794 patriae
1051 1754 1088 1782 et
1119 1749 1175 1783 De

124 1807 293 1842 Homero
315 1805 455 1840 librum
476 1805 713 1852 composuit,
731 1811 888 1840 testatur
908 1809 1093 1840 Artemon
1112 1806 1175 1841 ille

121 1865 358 1908 notissimus,
381 1863 446 1911 qui
463 1863 601 1898 Pericli
617 1869 750 1898 contra
773 1863 919 1899 Samios
938 1863 1175 1911 belligeranti

121 1924 386 1959 machinarum
403 1921 702 1957 obsidionalium
726 1922 905 1957 inventor
931 1923 1086 1957 exstitit.
1118 1925 1175 1959 De

123 1989 226 2018 aetate
253 1980 574 2028 historiographi,
600 1979 708 2026 cujus
738 1979 888 2015 duobus
914 1987 1061 2016 tantum
1080 1981 1176 2017 locis

122 2042 265 2076 mentio
285 2039 328 2075 fit
341 2067 350 2084 ,
371 2039 477 2087 quod
497 2039 621 2074 dicam
637 2039 733 2073 nihil
751 2039 892 2077 habeo.
911 2039 1026 2086 Quod
1042 2040 1173 2088 Perga-

120 2112 275 2135 menum
296 2099 451 2142 attinet,
472 2098 680 2133 existimari
701 2097 822 2146 possit
839 2109 926 2133 eum
942 2110 1022 2133 non
1047 2098 1176 2135 diver—

122 2172 204 2194 sum
232 2170 308 2194 esse
331 2158 393 2193 vel
427 2169 450 2192 a
477 2156 719 2195 Clazomenio
750 2157 810 2192 vel
837 2169 858 2192 a
890 2157 1172 2206 Cassandrensi,

123 2217 435 2266 quandoquidem
469 2216 715 2264 Pergameni,
754 2215 866 2250 sicuti
904 2217 1172 2264 Alexandrini,

125 2278 294 2325 epitheto
317 2287 574 2324 saepenumero
600 2287 680 2310 non
698 2275 825 2323 patria
850 2276 1016 2311 auctoris
1032 2277 1173 2324 signifi·

124 2344 247 2380 catur,
263 2335 328 2370 sed
340 2336 446 2370 locus
457 2334 526 2369 ubi
538 2334 676 2369 vixerit
689 2334 969 2382 scripseritque.
990 2336 1174 2372 Artemon

123 2396 141 2430 ὃ
159 2392 228 2430 ἀπὸ
258 2393 450 2444 Περγάμου
481 2392 547 2442 (fr.
573 2392 615 2442 5)
637 2394 932 2428 commentarios
962 2394 1175 2432 elaboravit

124 2455 164 2488 in
179 2453 335 2488 Pindari
355 2453 545 2496 carmina,
567 2464 647 2486 non
666 2453 705 2486 in
731 2453 859 2486 omnia
879 2459 1004 2488 tamen
1018 2480 1028 2498 ,
1050 2455 1107 2489 uti
1129 2468 1173 2491 ex

125 2512 342 2561 fragmentis
359 2511 514 2558 colligas
527 2537 536 2554 ,
558 2510 624 2545 sed
641 2511 680 2544 in
697 2522 741 2545 ea
760 2518 928 2555 tantum,
946 2524 1028 2558 quae
1045 2514 1172 2549 vieto—

124 2572 199 2606 rias
228 2570 423 2606 celebrant
458 2569 679 2616 principum
709 2569 937 2606 Siculorum.
982 2571 1173 2607 Curiosius

125 2642 212 2664 eum
231 2629 270 2663 in
291 2628 466 2663 historias
483 2639 617 2662 eorum
632 2627 869 2673 inquisivisse
884 2627 1029 2662 indicat
1049 2630 1169 2668 schol.

126 2687 174 2723 ad
190 2688 323 2724 Isthm.
345 2687 402 2730 11,
429 2698 444 2720 1
486 2685 549 2734 (fr.
577 2682 643 2734 8),
663 2685 729 2719 ubi
760 2683 893 2735 σφόδρα
922 2683 965 2720 τὰ
995 2685 1074 2736 περὶ
1097 2687 1174 2731 τοὺς

126 2743 340 2787 Σικελιώτας
353 2740 779 2794 πεπολυπραγμονηκέναι
792 2744 943 2779 dicitur.
962 2745 1067 2780 Idem
1084 2747 1130 2782 fr.
1152 2748 1171 2782 3

125 2806 345 2840 nominatur
369 2801 551 2854 ἱστορικός.
575 2804 694 2849 Quem
720 2803 871 2837 titulum
890 2816 980 2838 num
998 2804 1087 2852 ipsis
1104 2807 1175 2842 illis

127 2863 409 2899 commentariis
427 2862 631 2906 meruerit,
652 2874 699 2898 an
714 2861 802 2897 inde
822 2862 869 2897 sit
887 2869 1042 2907 nactus,
1068 2866 1173 2912 quod

125 2923 316 2971 peculiare
337 2922 382 2957 de
398 2922 512 2957 rebus
529 2921 664 2957 Siculis
681 2933 781 2970 opus
793 2947 804 2966 ,
828 2921 888 2956 vel
910 2922 983 2957 alia
1001 2924 1172 2969 quaedam

125 2982 310 3016 historica
338 2981 549 3028 scripserit,
579 2981 799 3028 ambigitur.
825 2979 1001 3018 Ceterum
1019 2983 1173 3019 Pindari

127 3040 330 3088 explicatio
351 3052 485 3087 parum
506 3040 665 3075 feliciter
685 3041 718 3075 ei
736 3039 936 3087 successit,
955 3051 998 3075 ac
1021 3054 1173 3089 perver—

131 3111 214 3134 sum
233 3098 353 3142 istud,
375 3098 478 3145 quod
499 3099 626 3134 Crates
648 3099 823 3142 colebat,
854 3099 1175 3147 interpretationis

129 3170 246 3206 genus
270 3157 456 3204 coarguit.
494 3158 650 3205 Scripsit
675 3159 858 3193 Artemon
877 3165 968 3205 post
994 3158 1174 3196 Callima—

129 3218 242 3252 chum
270 3223 307 3251 et
331 3223 418 3250 ante
448 3216 724 3260 Menemnteln,
758 3217 822 3263 qui
856 3217 1038 3252 hariolari
1066 3219 1176 3255 Arte-

127 3284 280 3311 monem
297 3274 389 3310 dicit
409 3273 454 3308 fr.
477 3273 513 3308 5.
534 3275 602 3309 Hic
618 3275 848 3310 Menecrates
869 3288 987 3323 quum
1007 3278 1173 3324 Nysaeen-

128 3337 177 3371 sis
189 3334 395 3371 Aristarchi
416 3334 650 3381 grammatici
670 3333 878 3381 discipulus
907 3336 1175 3384 intelligendus

129 3395 193 3439 sit,
217 3392 531 3428 verisimillimum
561 3398 615 3427 est
643 3394 886 3428 Artemonem
915 3395 1117 3432 Aristarchi
1139 3403 1175 3432 et

131 3451 289 3489 Cratetis
302 3457 366 3486 aut
385 3450 565 3498 aequalem
584 3457 648 3485 aut
670 3462 870 3499 supparem
887 3451 1014 3489 fuisse.

675 243 1002 284 ARTEMIDORI
1031 244 1370 285 ASCALONITAE
1384 275 1394 295 ,
1426 246 1753 287 ARTEMONUM

1290 333 1401 370 Circa
1414 334 1546 369 eadem
1563 334 1638 370 fere
1657 342 1829 384 tempora
1845 336 1981 371 vixerit
2001 337 2183 371 Artemon
2197 336 2283 372 Cas-

1237 391 1464 427 sandrensis.
1486 393 1644 440 Scripsit
1675 393 1763 444 Περὶ
1789 396 1992 443 συναγωγῆς
2011 392 2155 444 βιὲλίων
2175 394 2224 444 (Ἴ
2249 404 2289 432 et

1239 447 1328 498 Περὶ
1345 447 1489 500 βιὸλίων
1509 449 1667 500 χρήσεως
1687 452 1844 500 (quibus
1861 453 1978 488 titulis
1996 453 2097 488 idem
2113 466 2208 502 opus
2228 455 2287 490 si-

1238 507 1410 556 gnificari
1424 509 1609 559 videtur),
1627 518 1665 546 et
1681 511 1784 546 aliud
1798 524 1892 560 opus
1909 511 1955 546 ad
1967 512 2165 548 historiam
2176 514 2290 550 musi-

1238 580 1321 603 cam
1337 570 1530 616 pertinens
1541 596 1550 613 ,
1567 571 1630 605 cui
1642 571 1771 606 titulus
1788 579 1868 606 erat
1887 570 1975 620 [ispi.
1989 574 2047 608 τοῦ
2059 573 2288 610 Διονυσιακοῦ

1241 625 1475 674 συστήματος.
1490 628 1549 663 Ad
1566 629 1728 665 eundem
1743 630 1901 665 reseram
1918 630 2182 666 collectionem
2199 632 2288 680 Epi-

1237 686 1418 720 stolarum
1438 686 1647 722 Aristotelis
1665 686 1731 735 (fr.
1759 693 1803 731 14
1816 686 1840 735 ).
1859 690 1947 724 Hoc·
1958 689 1987 723 si
2003 695 2106 724 recte
2123 687 2182 734 fit,
2199 701 2290 738 pro-

1239 743 1417 778 babiliter
1433 744 1628 780 statuimus
1640 746 1775 781 vixisse
1792 758 1879 782 eum
1897 754 1984 782 ante
2003 747 2265 783 Andronicum
2277 775 2287 792 ,

1238 803 1303 847 qui
1325 802 1486 837 Sullanis
1510 804 1745 851 temporibus
1762 806 1979 841 Aristotelis
1992 807 2133 854 scripta
2153 806 2286 845 edidit.

1241 859 1299 894 Ab
1319 860 1436 895 altera
1454 868 1562 908 parte
1585 863 1767 898 Artemon
1790 863 1923 910 junior
1948 871 2029 899 erat
2049 877 2163 912 quam
2189 865 2290 901 Dio-

1240 919 1366 965 nysius
1395 919 1719 966 Seytobrachion,
1748 921 1857 968 cujus
1886 923 2027 970 ipsein
2056 935 2173 971 opere
2200 922 2290 974 Περὶ

1239 978 1443 1024 συναγωγῆς
1495 975 1638 1027 βιὸλίων
1676 978 1687 1028 (
1703 979 1749 1015 fr.
1768 980 1814 1028 9)
1867 982 2061 1026 meminit,
2102 994 2292 1030 quemque

1243 1036 1472 1083 Apollodori
1501 1036 1578 1072 fere
1595 1038 1776 1085 aequalem
1801 1038 1910 1075 fuisse
1932 1051 2000 1075 suo
2020 1041 2106 1075 loco
2127 1040 2292 1077 diximus

1242 1093 1300 1142 (v.
1324 1102 1419 1132 tom.
1443 1096 1495 1139 ΙΙ,
1517 1108 1559 1143 p.
1581 1096 1603 1131 6
1620 1095 1734 1146 not.).

1291 1155 1457 1200 Quartus
1476 1158 1661 1190 Artemon
1682 1162 1736 1191 est
1752 1157 1992 1204 Magnesius,
2012 1164 2147 1193 auctor
2163 1159 2289 1206 operis

1239 1207 1345 1253 quod
1361 1207 1582 1242 inscribitur
1593 1208 1674 1244 Τῶν
1692 1209 1770 1244 κατ’
1785 1207 1910 1258 ἀρετὴν
1925 1207 2057 1259 γυναιξὶ
2073 1223 2288 1260 πεπραγμα-

1243 1262 1439 1312 τευομένων
1461 1263 1675 1315 διηγήματα.
1694 1265 1747 1303 Ex
1766 1279 1811 1302 eo
1829 1268 1990 1316 Sopater
2003 1269 2172 1317 sophista
2191 1282 2292 1304 coni-

1241 1324 1353 1371 plura
1373 1324 1412 1358 in
1428 1324 1569 1359 librum
1595 1325 1823 1374 Eelogarum
1844 1327 2053 1362 seeundum
2078 1329 2288 1376 transtulit,

1242 1388 1332 1416 teste
1348 1382 1488 1416 Photio
1506 1383 1544 1417 in
1561 1383 1646 1418 cod.
1667 1383 1712 1418 16
1725 1397 1738 1419 1
1763 1385 1846 1419 init.
1866 1386 1943 1420 Nec
1965 1397 1986 1420 a
2001 1398 2090 1421 vero
2111 1386 2292 1423 abhorret

1238 1441 1514 1475 lVestermanni
1542 1442 1708 1489 suspicio
1735 1443 1794 1490 (in
1831 1444 2088 1493 Paradoxogr.
2120 1458 2162 1494 p.
2195 1446 2285 1495 xm)

1241 1499 1287 1534 ad
1320 1501 1566 1535 Artemonem
1599 1501 1833 1549 Magnesium
1866 1502 2022 1538 fortasse
2049 1503 2289 1541 referendum

1242 1570 1319 1593 csse
1339 1559 1534 1603 libellum,
1555 1572 1668 1607 quem
1691 1561 1858 1602 Γυναῖκες
1879 1561 1914 1596 ἐν
1931 1561 2129 1610 πολεμικοῖς
2151 1554 2291 1600 ἆυνεταὶ

1239 1615 1297 1652 καὶ
1317 1616 1469 1667 ἀνδρεῖαι
1489 1619 1713 1666 inscriptum
1738 1632 1758 1654 e
1779 1620 1912 1655 codice
1937 1621 2111 1656 Mediceo
2136 1623 2290 1659 Holstc-

1238 1677 1335 1720 nius,
1356 1688 1376 1710 e
1397 1676 1530 1711 codice
1555 1678 1803 1713 Escorialensi
1830 1680 2056 1726 Tychscnius
2081 1682 2289 1729 exscripse-

1240 1742 1350 1778 runt,
1369 1735 1571 1770 ediderunt
1589 1735 1726 1771 deinde
1746 1738 1954 1773 Heerenius
1971 1740 2009 1773 in
2030 1739 2130 1774 Bibl.
2153 1741 2192 1778 d,
2216 1742 2284 1776 alc.

1241 1794 1378 1836 Ktmst,
1402 1793 1492 1829 fasc.
1528 1794 1572 1839 6,
1598 1793 1768 1842 Gotting.
1799 1795 1917 1844 1789,
1945 1804 1982 1832 et
2009 1797 2088 1844 ipse
2115 1799 2290 1834 VVester-

1240 1864 1399 1887 mannus
1413 1852 1461 1890 ad
1469 1843 1618 1888 'calcem
1629 1854 2080 1903 Paradoxographorum.
2094 1857 2147 1892 Ut
2157 1864 2199 1892 ut
2213 1865 2287 1903 est,

1237 1911 1310 1946 hoc
1328 1918 1429 1946 certe
1444 1912 1648 1947 rectissime
1666 1914 1973 1949 Westermannus
1985 1915 2156 1959 monuit,
2176 1915 2289 1951 falsos

1243 1970 1355 2005 fuisse
1373 1971 1612 2005 Holstenium
1632 1978 1668 2006 et
1694 1973 1942 2018 Heerenium,
1960 1974 2027 2020 qui
2044 1986 2063 2009 a
2084 1974 2290 2023 Phlegonte

1242 2030 1478 2065 narrationes
1505 2030 1594 2064 istas
1619 2030 1810 2077 profectas
1833 2044 1909 2067 esse
1937 2038 2142 2080 putarunt,
2171 2045 2290 2081 quum

1240 2087 1392 2123 (licendi
1422 2095 1460 2123 et
1486 2088 1687 2123 enarrandi
1717 2101 1833 2136 genus
1864 2102 1886 2125 a
1916 2091 2148 2139 Phlegonteo
2176 2092 2289 2128 vehe-

1244 2154 1391 2182 menter
1437 2147 1625 2196 discrepet
1668 2147 1759 2197 (μ).
1798 2170 1850 2175 --
1884 2151 2062 2186 Artemon
2091 2151 2156 2198 qui
2197 2149 2288 2200 Περὶ

1279 2293 1321 2331 (*)
1337 2293 1386 2324 (ΖΙ.
1402 2292 1516 2324 similia
1533 2293 1649 2333 scripta
1664 2294 1792 2334 Telephi
1811 2295 1995 2334 Pergameni
2010 2295 2140 2334 (suidas
2153 2305 2180 2328 s.
2195 2296 2228 2328 h.
2241 2297 2288 2336 v.)

1237 2341 1400 2378 Βιὸλιακῆς
1421 2341 1578 2381 ἐμπειρίας
1597 2341 1703 2382 βιὸλία
1730 2341 1776 2380 γ’·
1795 2342 1826 2373 ἐν
1851 2342 1896 2378 οἷς
1922 2342 2060 2374 διδάσκει
2084 2343 2123 2374 τὰ
2147 2343 2288 2381 κτήσεως

1238 2387 1307 2423 ἄξια
1323 2388 1443 2428 [iamim
1465 2388 1607 2420 Philonis
1621 2388 1721 2428 Byblii
1739 2389 1875 2428 (suidas
1888 2398 1913 2433 s.
1933 2390 1964 2420 h.
1987 2391 2036 2430 v.)
2057 2391 2129 2431 Περὶ
2146 2391 2287 2429 κτήσεως

1237 2435 1290 2465 καὶ
1310 2435 1438 2474 ἐκλογῆς
1453 2435 1599 2476 §effluam
1624 2436 1806 2476 Damophili
1833 2436 1971 2475 (Suidas
1986 2445 2012 2469 s,
2032 2446 2062 2468 v.
2079 2438 2089 2476 )
2115 2439 2189 2478 ΙΙερὶ
2206 2439 2286 2475 ἀξιο-

1237 2482 1358 2517 κτήτων
1376 2481 1513 2521 βιῧλίων.

1280 2528 1337 2568 (**)
1368 2528 1519 2568 Reliquos
1546 2530 1735 2560 Artemones
1764 2529 1874 2569 paucis
1901 2529 2039 2570 attigisse
2067 2531 2215 2563 sufficiat.
2243 2535 2289 2564 De

1236 2577 1417 2606 Anemone
1436 2577 1680 2615 Lampsaceno,
1699 2575 1828 2608 Periclis
1844 2577 1978 2617 mquam,
1996 2577 2287 2619 ᾳυίὸπεριφόρητος

1235 2621 1414 2661 dicebatur,
1429 2624 1460 2653 et
1477 2622 1516 2652 de
1530 2622 1592 2653 alio
1608 2625 1797 2662 Artemone,
1813 2633 1907 2663 quem
1925 2627 2087 2656 Anacreon
2101 2625 2185 2665 apud
2202 2626 2287 2657 Cha·

1239 2669 1443 2700 lna·le‹›ntein
1462 2669 1492 2699 iu
1518 2669 1634 2700 Athen.
1657 2679 1687 2709 p.
1708 2673 1780 2709 533,
1797 2672 1830 2707 F,
1861 2670 1936 2701 item
1960 2672 2161 2712 περιφόρητον
2185 2672 2262 2704 (licit
2277 2700 2286 2714 ,

1237 2715 1308 2745 vide
1319 2715 1601 2754 Schweighwuser.
1615 2716 1654 2746 ad
1664 2717 1777 2748 Athen.
1791 2717 1812 2748 l.
1824 2717 1843 2747 l.
1858 2717 2038 2756 3Welcker.
2048 2719 2131 2750 Mus.
2141 2718 2284 2751 Rhenan.

1240 2763 1304 2800 ΙΙΙ,
1336 2766 1368 2800 1,
1397 2771 1427 2802 p.
1459 2766 1535 2799 tam
1561 2763 1697 2794 Sintenis
1717 2763 1756 2794 ad
1773 2764 1936 2795 Plutarch.
1957 2765 2070 2796 Pei-iel.
2098 2767 2150 2804 27,
2169 2774 2200 2806 p.
2229 2769 2286 2798 192

1235 2817 1283 2848 sq.
1304 2810 1438 2848 interpr.
1454 2809 1492 2839 ad
1511 2809 1672 2849 Aristoph.
1691 2811 1830 2841 Acharn.
1848 2814 1919 2843 850.
1935 2811 2020 2843 Bode
2039 2812 2154 2844 Gesclz.
2169 2812 2203 2844 d.
2216 2815 2285 2845 ion.

1243 2855 1349 2894 Lyrih·
1367 2864 1386 2895 p
1424 2859 1493 2886 365.
1510 2874 1549 2880 -
1565 2858 1722 2887 Arlemcm
1734 2881 1742 2895 ‚
1768 2857 1925 2888 Antiocho
1948 2858 2030 2897 regi,
2048 2859 2200 2890 Laodices
2220 2869 2287 2891 ma·

1237 2900 1310 2939 rito,
1322 2901 1512 2933 simillimus.
1529 2901 1644 2932 Plinius
1658 2905 1735 2942 vil,
1754 2903 1925 2943 {23Valer.
1944 2905 2029 2935 Max.
2042 2907 2100 2942 ΙΧ,
2116 2907 2168 2944 14,
2185 2907 2283 2944 t‚ahi.

1237 2967 1274 2973 -
1290 2950 1449 2979 Artemon
1466 2948 1615 2980 medicus
1629 2958 1680 2988 ap.
1697 2950 1833 2980 Plinium
1850 2952 1886 2981 H.
1903 2952 1938 2981 N.
1957 2952 2093 2982 xxvltt
2106 2974 2114 2988 ,
2133 2955 2159 2990 Ι,
2175 2953 2206 2983 et
2222 2954 2285 2984 Ga-

1239 2995 1358 3025 lenum.
1380 3011 1422 3016 —
1443 2996 1601 3026 Artemon
1617 2996 1790 3035 Allienus,
1806 2996 2040 3028 onirocriticon
2056 3001 2178 3029 auctor.
2197 3001 2284 3031 Arte-

1238 3043 1351 3074 midor.
1370 3042 1515 3073 onirocr.
1536 3044 1562 3081 Ι,
1583 3048 1618 3082 23
1636 3045 1681 3082 ΙΙ,
1697 3046 1755 3082 44,
1774 3052 1804 3083 p.
1821 3049 1838 3075 ὅ
1853 3045 1884 3074 ct
1900 3047 1958 3075 223
1973 3043 2022 3074 ed.
2039 3044 2133 3077 Rem.
2154 3046 2285 3086 Fulgen-

1241 3090 1302 3121 tius
1320 3089 1419 3129 Myth.
1442 3091 1464 3120 Ι.
1485 3094 1539 3128 133
1563 3090 1751 3121 Tei-tullian.
1774 3093 1820 3122 De
1836 3090 1933 3121 anim.
1957 3099 1986 3121 c.
2005 3092 2064 3131 46;
2078 3093 2222 3124 Eustath.
2244 3093 2284 3124 ad

1240 3138 1275 3169 ΙΙ.
1290 3139 1335 3176 ΙΙ,
1350 3146 1381 3177 p.
1402 3141 1498 3175 1119;
1513 3136 1627 3168 suidas
1639 3146 1668 3168 v.
1680 3137 1840 3178 Ἀρτέμων.
1853 3155 1892 3160 -
1902 3139 2037 3169 Artemo
2056 3139 2282 3180 Laodiceam,

1238 3186 1328 3224 patei·
1345 3183 1518 3223 Andronis,
1534 3193 1598 3223 quo
1613 3183 1810 3215 familiariter
1828 3193 1920 3215 usum
1934 3193 1967 3215 se
1980 3185 2090 3217 scribit
2108 3187 2220 3218 Cicero
2238 3189 2283 3220 Ad

1240 3230 1315 3262 sam.
1340 3231 1432 3267 xlii,
1451 3233 1503 3261 67.
1519 3249 1559 3256 -
1574 3232 1732 3262 Artemon
1753 3230 1882 3262 rhetor.
1901 3233 2019 3263 Seneca
2039 3235 2129 3264 Suas.
2150 3235 2183 3272 1,
2198 3243 2229 3274 p.
2243 3239 2283 3274 83

1239 3279 1394 3309 controv.
1411 3279 1489 3316 l‚fi,
1506 3285 1536 3317 p.
1557 3279 1631 3317 114;
1649 3280 1680 3314 7,
1696 3287 1726 3318 p.
1748 3281 1814 3308 124.
1835 3280 1880 3318 ΙΙ,
1899 3283 1929 3317 9,
1945 3287 1975 3317 p.
2000 3283 2074 3319 ¹5¹3
2094 3284 2123 3311 11
2159 3284 2283 3321 p.167;

1242 3326 1310 3363 ΙΙΙ,
1328 3329 1382 3363 16,
1399 3333 1428 3364 p.
1450 3326 1526 3362 2143
1545 3326 1597 3362 lv,
1614 3329 1669 3362 25,
1686 3333 1716 3364 p.
1733 3329 1811 3363 2863
1826 3327 1865 3362 V,
1884 3329 1935 3364 30,
1950 3334 1978 3364 p.
1998 3330 2075 3365 3323
2091 3330 2142 3367 33,
2161 3337 2194 3368 p.
2210 3333 2282 3360 352²..

1240 3373 1476 3403 Westermanu.
1497 3371 1610 3402 Gesclz.
1627 3370 1660 3402 d.
1676 3380 1727 3411 yr.
1744 3371 1879 3403 Bercds.
1897 3371 1915 3411 ἕ
1930 3377 1967 3404 86
1979 3397 1986 3411 ,
2003 3377 2051 3404 26.
2067 3393 2108 3400 -
2121 3376 2282 3406 Artemon

1240 3417 1435 3450 lzoerect'cus.
1457 3418 1549 3449 Phot.
1572 3418 1643 3449 cod.
1669 3423 1742 3456 15S;
1760 3418 1951 3450 Theodorct.
1982 3421 2098 3451 llaeret.
2121 3423 2166 3460 ΙΙ,
2184 3423 2213 3452 4,
2242 3439 2283 3444 -

1203 3476 1207 3481 ⁴
1237 3467 1396 3497 Artemon
1411 3466 1626 3503 statuarium
1646 3465 1765 3497 Plinius
1779 3467 1909 3498 ΧΧΧΥΙ
1923 3491 1931 3505 ,
1948 3471 1983 3505 5,
2007 3469 2039 3506 i,
2062 3471 2109 3499 ιι.
