2372 3704
1055 177 1118 217 FB
1127 178 1389 218 AGMENTA.

194 267 246 298 καὶ
262 265 386 308 Κάπρος
397 264 530 305 ὒλιγενὲς
543 265 597 296 καὶ
614 263 715 305 Κάρια
728 263 778 305 ῑρὰ
793 263 916 305 λοετρά·

191 313 252 344 ἔνθ’
263 312 332 350 ἤτοι
349 311 526 352 πτολίεθρον
541 310 685 352 ἐδείματο
701 313 822 351 πρῶτος
841 309 968 342 Ἰώνων.

189 359 275 397 Αὐτὴ
288 359 326 391 δὲ
339 359 443 400 γνωτὴ
454 382 464 399 ,
481 357 662 395 ὀλολυγόνος
677 356 761 389 οἶτον
774 356 894 398 ἔχουσα
904 378 914 396 ,

191 406 303 442 auen<
319 406 442 447 ἀποπρὸ
458 405 564 437 πυλῶν
581 404 704 437 Καύνου
717 403 857 445 ὠδύρατο
869 402 990 435 νόστον.

107 514 155 552 Οἱ
177 513 213 552 δὲ
226 512 365 557 πλείους
381 512 443 559 τὴν
459 511 615 552 Βυὸλίδα
630 513 747 566 φασὶν,
764 513 970 566 ἐρασθεῖσαν
986 515 1046 551 τοῦ
1065 511 1160 551 Καύ-

104 586 184 619 νου,
202 571 322 623 λόγους
346 572 440 624 αὖτῷ
459 570 664 624 προσφέρειν
681 571 741 610 καὶ
771 573 903 610 δεῖσθαι
927 570 976 622 μὴ
994 571 1159 623 περιιδεῖν

107 627 215 676 αὐτὴν
235 630 283 673 εἰς
302 635 370 667 πᾶν
387 627 496 667 κακὸν
520 629 759 681 προελθοῦσαν
772 644 780 653 ·
806 628 1102 681 ’ἀποστυγήσαντα
1122 628 1158 667 δὲ

109 686 218 732 οὕτως
236 687 294 726 τὸν
313 689 450 727 Καῦνον
470 690 709 740 περαιωθῆναι
728 690 776 732 εἰς
790 686 853 735 τὴν
872 688 950 726 τότε
964 687 1030 726 ὑπὸ
1046 687 1156 727 Λελέ-

109 761 179 797 γων
210 744 451 798 κατεχομένην
466 748 543 797 γῆν,
560 744 641 784 ἔνθα
660 746 771 798 κρήνη
792 743 974 798 Ἐχενηῒς,
994 745 1095 784 πόλιν
1120 761 1157 784 τε

104 802 222 853 κτίσαι
239 803 303 850 τὴν
321 805 384 841 ἀπ’
403 805 511 842 αὐτοῦ
534 804 722 851 κληθεῖσαν
746 806 903 844 Καῦνον·
922 805 985 852 τὴν
1007 803 1043 843 δὲ
1065 805 1133 858 ἄρα
1146 835 1157 856 ‚

104 861 171 900 ὑπὸ
188 865 249 900 τοῦ
269 861 400 906 πάθους
428 862 478 912 μὴ
508 863 707 914 ἀνιεμένην,
733 863 818 914 πρὸς
847 862 883 902 δὲ
906 863 966 902 καὶ
989 864 1157 902 δοκοῦσαν

108 919 224 959 αἰτίαν
240 920 420 973 γεγονέναι
438 920 568 974 Καύνῳ
586 924 648 968 τῆς
678 923 905 974 ἀπαλλαγῆς,
929 922 1156 974 ἀναψαμένην

106 978 178 1017 ἀπό
203 994 296 1023 τινος
316 978 415 1032 δρυὸς
440 977 502 1026 τὴν
531 980 673 1032 μίτραν,
706 981 851 1020 ἐνθεῖναι
876 980 933 1020 τὸν
961 980 1153 1034 τράχηλον.

104 1037 255 1089 Λέγεται
269 1037 306 1076 δὲ
325 1037 385 1076 καὶ
398 1039 482 1091 παρ’
502 1041 588 1089 ἡμῖν
604 1038 731 1083 οὕτως·

198 1161 238 1193 Ἡ
253 1161 279 1192 δ’
294 1161 340 1192 ὅτι
357 1160 394 1199 δὴ
410 1160 513 1193 ὀλοοῖο
531 1161 720 1202 κασιγνήτου
735 1161 806 1193 νόον
826 1162 924 1202 ἔγνω,

184 1208 289 1239 κλαῖεν
305 1208 476 1246 ἀηδονίδων
491 1209 707 1250 θαμινώτερον,
726 1209 787 1240 αἵτ’
805 1209 847 1241 ἐνὶ
865 1210 985 1250 βήσσῃς

188 1255 318 1296 Σιθονίῳ
331 1255 435 1296 κούρῳ
452 1256 518 1296 πέρι
535 1256 642 1296 μυρίον
656 1256 832 1292 αἰάζουσιν·

184 1301 238 1332 καί
256 1303 294 1343 ῥα
306 1302 389 1333 κατὰ
402 1303 563 1343 στυφελοῖο
577 1302 746 1343 σαρωνίδος
763 1302 876 1334 αὐτίκα
891 1302 997 1343 μίτρην

184 1349 346 1390 ἁψαμένη,
361 1350 460 1391 δειρὴν
475 1349 656 1387 ἐνεθὴκατο·
669 1351 719 1381 ταὶ
736 1350 762 1381 δ’
780 1350 828 1381 ἐπ’
843 1350 944 1390 ἐκείνῃ

185 1396 296 1437 βεύδεα
306 1396 488 1437 παρθενικαὶ
503 1396 670 1434 Μιλησίδες
684 1396 860 1438 ἐρρήξαντο.

101 1505 201 1547 Φασὶ
229 1505 267 1544 δέ
290 1521 379 1550 τινες
396 1505 458 1544 καὶ
487 1505 557 1543 ἀπὸ
586 1507 654 1544 τῶν
686 1505 844 1560 δακρύων
874 1505 1005 1559 κρήνην
1031 1508 1154 1559 ῥυῆναι

101 1564 174 1618 ἰδία
189 1562 252 1611 τὴν
265 1564 483 1614 καλουμένην
497 1563 671 1603 Βυὸλίδα.

152 1626 211 1661 De
229 1625 412 1661 Nieaeneti
426 1624 637 1673 fragmento
653 1636 691 1663 v.
706 1625 756 1662 Is.
769 1626 875 1662 Voss.
896 1623 945 1660 ad
963 1624 1151 1672 Pompon.

99 1683 237 1719 Melam
269 1684 306 1730 Ι,
330 1682 392 1728 16,
413 1690 452 1719 et
474 1682 628 1721 Jacobs,
662 1682 711 1719 ad
739 1683 897 1720 Anthol.
934 1689 1029 1720 tom.
1060 1683 1152 1726 VII,

103 1754 145 1790 p.
160 1741 250 1778 233.
266 1763 319 1770 —·
336 1741 542 1792 Κελαινοῦς]
555 1743 708 1780 Passov.
724 1738 917 1784 Καλαινέες
928 1741 1153 1785 Cornarius3

99 1799 296 1842 Καλαινοῦς
312 1801 420 1839 Voss.
448 1800 564 1848 Apud
588 1799 688 1836 Ovid
712 1801 803 1838 Met.
824 1813 864 1849 9,
889 1798 963 1843 451
996 1811 1154 1835 uxorem

102 1857 211 1895 ducit
236 1859 407 1907 Cyanen,
449 1859 629 1895 Maeandri
655 1857 785 1894 filiam.
815 1878 869 1886 -
896 1859 940 1908 βῆ
969 1856 1005 1894 δὲ
1045 1856 1155 1909 πέρην

101 1915 207 1967 Δίας]
225 1919 386 1967 Passov.;
405 1919 449 1967 βῆ
465 1915 500 1954 δὲ
509 1915 682 1968 φερένδιος
691 1917 911 1963 Comarius;
929 1917 982 1961 Βῆ
1000 1916 1054 1953 ἐπ’
1071 1914 1153 1966 ἔραν

103 1975 189 2018 Δίας
207 1978 312 2013 Voss.
340 1992 357 2009 α
376 1977 426 2014 At
442 1989 567 2024 neque
583 1983 691 2026 recte
708 1976 848 2012 dicitur
870 1974 932 2026 ἔρα
957 1973 1063 2023 Δίας,
1084 1987 1156 2011 ne-

101 2046 175 2082 que
192 2035 231 2069 in
249 2035 318 2070 Dia
334 2036 490 2083 regione
510 2035 669 2070 condita
691 2042 772 2070 erat
790 2035 880 2070 urbs
901 2035 1064 2072 Caunus.
1090 2035 1155 2070 Ja-

102 2092 267 2137 cobsius,
283 2099 327 2128 ut
342 2093 577 2129 indicaretur
590 2105 704 2128 causa
721 2105 789 2128 cur
808 2093 935 2141 fugam
956 2092 1156 2140 capesserit

101 2151 276 2196 Caunus,
303 2152 506 2200 proposuit
533 2152 613 2187 haec
645 2165 653 2186 :
685 2152 739 2196 Βῆ
766 2150 795 2187 δ’
818 2149 870 2200 ὅγ’
900 2148 993 2201 ἄφαρ
1022 2148 1155 2192 δέννους

100 2207 252 2259 φεύγων;
275 2210 342 2246 sed
355 2211 433 2259 ipse
450 2222 586 2258 parum
602 2211 737 2246 tribuit
750 2210 842 2246 huic
866 2209 1105 2256 conjecturae.
1131 2225 1147 2241 »

169 2337 200 2364 et
211 2337 340 2372 Captum
352 2335 493 2365 silvosum
506 2340 535 2365 et
548 2337 640 2365 Cariae
652 2344 734 2365 sacra
746 2336 867 2370 balnea3

170 2381 269 2417 ibique
281 2381 389 2410 urbem
402 2381 559 2411 aediticavit
571 2382 685 2419 primus
698 2384 814 2411 Ionum.

170 2429 234 2463 lpsa
246 2435 319 2456 vero
333 2436 419 2456 soror
432 2428 565 2457 lusciniae
580 2429 731 2457 tristitiam
743 2429 854 2457 habens

170 2473 273 2510 Byblis
285 2473 391 2510 procul
405 2481 422 2502 a
435 2474 529 2510 portis
541 2474 635 2503 Cauni
648 2474 780 2511 ploravit
794 2474 934 2504 reditum.

103 2573 234 2605 Plurimi
248 2573 357 2605 antem
371 2573 504 2614 Byblida
523 2573 614 2606 aiunt
632 2583 742 2606 amore
756 2575 857 2607 Cauni
880 2575 1007 2615 captam
1029 2582 1150 2606 sermo-

103 2635 160 2658 nes
185 2634 260 2657 cum
285 2634 324 2657 eo
340 2626 513 2658 contulisse
529 2635 567 2658 ac
590 2635 715 2666 rogasse
742 2636 783 2659 ne
813 2628 1032 2659 contemneret
1050 2628 1151 2667 ipsam

102 2679 176 2718 quae
195 2677 227 2708 in
241 2685 336 2708 omne
360 2677 484 2708 malum
509 2677 667 2709 inciderit.
696 2680 844 2710 Caunum
862 2687 939 2710 vero
967 2681 1150 2710 aversatum

101 2731 172 2760 tum
189 2728 351 2768 trajecisse
367 2728 399 2760 in
413 2728 572 2768 regionem
586 2737 604 2760 a
622 2729 786 2769 Lelegibus
800 2738 838 2762 eo
853 2731 996 2770 tempore
1012 2739 1151 2770 occupa-

103 2781 189 2819 tam,
207 2779 263 2811 ubi
277 2779 431 2812 Echeneis
451 2780 540 2818 sons,
554 2779 663 2820 ibique
679 2781 792 2812 urbem
812 2781 988 2813 condidisse
1013 2791 1088 2822 quac
1111 2781 1153 2813 de

102 2830 232 2863 nomine
262 2830 331 2871 ejus
357 2833 489 2864 Caunus
502 2832 690 2872 appelletur.
714 2832 879 2873 Byblidem
898 2832 1034 2871 interea,
1050 2842 1151 2873 quum

102 2882 220 2914 amoris
238 2883 371 2915 affectus
394 2892 459 2915 non
478 2884 674 2925 relinqueret
693 2893 782 2924 eam,
797 2885 1018 2925 praetereaque
1033 2885 1101 2925 ipsa
1119 2894 1152 2917 se

102 2936 230 2976 putaret
241 2937 406 2967 auctorem
422 2937 578 2969 exstitisse
600 2939 712 2969 Cauno
730 2937 834 2976 exilii,
851 2937 978 2977 alligato
999 2937 1038 2969 ad
1060 2947 1151 2978 quer-

104 2997 178 3020 cum
194 2988 300 3020 balteo
314 2989 433 3020 collum
449 2990 648 3029 innemisse,
662 2990 748 3031 quod
764 2999 783 3022 a
806 2998 858 3022 me
878 2990 946 3031 ipso
963 2999 1093 3032 quoque
1104 2991 1152 3022 his

104 3041 247 3073 versibus
256 3041 452 3082 descriptum
465 3043 513 3074 est
527 3055 535 3074 :

176 3145 246 3172 Haec
257 3144 307 3173 ubi
321 3144 418 3173 miseri
433 3143 532 3173 fratris
545 3147 677 3174 mentem
690 3147 849 3182 cognovit,

176 3188 264 3218 flebat
275 3190 406 3218 lusciniis
420 3190 580 3224 intentius,
595 3199 661 3227 quae
675 3192 706 3219 in
720 3192 905 3220 convallibus

175 3234 343 3263 simonium
356 3235 488 3271 puellum
504 3235 708 3265 indesinenter
721 3237 849 3273 plorant.

176 3282 218 3308 Ac
229 3279 314 3309 durae
326 3281 449 3316 quercui
462 3281 559 3309 statim
571 3282 707 3310 balteum

175 3325 297 3361 alligans
309 3326 419 3354 collum
432 3326 590 3363 implicuit,
602 3327 796 3364 lugentesque
808 3331 880 3355 eam·

177 3372 352 3401 vestimenta
365 3372 496 3408 virgines
512 3373 628 3401 Milesiae
640 3374 850 3403 dilacerarunt.

2205 193 2279 229 335

1221 268 1370 303 Passov.
1388 269 1445 303 De
1460 267 1617 315 Byblide
1634 268 1736 306 fonte
1754 270 1802 307 cf.
1821 271 1942 311 schol.
1965 273 2158 312 Theocrit.
2182 276 2266 321 VII,

1226 338 1241 361 1
1253 324 1310 362 15.
1327 326 1461 362 Conon
1477 327 1586 362 Narr-
1609 339 1646 365 2.

1274 384 1496 420 Parthenius
1508 396 1594 433 cap.
1617 398 1629 420 1
1640 389 1660 428 4
1681 386 1727 422 de
1743 386 1892 422 Antheo
1904 388 2098 426 historiam
2117 404 2271 428 narrans

1219 442 1415 490 praemittit
1429 454 1438 477 :
1455 440 1604 493 Ἱστορεῖ
1614 441 1856 495 Ἀριστοτέλης
1871 444 1931 481 καὶ
1945 447 1975 482 οἱ
1983 447 2027 483 τὰ
2044 448 2267 493 Μιλησιακά.

1220 501 1324 536 Inter
1341 500 1411 536 hos
1429 501 1697 537 Aristocritum
1712 502 1824 538 fuisse
1843 503 2045 551 probabile
2056 532 2067 550 ‚
2088 507 2158 542 nisi
2174 507 2272 544 forte

1219 559 1346 608 ipsum
1364 560 1583 595 Aristocriti
1597 573 1738 597 nomen
1757 561 1797 596 in
1817 562 2028 598 Aristotelis
2044 564 2149 602 abiit.

1703 671 1792 696 23.

1273 751 1497 788 Parthenius
1526 764 1561 790 c.
1587 752 1637 788 26
1667 765 1676 788 ε
1701 749 1815 803 Περὶ
1838 750 2103 804 Ἀπριάτης.
2125 752 2274 806 Ἱστορεῖ

1222 807 1404 861 Εὐφορίων
1433 809 1565 862 Θρᾳκί.
1588 833 1641 839 -
1668 809 1732 849 Ἐν
1764 809 1894 862 Λέσὸῳ
1926 810 2048 854 παιδὸς
2083 812 2272 864 Ἀπριάτης

1218 866 1434 917 Τράμὸηλος
1461 869 1479 905 δ
1498 869 1710 920 Τελαμῶνος
1737 868 1891 921 ἐρασθεὶς
1923 869 2038 907 πολλὰ
2058 871 2206 909 ἐποιεῖτο
2226 873 2273 915 εἷς

1219 924 1258 963 τὸ
1283 925 1570 977 προσαγαγέσθαι
1597 925 1660 974 τὴν
1692 926 1818 979 κόρην·
1846 929 1892 970 ὡς
1912 927 1942 965 δ’
1973 927 2086 975 ἐκείνη
2115 930 2153 966 οὐ
2178 930 2271 968 πάνυ
2317 969 2323 974 ,

1219 983 1368 1022 ἐνεδίδου
1379 1013 1390 1031 ,
1406 985 1570 1023 ἐνενοεῗτο
1581 984 1671 1039 δόλῳ
1687 985 1747 1023 καὶ
1761 985 1881 1038 ἀπάτῃ
1895 985 2134 1037 περιγενέσθαι
2149 988 2269 1035 αὐτῆς.

1222 1042 1470 1094 Πορευομένην
1494 1038 1553 1081 οὖν
1579 1059 1665 1082 ποτε
1692 1043 1753 1082 σὺν
1777 1044 2045 1097 θεραπαινιδίοις
2074 1044 2134 1083 ἐπί
2152 1061 2184 1083 τι
2202 1049 2272 1085 τῶν

1217 1099 1393 1154 πατρῴων
1417 1100 1571 1153 χωρίων,
1593 1101 1611 1140 ὃ
1627 1102 1777 1149 πλησίον
1795 1106 1856 1149 τῆς
1876 1102 2053 1150 θαλάσσης
2069 1101 2198 1151 ἔκειτο,
2215 1105 2271 1143 λο-

1217 1158 1331 1210 χήσας
1356 1153 1457 1198 εἶλεν.
1487 1159 1550 1204 Ὡς
1579 1159 1615 1198 δὲ
1634 1160 1748 1208 ἐκείνη
1781 1160 1870 1199 πολὺ
1900 1163 2032 1211 μᾶλλον
2065 1163 2272 1215 ἀπεμάχετο

1217 1216 1297 1269 περὶ
1345 1220 1407 1264 τῆς
1440 1218 1647 1271 παρθενίας,
1683 1218 1851 1271 ὀργισθεὶς
1881 1219 2098 1271 Τράμὸηλος
2132 1219 2270 1273 ἔρριψεν

1218 1275 1326 1321 αὐτὴν
1342 1277 1387 1319 εἷς
1405 1275 1469 1322 τὴν
1485 1276 1684 1316 θάλασσαν·
1705 1277 1874 1329 ἐτύγχανε
1892 1277 1927 1315 δὲ
1948 1276 2146 1329 ἀγχιὸαθὴς
2165 1272 2266 1320 οὖσα.

1215 1332 1290 1372 ’Καὶ
1308 1336 1330 1379 ἡ
1349 1332 1411 1384 μὲν
1433 1333 1501 1387 ἄρα
1521 1334 1628 1378 οὕτως
1648 1334 1838 1374 ἀπολώλει.
1859 1335 1961 1379 Τινὲς
1981 1336 2043 1386 μέν
2063 1351 2116 1375 τοι
2136 1336 2270 1389 ἔφασαν

1216 1390 1376 1444 [Γράφει
1396 1390 1646 1445 Ἀριστόκριτος
1662 1394 1696 1430 ἔν
1717 1399 1786 1436 τοῖς
1803 1393 1893 1446 Περὶ
1914 1393 2072 1440 Μιλήτου
2092 1408 2181 1445 mgo
2204 1410 2272 1433 co-

1217 1451 1309 1487 dicis
1323 1451 1524 1503 Vaticani]
1541 1450 1755 1501 διωκομένην
1775 1451 1902 1499 ἑαυτὴν
1921 1453 2031 1504 ῥῖψαι.
2053 1453 2270 1506 Τράμὸηλον

1217 1506 1252 1544 δὲ
1269 1508 1308 1544 οὗ
1325 1507 1412 1545 πολὺ
1428 1509 1617 1558 μετέπειτα
1634 1508 1721 1552 τίσις
1735 1508 1933 1561 ἐλάμβανεν
1950 1511 1989 1548 ἐκ
2004 1513 2100 1549 θεῶν.
2118 1510 2269 1559 Ἐπειδὴ

1216 1564 1284 1618 γὰρ
1305 1565 1481 1618 Ἀχιλλεὺς
1501 1568 1541 1605 ἐκ
1571 1569 1634 1612 τῆς
1662 1566 1801 1607 Λέσὸου
1820 1567 1954 1614 πολλὴν
1973 1567 2070 1606 λείαν
2091 1570 2270 1620 ἀποτεμό-

1219 1639 1319 1674 μενος
1336 1624 1480 1676 ἤγαγεν,
1499 1619 1595 1668 οἶτος
1621 1624 1846 1677 ἐπαγομένων
1869 1625 1972 1663 αὐτὸν
2000 1629 2069 1665 τῶν
2093 1627 2269 1679 ἐγχωρίων

1219 1681 1341 1734 βοηθὸν
1359 1683 1563 1721 συνίσταται
1581 1684 1687 1736 αὐτῷ·
1706 1683 1786 1722 ἔνθα
1802 1682 1844 1731 δὴ
1862 1683 2006 1735 πληγεὶς
2021 1686 2067 1728 εἷς
2083 1684 2128 1723 τὰ
2143 1685 2269 1739 στέρνα

1217 1744 1441 1793 παραχρῆμα
1481 1741 1620 1780 πίπτει·
1656 1741 1828 1793 ἀγάμενος
1869 1741 1906 1780 δὲ
1933 1746 1994 1790 τῆς
2025 1744 2134 1790 ἀλκῆς
2165 1744 2268 1783 αὐτὸν

1217 1799 1393 1852 Ἀχιλλεὺς
1406 1800 1457 1839 ἔτι
1473 1799 1624 1851 ἔμπνουν
1642 1800 1829 1854 ἀνέκρινεν,
1847 1799 1939 1845 ὅστις
1952 1817 1989 1843 τε
2001 1796 2043 1848 ἦν
2060 1802 2119 1840 καὶ
2134 1803 2267 1841 ὁπόθεν·

1218 1858 1295 1896 ἐπεὶ
1315 1858 1349 1896 δὲ
1368 1858 1456 1908 ἔγνω
1471 1859 1581 1896 παῖδα
1598 1860 1809 1908 Τελαμῶνος
1825 1858 1927 1907 ὄντα,
1948 1860 2062 1897 πολλὰ
2080 1862 2268 1914 κατοδυρό-

1219 1930 1319 1966 μενος
1339 1915 1396 1955 ἐπὶ
1417 1919 1478 1963 τῆς
1496 1916 1608 1962 ἠιόνος
1631 1915 1720 1967 μέγα
1737 1919 1845 1969 χῶμα
1864 1916 1975 1968 ἔχωσε
1988 1933 1996 1941 ·
2017 1922 2118 1956 τοῦτο
2137 1918 2187 1957 ἔτι
2206 1923 2265 1958 νῦν

1215 1976 1328 2026 ἡρῷον
1346 1977 1379 2014 Τ
1383 1974 1566 2026 ραμὸήλου
1584 1977 1758 2013 καλεῖται.

1270 2034 1326 2072 Cf.
1349 2036 1497 2070 Tzetzes
1514 2035 1564 2070 ad
1582 2036 1777 2083 Lycophr.
1804 2035 1878 2083 467
1904 2048 1912 2074 :
1931 2033 2033 2073 Μετὰ
2047 2034 2113 2087 γὰρ
2130 2034 2192 2082 τὴν
2207 2037 2263 2088 ὑφ’

1215 2090 1431 2143 Ἡρακλέους
1461 2090 1652 2142 γενομένην
1681 2096 1743 2138 τῆς
1766 2093 1896 2143 Τροίας
1921 2092 2067 2142 ἅλωσιν,
2087 2092 2264 2143 Τελαμὼν

1215 2148 1407 2202 Θεάνειραν
1427 2148 1489 2196 τὴν
1506 2149 1566 2188 καὶ
1582 2148 1747 2197 εΗσιόνην
1763 2152 1809 2195 ὡς
1823 2150 1994 2202 ἐξαίρετον
2007 2150 2109 2203 γέρας
2126 2151 2264 2199 ἔλαὸεν,

1214 2210 1261 2250 ὡς
1275 2205 1413 2260 Ἴστρος
1421 2209 1454 2245 ἓν
1470 2207 1687 2259 Συμμίκτοις
1706 2207 1823 2262 φησίν.
1840 2208 1939 2256 Αὐτὴ
1952 2209 1980 2246 δ’
1998 2210 2037 2247 ἐκ
2050 2211 2262 2260 Τελαμῶνος

1256 2335 1387 2368 Addunt
1397 2336 1541 2368 nonnulli
1554 2345 1595 2368 ex
1610 2336 1751 2369 lacrimis
1763 2337 1831 2369 istis
1845 2337 1964 2369 fontem
1981 2338 2095 2369 natum
2111 2346 2191 2378 esse,
2207 2339 2264 2379 qui

1221 2387 1330 2427 Byblis
1342 2387 1486 2419 vocetur.

1702 2443 1778 2476 2³.

1256 2502 1448 2534 Trambelus
1466 2502 1648 2535 Telamonis
1678 2502 1763 2534 silius
1790 2502 1936 2543 Apriates
1953 2502 2069 2543 puellae
2089 2502 2123 2534 in
2155 2502 2258 2535 Lesbo

1214 2561 1324 2584 amore
1344 2555 1476 2594 captus,
1494 2554 1596 2585 multa
1610 2554 1745 2586 faciebat
1756 2578 1765 2593 ‚
1780 2563 1844 2594 quo
1858 2555 1998 2595 puellam
2015 2554 2181 2586 illectaret.
2198 2557 2261 2586 Ve-

1211 2613 1284 2635 rum
1298 2613 1400 2645 quum
1417 2605 1473 2637 illa
1494 2605 1593 2636 nihilo
1615 2605 1723 2637 mitior
1753 2605 1859 2645 fieret,
1885 2605 2101 2637 meditabatur
2126 2606 2200 2638 dolo
2224 2615 2263 2638 ac

1212 2655 1324 2687 fraude
1345 2664 1417 2688 eam
1439 2656 1685 2688 circumvenire.
1705 2658 1839 2688 Euntem
1866 2656 1974 2697 itaque
1993 2657 2165 2697 aliquando
2195 2666 2262 2689 una

1211 2715 1285 2738 cum
1299 2707 1421 2741 ancillis
1442 2708 1474 2739 in
1487 2709 1656 2749 paternum
1676 2717 1749 2747 rus,
1766 2717 1830 2740 non
1851 2709 1963 2749 procul
1982 2709 2063 2740 mari
2085 2710 2200 2749 situm,
2220 2718 2262 2742 ex

1211 2758 1330 2790 insidiis
1343 2759 1475 2791 adortus
1491 2759 1719 2800 deprehendit,
1733 2761 1766 2791 et
1786 2769 1887 2800 quum
1901 2760 1955 2792 illa
1973 2761 2076 2792 multo
2089 2761 2188 2800 magis
2204 2769 2262 2801 pro

1211 2809 1393 2850 virginitate
1405 2820 1462 2843 sua
1478 2811 1615 2843 tutanda
1627 2811 1861 2851 obluctaretur,
1876 2810 1975 2843 iratus
1988 2812 2177 2843 Trambelus
2189 2821 2262 2852 pro-

1211 2860 1289 2900 jecit
1311 2870 1382 2893 eam
1397 2862 1429 2893 in
1445 2863 1547 2894 altum
1564 2862 1659 2894 valde
1670 2863 1740 2893 tum
1756 2862 1895 2894 existens
1906 2871 1993 2894 mare
2005 2886 2014 2902 ‚
2026 2866 2057 2894 et
2071 2864 2118 2894 sic
2130 2863 2259 2903 quidem

1212 2912 1332 2944 interiit
1341 2913 1404 2944 illa.
1415 2915 1607 2953 Quanquam
1616 2913 1669 2944 alii
1682 2913 1952 2952 scripserunteam
1960 2913 2002 2944 ob
2010 2914 2259 2954 persecutionem

1211 2963 1370 2995 Trambeli
1383 2972 1416 2995 se
1427 2964 1524 3004 ipsam
1533 2963 1758 3004 praecipitasse.
1772 2966 1872 2995 Porro
1883 2964 2086 2996 Trambelum
2094 2973 2157 2996 non
2168 2965 2261 3004 longe

1213 3015 1283 3054 post
1293 3014 1375 3046 ultio
1389 3023 1519 3054 quoque
1532 3014 1667 3045 deorum
1678 3016 1816 3055 sequuta
1828 3016 1886 3047 est.
1902 3017 2010 3052 Quum
2026 3016 2110 3048 enim
2125 3016 2261 3048 Achilles

1214 3065 1350 3096 multam
1363 3074 1404 3096 ex
1423 3065 1525 3096 Lesbo
1548 3065 1687 3105 praedam
1706 3068 1830 3106 partam
1844 3066 2036 3107 abduceret,
2054 3067 2108 3099 ille
2125 3067 2165 3098 ab
2179 3067 2259 3098 iudi-

1212 3116 1301 3156 genis
1329 3116 1369 3147 ad
1394 3116 1551 3147 auxilium
1580 3116 1748 3148 ferendum
1774 3117 1945 3156 inductus,
1971 3119 2083 3149 contra
2102 3118 2259 3150 Achillem

1214 3176 1247 3199 se
1275 3168 1434 3207 opposuit.
1463 3168 1526 3199 Ubi
1551 3168 1584 3200 in
1606 3170 1735 3209 pectore
1759 3170 1947 3202 vulneratus
1971 3170 2078 3202 statim
2106 3170 2256 3202 concidit.

1213 3217 1398 3250 Admiratus
1413 3220 1521 3250 autem
1541 3219 1640 3251 robur
1658 3220 1727 3259 ejus
1748 3221 1886 3253 Achilles
1897 3221 2070 3261 spirantem
2085 3221 2189 3252 adhuc
2210 3221 2258 3252 in-

1210 3269 1403 3308 terrogavit,
1419 3269 1489 3309 quis
1508 3270 1540 3301 et
1561 3270 1647 3302 unde
1666 3272 1767 3303 esset?
1793 3280 1957 3312 quumque
1973 3272 2169 3311 cognovisset
2185 3280 2257 3302 eum

1212 3320 1393 3352 Telamonis
1408 3329 1475 3353 esse
1494 3321 1614 3360 filium,
1633 3322 1665 3353 in
1679 3323 1782 3354 multo
1797 3324 1885 3355 luctu
1900 3324 1927 3355 ei
1950 3324 2109 3355 tumulum
2127 3323 2256 3362 effodit,

1213 3371 1267 3411 qui
1282 3371 1386 3403 adhuc
1396 3371 1491 3405 hodie
1503 3373 1637 3405 heroum
1649 3374 1809 3406 Trambeli
1817 3375 2005 3415 appellatur.
