2372 3704
195 217 268 249 31ss

177 298 368 352 Ἀχελῴου,
399 299 454 338 διὰ
486 300 524 338 τὸ
555 300 720 354 ἀκούρους
747 301 931 354 φυλάττειν
963 303 1023 348 τὰς
1048 306 1221 359 κεφαλὰς,

175 359 387 411 Ἀκαρνᾶνας
408 361 603 398 καλεῖσθαι.
688 402 690 404 ,

227 421 396 468 Tangere
425 421 503 456 haec
529 422 567 456 in
602 421 783 457 Euboicis
817 435 970 471 quoque
989 426 1130 473 potuit.
1167 427 1221 461 Ex

179 478 366 514 Strabone
401 479 532 515 eadem
554 479 663 515 affert
692 480 812 519 schol.
838 481 888 517 ad
915 483 958 520 ΙΙ.
991 481 1024 528 ι’,
1051 483 1141 531 529.
1167 484 1221 522 Cf.

173 538 292 575 schol.
312 538 464 574 Homeri
483 539 524 573 in
536 539 660 574 Cram.
679 539 826 575 Anecd.
846 541 964 578 Paris.
982 542 1051 587 III,
1074 555 1111 590 p.
1130 541 1218 588 376,

172 595 239 631 ubi
259 608 332 644 pro
353 594 570 646 Ἀρχέμαχος
585 598 722 646 legitur
739 595 952 648 ἀγχέμαχος.

225 736 350 772 schol.
367 736 476 774 Pind.
496 737 604 784 Pyth.
617 738 685 783 111,
706 749 777 772 120
791 750 798 773 :
813 735 866 775 Τὸ
883 735 1003 775 Ἰόνιον
1019 737 1168 790 πέλαγος
1182 738 1220 775 τὸ

174 791 254 843 περὶ
275 792 440 830 Σικελίαν
470 792 509 830 τὸ
541 793 649 842 ὄνομα
682 792 824 843 ἔλαὸεν,
859 795 906 837 ὡς
931 794 993 842 μὲν
1010 794 1116 842 ἔνιοι,
1151 796 1220 834 ἀπὸ

171 850 258 895 Ἰοῦς
270 866 278 874 ·
297 850 509 902 Θεόπομπος
525 850 560 889 δὲ
577 851 646 889 ἀπὸ
662 851 781 890 Ἰονίου
799 852 919 904 ἀνδρὸς
937 853 1131 906 Ἰλλυριοῧ,
1146 855 1222 907 Ἀρ-

170 909 329 961 χέμαχος
358 909 394 948 δὲ
426 910 496 947 ἀπὸ
513 912 581 948 τῶν
611 910 863 960 ἀπολλυμένων
898 913 931 949 ἐν
963 913 1059 965 αὐτῷ
1079 913 1220 952 Ἰαόνων

173 969 336 1019 (Ἰώνων,
348 967 382 1006 οἵ
390 970 474 1006 εἰσιν
490 969 662 1015 Ἀθηναῖοι
677 971 754 1006 sch.
771 970 922 1020 Dion.).
939 994 989 999 —
1006 971 1222 1025 Ἀρχέμαχος

169 1029 341 1065 Boeckius
361 1029 467 1065 dedit
489 1042 509 1065 e
532 1029 621 1065 cod.
644 1030 845 1078 Goetting.;
875 1031 913 1066 in
930 1033 1085 1080 reliquis
1105 1031 1221 1085 Ἀρχί-

170 1086 289 1136 δαμος.
302 1088 442 1124 Eadem
460 1088 636 1136 leguntur
649 1088 753 1136 apud
769 1089 888 1124 schol.
907 1090 956 1126 ad
972 1093 1131 1139 Dionys,
1151 1094 1220 1128 Pe-

169 1148 263 1196 rieg.
293 1151 357 1195 94.

591 1242 802 1257 ⁴000*—

316 1307 702 1366 ARETADES
752 1309 1063 1369 CNIDIUS.

517 1416 873 1478 ΜΑΚΕΔΟΝΙΚΑ.

479 1507 508 1542 E
536 1507 686 1543 LIBRo
708 1506 906 1544 TERTIO.

221 1588 410 1624 Plutarch.
440 1589 526 1624 Par.
558 1602 610 1627 m.
632 1602 666 1624 c.
707 1601 776 1634 11,
803 1602 843 1638 p.
869 1588 967 1634 308,
991 1589 1018 1625 C
1043 1602 1050 1624 :
1076 1590 1219 1640 Δαρεῖος

169 1646 186 1682 ὁ
208 1644 374 1697 Πέρσης,
400 1644 457 1683 ἐπὶ
484 1647 646 1698 Γρανικῷ
672 1646 877 1695 πολεμήσας
903 1645 1134 1699 Ἀλεξάνδρῳ,
1159 1646 1218 1684 καὶ

167 1702 259 1740 ἑπτὰ
278 1703 460 1755 σατράπας
478 1703 682 1750 ἀποῐὲαλὼν,
710 1705 770 1742 καὶ
797 1704 940 1757 ἅρματα
973 1704 1218 1758 δρεπανηφόρα

168 1760 228 1798 δύο
247 1761 305 1798 καὶ
315 1760 549 1810 πεντακόσια,
566 1762 758 1812 συμὸαλεῒν
786 1761 911 1810 ἔμελλε
931 1766 973 1814 τῇ
1001 1762 1088 1809 ἑξῆς.
1107 1764 1216 1814 Ἀριο-

167 1819 343 1872 6αρζάνης
357 1819 391 1858 δὲ
412 1823 430 1858 ὁ
451 1820 543 1870 υἱὸς,
580 1824 773 1871 συμπαθῶς
791 1821 1005 1872 διακείμενος
1024 1822 1109 1875 πρὸς
1126 1822 1220 1861 Ἀλέ-

168 1877 324 1930 ξανδρον,
344 1880 545 1931 ὑπισχνεῖτο
575 1879 632 1917 τὸν
667 1879 804 1933 πατέρα
830 1880 1039 1932 προδώσειν.
1072 1882 1217 1933 Ἀγανα-

169 1936 304 1983 κτήσας
324 1936 359 1975 δὲ
387 1940 404 1975 ὁ
425 1936 544 1990 πατὴρ
576 1938 927 1990 ἐτραχηλοκόπησεν·
955 1942 1001 1983 ὥς
1027 1939 1219 1992 Ἀρητάδης

169 1994 306 2039 Κνίδιος
326 1996 360 2033 ἐν
373 1995 478 2048 τρίτῳ
495 1998 758 2038 Μακεδονικῶν.

554 2088 831 2127 ΦΡΥΓΙΑΚΑ.

678 2191 712 2213 2.

217 2251 324 2287 Idem
342 2253 399 2287 De
411 2250 503 2290 fluv.
522 2266 555 2290 e.
578 2265 636 2298 12,
655 2267 694 2301 2,
710 2254 758 2290 de
776 2255 906 2304 Sagari
920 2254 1039 2291 fluvio
1059 2267 1067 2293 z
1086 2256 1218 2293 Γεννᾶ-

166 2323 227 2345 ται
247 2309 277 2345 δ’
298 2309 332 2346 ἐν
351 2310 445 2360 αὐτῷ
459 2309 571 2357 λίθος,
590 2311 804 2363 αὐτόγλυφος
827 2312 1054 2362 καλούμενος·
1068 2311 1219 2364 εὑρίσκε-

168 2427 274 2459 grasse
302 2421 409 2451 autern
430 2422 462 2451 in
491 2422 640 2453 AEtoliam
666 2423 699 2454 et
717 2423 787 2455 loca
811 2423 897 2455 circa
916 2424 1105 2456 Pleuronem
1134 2423 1217 2455 obti-

166 2479 283 2502 nuissee
303 2473 365 2502 Eos
389 2473 498 2503 autem
519 2473 574 2513 qui
594 2474 682 2507 trans
704 2475 878 2506 Acheloum
896 2476 1099 2515 habitabant,
1117 2484 1218 2516 quum

166 2523 263 2563 caput
276 2531 341 2554 non
353 2523 535 2563 tonderent,
548 2527 727 2558 Acarnanas
740 2526 842 2558 dictos
854 2527 958 2559 fnisse.

670 2588 705 2620 9.

207 2640 332 2672 Ionium
346 2650 434 2673 mare
444 2650 542 2683 prope
559 2642 698 2675 Siciliam
711 2652 830 2675 nomen
841 2644 937 2676 habet
949 2644 1127 2676 secundum
1142 2654 1219 2676 non-

166 2693 272 2725 nullos
289 2693 330 2725 ab
359 2687 453 2734 l'one,
475 2703 537 2727 sec.
557 2696 798 2736 Theopompum
824 2697 865 2728 ab
887 2698 976 2729 lonio
995 2698 1104 2737 Illyrio
1129 2698 1216 2738 viro,

168 2752 233 2776 sec.
250 2745 507 2777 Archemaclium
526 2745 567 2778 ab
585 2746 716 2778 Ionibus
731 2747 786 2787 qui
802 2747 834 2778 in
850 2755 887 2779 eo
906 2748 1066 2788 perierint.

371 2834 439 2872 DE
461 2834 628 2874 REBUS
649 2834 1011 2874 MACEDONICIS.

678 2923 710 2954 1.

207 2974 323 3006 Darius
340 2976 435 3006 Persa
457 2976 569 3015 proelio
586 2984 772 3017 congressus
794 2985 870 3008 cum
886 2977 1068 3010 Alexandro
1080 2977 1121 3009 ad
1134 2979 1215 3010 Gra-

166 3026 274 3057 nicum
284 3049 292 3064 ‚
307 3026 429 3058 amissis
442 3029 563 3067 septem
576 3029 710 3068 satrapis
720 3037 758 3059 ac
771 3028 894 3061 falcatis
904 3029 1051 3061 curribus
1063 3029 1216 3070 quingen-

166 3079 207 3110 tis
222 3080 253 3110 et
266 3078 331 3110 duo
342 3102 351 3118 ,
366 3080 517 3119 postridie
529 3080 706 3113 instaurare
721 3089 860 3122 pugnam
875 3082 1012 3114 volebat.
1030 3082 1216 3115 Ariobarza-

165 3139 222 3162 nes
236 3132 344 3162 autem
362 3130 445 3162 filius
457 3131 540 3170 ejus,
555 3132 659 3172 utqui
675 3133 854 3165 Alexandro
867 3134 1006 3174 faveret,
1021 3134 1168 3175 promisit
1182 3142 1216 3166 se

166 3183 290 3223 patrem
317 3181 375 3222 ipsi
400 3182 615 3222 proditurum.
634 3185 726 3215 Pater
742 3186 849 3216 autem
867 3185 1054 3226 indignitate
1067 3186 1112 3218 rei
1127 3195 1215 3218 com-

167 3235 275 3267 motus
285 3259 294 3275 ,
325 3235 390 3266 filio
428 3236 569 3267 cervices
598 3237 750 3276 praecidit.
779 3238 930 3271 Aretades
956 3238 1089 3272 Cnidius
1120 3239 1214 3271 tertio

167 3288 285 3319 Rerum
301 3286 590 3319 Macedonicarum.

580 3386 791 3401 *⁴000oe-

1029 224 1284 264 ARETADIS
1314 223 1492 270 CNIDH,

1287 322 1344 344 ται
1357 306 1424 358 γὰρ
1437 305 1684 357 τετυπωμένην
1700 306 1789 359 ἔχων
1806 305 1868 353 τὴν
1886 306 2021 359 μητέρα
2038 308 2106 347 τῶν
2116 310 2215 348 θεῶν.
2231 310 2328 348 Τοῦ-

1285 381 1342 403 τον
1353 365 1410 403 τὸν
1428 365 1522 403 λίθον
1539 365 1598 403 ἐὰν
1621 365 1704 418 εὕρῃ
1726 381 1796 412 τις,
1818 365 1972 409 σπανίως
1988 365 2242 418 εὑρισκόμενον,
2258 369 2326 405 τῶν

1285 422 1573 473 ὑποτεμνομένων
1592 424 1630 460 οὗ
1655 423 1840 471 ξενίζεται,
1864 424 1941 462 ἀλλ’
1963 423 2122 476 εὐψύχως
2150 423 2246 478 φέρει
2264 427 2325 472 τῆς

1288 481 1387 533 παρὰ
1405 481 1507 535 φύσιν
1521 481 1676 534 πράξεως
1691 481 1754 529 τὴν
1772 482 1848 535 ὄψιν
1862 498 1870 507 ·
1896 483 2009 527 καθὼς
2026 485 2159 537 ἱστορεῖ
2181 482 2325 537 Ἀρετά-

1285 541 1343 587 ζης
1360 540 1452 590 (sic)
1476 541 1510 578 ἐν
1529 541 1599 584 τοῖς
1617 542 1846 593 Φρυγιακοῒς.

1656 646 1952 686 ΝΗΣΙΩΤΙΚΑ.

1567 740 1596 774 Ε
1625 740 1775 776 LIBRO
1805 740 2043 778 SECUNDO.

1788 827 1822 863 3.

1337 914 1443 950 Idem
1466 914 1550 950 Par.
1567 926 1616 949 m.
1635 927 1671 951 c.
1693 926 1757 961 27,
1772 927 1812 964 p.
1837 916 1912 952 312
1935 917 1963 953 C
1978 927 1988 955 :
2005 913 2180 965 Τελαμὼν
2205 916 2224 953 ὁ
2240 915 2331 954 Αἶα-

1285 973 1346 1008 κοῧ
1367 971 1427 1008 καὶ
1448 967 1628 1018 Ἐνδηίδος
1641 1001 1652 1022 ,
1673 972 1780 1010 ἐλθὼν
1799 973 1845 1015 εἷς
1865 972 2019 1014 Εὔὸοιαν
2036 973 2095 994 *⁴¹*
2110 973 2230 1018 νυκτὸς
2242 972 2328 1027 ἔφυ·-

1284 1045 1354 1080 γεν-.
1390 1028 1436 1068 Ὁ
1470 1028 1506 1067 δὲ
1528 1028 1646 1083 πατὴρ
1675 1030 1877 1080 αἰσθόμενος
1897 1030 1957 1069 καὶ
1977 1033 2046 1070 τῶν
2073 1031 2224 1070 πολιτῶν
2249 1047 2328 1070 τινα
2360 1061 2362 1064 -

1288 1087 1532 1139 ὑποπτεύσας,
1566 1088 1673 1127 ἔδωκε
1707 1087 1770 1136 τὴν
1790 1088 1894 1141 κόρην
1924 1089 2238 1137 καταποντωθῆναί
2261 1105 2328 1128 τινι

1284 1149 1353 1184 τῶν
1371 1147 1583 1199 δορυφόρων.
1599 1146 1644 1186 Ὁ
1659 1146 1690 1185 δ”
1706 1146 1851 1194 ἐλεήσας
1862 1147 2117 1198 ἀπημπόλησε·
2130 1148 2332 1202 προσσχού-

1289 1221 1351 1252 σης
1381 1205 1416 1243 δὲ
1430 1209 1492 1252 τῆς
1520 1204 1603 1249 νεὼς
1621 1207 1820 1257 Σαλαμῖνι,
1851 1205 2027 1256 Τελαμὼν
2057 1205 2236 1253 ὠνήσατο·
2255 1209 2279 1253 ἡ
2293 1202 2328 1245 ’δ’

1286 1264 1402 1302 ἔτεκεν
1422 1263 1560 1303 Αἴαντα
1573 1280 1582 1288 ·
1597 1266 1644 1308 ὡς
1665 1264 1854 1317 Ἀρητάδης
1880 1264 2016 1309 Κνίδιος
2035 1266 2069 1304 ἐν
2087 1265 2238 1318 δευτέρῳ
2254 1267 2330 1313 Νη-

1285 1338 1470 1360 σιωτικων.

1337 1383 1538 1429 Aretades,
1559 1383 1687 1419 nescio
1703 1384 1769 1431 qui
1781 1410 1791 1429 ,
1811 1381 1899 1432 Περὶ
1920 1380 2176 1433 συμπτώσεως,
2189 1382 2237 1420 de
2252 1383 2332 1420 for-

1285 1444 1377 1478 tuita
1395 1444 1624 1491 scriptorum
1656 1442 1758 1478 idem
1785 1442 2016 1478 tradentium
2041 1442 2328 1487 convenientia,

1284 1502 1463 1538 laudatur
1479 1515 1500 1538 a
1518 1502 1734 1550 Porphyrio
1765 1502 1869 1550 apud
1885 1501 2024 1540 Euseb.
2045 1502 2088 1540 P.
2113 1502 2158 1539 E.
2176 1513 2217 1549 p.
2235 1500 2325 1545 466.
2338 1529 2346 1533 .

1284 1560 1398 1607 Quod
1437 1560 1593 1607 quidem
1636 1567 1901 1607 argumentum
1930 1559 2056 1596 nescio
2088 1571 2138 1595 an
2167 1559 2331 1595 conferri

1282 1619 1402 1667 possit
1421 1631 1507 1655 cum
1523 1631 1568 1654 eo
1584 1619 1689 1665 quod
1706 1618 1928 1654 Plutarchus
1942 1619 1982 1653 in
2001 1618 2192 1654 Parallelis
2205 1619 2330 1653 mino-

1283 1677 1389 1712 ribus
1410 1684 1561 1714 tractat.
1582 1678 1702 1712 Porro
1718 1689 1780 1725 ap.
1797 1677 1917 1714 schol.
1937 1677 2091 1714 Homer.
2111 1677 2156 1712 Il.
2175 1690 2216 1722 ω,
2234 1689 2250 1712 1
2262 1689 2306 1712 10
2318 1704 2330 1725 ‚

1282 1736 1458 1783 leguntur
1473 1735 1551 1770 haec
1571 1748 1579 1770 ε
1602 1733 1798 1784 προϊάπτ
1806 1734 1855 1785 ω]
1875 1733 2130 1785 Ἀπολλόδωρος
2153 1732 2211 1771 καὶ
2230 1730 2334 1784 Ἄρη-

1281 1791 1387 1838 τάδης
1405 1791 1464 1828 καὶ
1485 1791 1658 1838 Νεοτέλης
1677 1792 1735 1829 καὶ
1749 1792 1928 1836 Διονύσιος
1943 1793 1960 1830 ὁ
1974 1790 2075 1845 Θρᾲξ
2091 1790 2147 1829 διὰ
2161 1794 2251 1829 τοῦτ
2267 1791 2331 1838 τὴν

1281 1849 1442 1901 πρόθεσιν
1470 1850 1659 1902 γράφουσι,
1680 1850 1739 1887 καὶ
1757 1850 1940 1889 δασύνουσι
1965 1850 2005 1888 τὸ
2031 1866 2068 1898 α,
2089 1848 2147 1888 ἵνα
2167 1843 2190 1900 ἦ
2208 1865 2334 1902 προσ-

1282 1907 1303 1945 ά
1314 1923 1424 1958 πτω,
1465 1907 1664 1957 ἀνατίθημι.
1700 1909 1807 1945 Idem
1846 1922 1988 1947 nomen
2028 1910 2188 1947 fortasse
2222 1910 2334 1946 resti—

1282 1967 1467 2003 tuendum
1493 1966 1597 2015 apud
1615 1967 1733 2003 schol.
1769 1967 1902 2016 odyss.
1923 1981 1957 2018 γ,
1986 1967 2062 2012 344
2095 1980 2106 2004 :
2134 1964 2332 2017 γλώσσας

1285 2025 1320 2062 δ’
1340 2026 1379 2062 ἐν
1399 2024 1499 2076 πυρὶ
1518 2024 1691 2076 βάλλον]
1707 2024 1906 2071 Ἐζήτησαν
1927 2023 1984 2063 διὰ
2003 2025 2036 2063 τί
2051 2027 2122 2069 τοῖς
2135 2027 2222 2068 θεοῖς
2238 2023 2330 2063 ἀπέ·

1283 2099 1385 2132 νεμον
1403 2083 1465 2126 τὰς
1477 2083 1653 2134 γλώσσας.
1675 2084 1723 2122 Οἳ
1737 2081 1798 2133 μὲν
1813 2084 1991 2135 ἐνόμισαν,
2005 2078 2053 2122 ὧν
2068 2083 2140 2122 ἔστι
2155 2083 2332 2136 Λεάνδρου

1285 2145 1307 2188 ἡ
1321 2141 1525 2193 Ἀρκτιάδης
1538 2140 1730 2192 (Λέανδρος
1744 2141 1804 2179 καὶ
1819 2142 2011 2193 Ἀρητάδης
2019 2144 2045 2194 P)
2057 2141 2148 2180 κατὰ
2158 2140 2333 2194 πατρώιον

1283 2200 1356 2244 ἔθος
1374 2199 1519 2239 Ἰώνων·
1542 2199 1615 2238 ἔστι
1634 2199 1701 2252 γὰρ
1719 2200 1864 2252 πάτριον
1882 2200 1954 2245 ἔθος
1971 2199 2114 2241 Ἰώνων.

1698 2304 1911 2318 ἢκ...-

1536 2435 1604 2474 Ι)Ε
1623 2434 1788 2474 REBUS
1808 2432 2068 2473 PHRYGIIS.

1780 2524 1816 2556 2.

1322 2585 1470 2616 Nascitur
1484 2585 1516 2616 in
1539 2584 1646 2625 sagari
1661 2584 1760 2616 fluvio
1774 2584 1854 2625 lapis
1869 2583 1999 2615 nomine
2014 2581 2245 2622 autoquphus
2271 2580 2329 2620 (id

1279 2637 1344 2675 est,
1362 2639 1474 2677 sponte
1486 2636 1628 2677 sculptus
1641 2637 1671 2676 );
1689 2636 1850 2668 invenitur
1865 2635 1951 2667 enim
1968 2644 2042 2666 cuin
2053 2641 2203 2675 expressa
2215 2632 2328 2664 matris

1279 2687 1414 2719 deorum
1429 2688 1531 2728 effigie
1547 2698 1554 2719 :
1571 2697 1668 2728 quem
1684 2688 1710 2719 si
1727 2687 1799 2728 quis
1821 2687 1979 2719 invenerit
1995 2687 2007 2726 (
2024 2694 2095 2718 raro
2110 2686 2219 2717 autem
2239 2684 2328 2716 inve-

1279 2739 1401 2779 nitur),
1419 2740 1459 2771 ab
1477 2740 1514 2771 iis
1537 2740 1592 2780 qui
1615 2741 1796 2771 castrantur
1812 2748 1877 2771 non
1901 2738 2069 2777 abhorret,
2089 2737 2143 2769 sed
2169 2734 2328 2776 intrepido

1280 2791 1371 2822 vultu
1384 2792 1445 2823 sert
1460 2801 1525 2824 rem
1536 2801 1609 2832 quae
1623 2794 1738 2832 praeter
1751 2793 1899 2823 naturam
1914 2791 1960 2823 fit.
1974 2791 2088 2823 Narrat
2101 2789 2163 2822 hoc
2173 2788 2326 2822 Aretades

1279 2843 1310 2873 in
1331 2843 1504 2883 Plirygicis.

1651 2925 1718 2963 DE
1738 2924 1949 2964 INSULIS.

1783 3014 1817 3046 3.

1318 3080 1470 3112 Telamon
1486 3080 1574 3112 AEaci
1599 3079 1630 3112 et
1645 3079 1795 3111 Endeidis
1816 3079 1902 3110 silius
1917 3079 1948 3110 in
1963 3078 2119 3110 Euboeam
2133 3085 2236 3118 quum
2261 3085 2317 3108 ve-

1276 3133 1391 3171 nisset,
1410 3130 1600 3173 [Periboeam
1616 3130 1763 3163 Alcathoi
1780 3129 1878 3161 filiam
1895 3129 2029 3170 vitiavit]
2047 3129 2212 3169 noctuque
2229 3127 2320 3169 fugit.

1277 3185 1370 3216 Pater
1385 3182 1524 3215 sentiens
1537 3183 1613 3222 hoc,
1631 3183 1663 3214 et
1677 3182 1798 3213 sactum
1812 3181 1853 3213 ab
1865 3181 1973 3221 aliquo
1987 3180 2105 3212 civium
2118 3180 2300 3221 suspicatus
2314 3203 2324 3220 ,

1276 3236 1374 3268 filiam
1399 3235 1526 3267 cuidam
1541 3234 1714 3267 satellitum
1727 3234 1760 3266 in
1781 3242 1870 3266 mare
1889 3233 2101 3273 abjiciendam
2127 3232 2292 3265 mandavit
2309 3244 2318 3264 ε

1276 3289 1330 3329 qui
1341 3289 1448 3320 motus
1464 3287 1667 3319 miseratione
1679 3311 1688 3326 ,
1699 3295 1770 3318 eam
1784 3285 1946 3326 vendidit3
1961 3295 2127 3327 quumque
2142 3285 2258 3317 mulier
2270 3293 2322 3316 es-

1275 3342 1323 3372 set
1349 3340 1390 3372 ad
1418 3339 1554 3371 insulam
1573 3339 1767 3371 Salaminam
1792 3339 1866 3370 navi
1895 3338 2045 3378 advecta,
2072 3338 2224 3371 Telamon
2248 3345 2321 3369 eam

1275 3392 1373 3431 emit;
1403 3391 1524 3432 peperit
1553 3391 1660 3422 autem
1685 3390 1823 3430 Ajacem.
1847 3390 2018 3423 Historiam
2039 3390 2146 3422 narrat
2171 3387 2322 3422 Aretades

1277 3443 1408 3476 Cnidius
1418 3442 1499 3474 libro
1510 3445 1555 3474 De
1567 3441 1677 3474 insulis
1692 3441 1843 3474 secundo.
