2372 3704
136 243 211 276 420

628 327 690 371 34.

921 239 1247 281 HEGESANDRI
1275 239 1464 282 DELPHI

1243 344 1348 378 μασιν
1369 331 1403 367 ἐν
1422 335 1496 375 ταῖς
1521 331 1687 383 κεφαλαῖς
1714 346 1798 385 φησι
1834 332 1891 371 τὸν
1919 331 2052 380 ἥπατον
2089 333 2149 372 δύο
2173 333 2287 378 λίθους

187 396 292 432 Idem
312 397 370 442 X,
392 409 431 445 p.
462 401 560 445 419,
581 399 615 434 D
639 411 648 435 :
670 389 838 446 Τιμόθεος
854 397 884 434 δ’
905 399 922 436 ὁ
944 397 1122 446 Κόνωνος,
1144 399 1183 436 ἐκ
1241 386 1346 438 ἔχῑῑνν
1359 391 1402 440 τῇ
1424 388 1485 438 μὲν
1507 391 1595 442 αὐγῇ
1615 390 1674 428 καὶ
1692 393 1740 442 Τῷ
1755 389 1919 443 χρώματι
1935 391 2200 444 παραπλησίους
2214 397 2284 436 τοῖς

134 455 202 490 τῶν
222 454 420 491 πολυτελῶν
441 453 502 491 καὶ
519 457 759 506 στρατηγικῶν
777 455 923 493 δείπνων
943 456 1182 509 παραληφθεὶς

134 511 201 548 ὑπὸ
227 515 286 549 τοῦ
309 511 497 555 Πλάτωνος
529 514 575 556 εἷς
603 512 644 555 ,τὸ
673 515 706 550 ἐν
735 513 948 566 Ἀκαδημείᾳ
974 515 1179 564 συμπόσιον,

133 569 194 607 καὶ
211 570 378 613 ἑστιαθεὶς
408 573 543 622 ἀφελῶς
569 571 628 608 καὶ
647 574 837 620 μουσικῶς,
865 571 928 624 ἔφη
942 602 951 619 ,
969 574 1014 616 ὡς
1034 575 1064 611 οἱ
1085 572 1181 624 παρὰ

134 629 300 666 Πλάτωνι
321 630 535 672 δειπνοῦντες
551 630 610 667 καὶ
627 633 668 680 τῇ
692 629 855 682 ὑστεραίᾳ
875 632 991 674 καλῶς
1007 630 1174 680 γίνονται.

133 687 177 727 Ὁ
190 688 218 725 δ’
235 687 473 741 Ἡγήσανδρος
490 691 524 727 ἐν
537 692 606 732 τοῖς
620 688 891 740 ιΥπομνήμασιν
910 689 986 742 ἔφη,
1000 692 1045 733 ὡς
1059 690 1118 727 καὶ
1137 693 1178 742 τῇ

133 746 298 799 ὑστεραία
316 749 333 784 ὁ
354 748 540 797 Τιμόθεος,
561 748 764 794 ἀπαντήσας
787 751 836 800 τῷ
860 748 1044 795 Πλάτωνι,
1067 742 1178 786 εἶπεν·

132 821 148 837 «ι
165 804 304 855 ζΥμεῑς,
323 799 351 843 ὦ
370 806 534 852 Πλάτων,
553 799 589 843 εῧ
606 806 772 843 δειπνεῖτε
790 807 921 855 μᾶλλον
940 807 987 849 εἷς
999 806 1061 852 τὴν
1080 809 1179 844 ὑστε-

134 861 233 914 ραίαν
245 862 267 909 ἢ
280 866 326 906 εἰς
341 861 403 909 τὴν
422 867 599 915 παροῦσαν
608 862 755 914 ἡμέραν.
769 880 784 896 υ
797 863 946 915 Πύρρων
957 863 986 901 δ’
999 867 1017 902 ὃ
1028 864 1177 911 Ἠλεῖος,

131 923 199 958 τῶν
230 922 411 974 γνωρίμων
439 921 529 964 τινὸς
550 921 653 959 αὐτὸν
683 921 937 976 ὑποδεξαμένου
963 924 1178 968 πολυτελῶς,

131 981 176 1022 ὡς
193 979 293 1023 αὐτὸς
314 981 349 1030 (ὁ
365 979 507 1028 αὖτὸςΡ)
521 981 660 1030 ἱστορεῖ,
679 997 695 1012 «ι
715 981 776 1022 Εἷς
794 979 833 1017 τὸ
846 979 978 1026 λοιπὸν,
991 974 1098 1027 εἶπεν,
1113 981 1179 1031 οὐχ

130 1036 203 1082 ἥξω
225 1036 310 1087 πρὸς
323 1036 374 1083 σὲ,
386 1036 426 1074 ἂν
447 1036 556 1080 οὕτως
573 1037 738 1088 ὑποδέχῃ·
751 1036 807 1074 ἵνα
825 1037 906 1087 μήτ’
925 1037 993 1088 ἐγὼ
1011 1037 1049 1075 σὲ
1066 1039 1178 1083 ἀηδῶς

130 1097 199 1145 ὁρῶ
218 1093 558 1144 καταδαπανώμενον
589 1096 651 1132 οὐκ
681 1094 893 1145 ἀναγκαίως,
921 1095 1009 1142 μήτε
1039 1095 1080 1133 σὺ
1104 1097 1176 1133 θλι-

132 1152 273 1202 ὅόμενος
295 1156 510 1204 κακοπαθῇς.
532 1154 678 1191 Μᾶλλον
692 1152 759 1204 γὰρ
777 1156 871 1203 ἡμᾶς
896 1157 939 1205 τῇ
960 1155 1034 1203 μεθ’
1046 1156 1177 1191 ἑαυτῶν

131 1210 292 1262 συνουσίᾳ
308 1210 483 1261 προσῆκόν
503 1213 594 1249 ἐστιν
612 1212 818 1263 εὐεργετεῖν,
845 1210 868 1258 ἢ
889 1213 938 1264 τῷ
954 1212 1079 1258 πλήθει
1107 1214 1177 1249 τῶν

129 1268 425 1320 παρατιθεμένων,
442 1263 490 1306 ῶν
521 1271 550 1307 οἱ
572 1270 807 1313 διακονοῦντες
825 1270 866 1307 τὰ
889 1271 1037 1308 πλεῖστα
1064 1271 1177 1308 δαπα-

129 1329 227 1366 νῶσι.
251 1344 266 1361 »
286 1328 344 1367 Cf.
365 1327 496 1366 AElian.
518 1331 561 1366 V.
586 1330 634 1365 H.
657 1330 707 1375 ΙΙ,
731 1328 790 1366 18.

619 1397 682 1435 35.

181 1461 239 1500 Id.
255 1462 305 1506 II,
318 1475 358 1510 p.
374 1461 438 1506 62,
451 1462 478 1498 C
497 1474 505 1496 ε
524 1459 763 1512 Ἡγήσανδρος
775 1461 804 1498 δ’
817 1461 974 1513 ὁΔελφὸς
983 1463 1017 1498 ἐν
1027 1459 1177 1506 Ἕλλησ·

129 1518 243 1569 πόντῳ
268 1518 370 1570 φησὶν
387 1517 462 1556 οὔτε
484 1517 580 1556 ὕδνον
600 1519 752 1568 γίνεσθαι
775 1517 853 1556 οὔτε
873 1518 1083 1569 γλαυκίσκον
1098 1518 1175 1556 οὔτε

129 1575 570 1627 ούμον·διὸΝαυσικλείδην
584 1576 758 1629 εἰρηκέναι
770 1576 859 1627 μήτε
873 1577 934 1629 ἔαρ
950 1576 1037 1627 μήτε
1048 1578 1174 1629 φίλους.

622 1649 685 1685 36.

181 1713 286 1750 Idem
299 1714 369 1758 ΙΙΙ,
382 1726 422 1761 p.
436 1712 499 1758 87,
509 1714 558 1748 B:
574 1710 812 1763 ἹΙγήο-ανδρος
826 1713 854 1749 δ’
872 1714 906 1750 ἐν
917 1711 1174 1762 ’Υπομνήμασι

127 1770 187 1813 τὰς
209 1769 373 1821 τραχείας
397 1769 481 1822 φησὶ
509 1768 638 1820 κόγχας
658 1769 723 1807 ὑπὸ
745 1770 806 1819 μὲν
828 1770 1037 1808 Μακεδόνων
1059 1770 1174 1821 κωρύ-

127 1843 206 1870 κους
220 1830 413 1875 καλεῖσθαι,
434 1826 500 1865 ὑπὸ
519 1826 554 1864 δὲ
569 1827 757 1874 Ἀθηναίων
770 1827 901 1880 κρείους
914 1827 965 1879 (v.
984 1830 1010 1868 l.
1023 1826 1170 1880 κριούς).

618 1905 678 1950 37.

177 1977 284 2012 Idem
302 1977 371 2021 ΙΙΙ,
385 1988 425 2024 p.
450 1975 534 2021 108,
552 1976 583 2011 A
603 1988 612 2010 :
633 1972 871 2026 <Ηγήσανδρος
887 1973 917 2011 δ’
937 1975 972 2012 ἓν
989 1972 1170 2023 Ἵ”πομνή-

615 2089 675 2121 34.

167 2145 375 2183 Timotheus,
403 2144 543 2176 Cononis
565 2144 667 2183 silius,
693 2145 889 2184 sumptuosis
913 2145 990 2176 alias
1006 2145 1038 2176 et
1066 2144 1169 2184 impe-

124 2197 248 2228 ratoriis
261 2197 360 2227 coenis
378 2197 541 2233 assuetus,
555 2205 656 2235 quum
677 2188 696 2227 a
714 2196 846 2228 Platone
872 2196 912 2227 ad
935 2196 1120 2227 convivium
1137 2196 1169 2227 in

123 2248 294 2279 Academia
319 2247 500 2286 adhibitus,
528 2247 691 2284 frugaliter
713 2247 860 2287 quidem,
889 2247 943 2278 sed
963 2248 1122 2287 eleganter
1138 2248 1170 2279 et

78 2318 84 2322 -
123 2299 247 2330 erudite
256 2300 337 2330 esset
348 2300 500 2338 exceptus
512 2322 520 2337 ‚
535 2298 739 2339 dicebat,qui
752 2299 837 2339 apud
852 2299 1014 2330 Platonem
1029 2300 1167 2337 coenent,

123 2359 176 2382 eos
189 2351 284 2381 etiam
302 2349 451 2389 postridie
461 2349 541 2380 bene
555 2349 682 2381 habere.
708 2350 906 2390 Hegesander
924 2359 1001 2382 vero
1021 2351 1052 2382 iu
1069 2353 1167 2382 Com·

127 2401 290 2433 mentariis
303 2401 366 2439 ait,
381 2399 586 2432 Timotheum
600 2401 766 2440 postridie,
784 2410 883 2441 quum
904 2402 1026 2433 Platoni
1040 2403 1167 2434 obviam

123 2454 204 2484 esset
222 2453 342 2490 sactus,
362 2450 499 2482 dixisse:
518 2452 598 2487 Vos,
616 2461 635 2482 o
655 2452 772 2487 Plato,
793 2452 873 2484 bene
895 2455 1038 2485 coenatis
1055 2456 1090 2485 in
1112 2463 1166 2494 po-

122 2506 255 2535 sterum
277 2505 388 2542 maqis
416 2502 505 2534 diem
531 2511 638 2543 quam
661 2505 694 2535 in
708 2506 924 2544 praesentem.
948 2505 1069 2545 Pyrrho
1092 2515 1167 2538 vero

123 2557 235 2594 Eleus,
260 2564 277 2586 a
298 2555 502 2587 familiarium
528 2555 686 2595 quodam,
704 2557 741 2587 ut
767 2557 874 2587 narrat
901 2558 987 2596 ipse,
1015 2560 1167 2597 exceptus

122 2609 309 2648 sumptuoso
323 2605 497 2637 admodum
514 2606 661 2637 convivio
680 2618 687 2637 ε
702 2619 716 2633 ι(
731 2607 865 2638 Posthac
878 2631 886 2646 ‚
899 2607 1019 2647 inquit,
1037 2617 1100 2639 non
1116 2617 1165 2640 ve·

122 2660 208 2691 niam
223 2659 263 2690 ad
279 2660 323 2696 te,
340 2658 364 2689 si
386 2658 429 2689 ita
449 2667 500 2689 me
514 2657 635 2698 excipis
649 2671 656 2690 :
678 2667 716 2689 ne
733 2660 763 2690 et
781 2667 837 2698 ego
860 2658 969 2691 dolens
997 2662 1028 2691 te
1042 2660 1165 2692 videam

121 2713 240 2744 multas
261 2711 329 2742 sine
347 2711 533 2742 necessitate
548 2711 706 2751 impensas
726 2711 910 2750 facientem,
923 2713 955 2743 et
970 2713 1026 2743 tibi
1044 2713 1164 2744 incom-

121 2764 254 2797 modurn
272 2772 309 2795 ac
330 2763 559 2795 detrimentum
578 2764 691 2796 asserat
715 2766 823 2796 nostra
837 2766 1045 2797 consuetudo.
1068 2767 1166 2806 Magis

121 2817 206 2847 enim
218 2824 275 2846 nos
287 2815 378 2847 decet
391 2815 512 2846 mutuis
523 2815 690 2855 colloquiis
708 2817 798 2848 nobis
814 2817 950 2848 invicem
966 2817 1163 2859 benefacere,

121 2875 217 2907 quam
237 2867 430 2898 ferculorum
450 2867 672 2908 multitudine,
687 2876 827 2908 quorum
849 2868 1023 2900 maximam
1040 2871 1163 2909 partem

121 2919 232 2950 famuli
245 2919 428 2951 absumunt.
448 2930 464 2946 η
612 2964 656 2996 35

161 3016 362 3057 Hegesander
384 3017 526 3057 Delphus
557 3017 621 3056 ait,
647 3017 679 3048 in
705 3018 910 3059 Hellesponto
937 3028 1042 3060 neque
1071 3020 1164 3052 tuber

120 3069 224 3109 nasci,
253 3077 356 3108 neque
369 3069 580 3108 glauciscum,
598 3077 701 3109 neque
728 3070 875 3109 thymum
892 3083 899 3102 :
920 3071 1028 3111 itaque
1053 3072 1162 3104 Nausi-

119 3120 234 3152 clidem
243 3112 360 3151 dixisse
372 3143 380 3158 ,
398 3128 502 3159 neque
515 3128 571 3151 ver
582 3120 624 3151 ibi
644 3129 728 3160 esse,
745 3129 849 3162 neque
867 3123 998 3154 amicos.

615 3175 672 3207 36.

160 3227 362 3268 Hegesander
385 3226 419 3258 in
433 3228 678 3260 Commentariis
708 3237 834 3269 asperas
864 3230 1002 3262 conchas
1027 3228 1163 3263 a'Mace-

119 3279 256 3310 donibus
269 3271 529 3319 corycos‘vocari
553 3279 607 3319 ait,
632 3279 672 3310 ab
691 3281 936 3314 Atheniensibus
952 3291 1028 3314 vero
1046 3282 1163 3324 κρείους

120 3331 203 3374 [sive
216 3330 341 3372 κριούς].
613 3376 656 3408 37

160 3428 358 3470 liegesander
383 3429 414 3460 in
431 3429 675 3462 Commentariis
691 3430 819 3471 scribit,
838 3431 955 3464 habere
968 3432 1119 3473 hepatum
1134 3431 1165 3464 in

1241 446 1424 498 ὀστρείοις,
1443 449 1492 500 τῷ
1514 447 1550 485 δὲ
1573 447 1730 500 σχήματι
1752 448 1974 500 ρομὸοειδεῖς.

1617 515 1620 517 ’
1729 524 1792 561 38.

1293 584 1399 620 Idem
1417 586 1481 630 VI,
1502 599 1543 634 p.
1566 599 1655 634 229,
1682 588 1716 623 Α
1747 599 1755 622 :
1784 585 2022 638 Ἡγήσανδρος
2045 587 2074 624 δ’
2107 589 2126 624 ὁ
2151 587 2284 640 Δελφὸς

1239 640 1474 692 Συρακοσίους
1490 641 1574 693 φησὶ
1586 641 1655 693 ,τὴν
1681 642 1743 692 μὲν
1765 643 1902 681 λοπάδα
1919 642 2066 694 τήγανον
2088 645 2222 696 καλεῖν,
2243 645 2284 684 τὸ

1239 696 1274 734 δὲ
1291 697 1438 748 τήγανον
1457 698 1702 751 ξηροτήγανον.
1726 700 1790 738 Διὸ
1808 700 1868 739 καὶ
1883 701 2104 754 Θεοδωρίδαν
2123 702 2230 756 φάναι
2246 702 2282 742 ἔν

1238 771 1304 793 τινι
1322 756 1522 809 ποιηματίῳ
1533 771 1543 781 ·

1320 835 1452 877 Τηγάνῳ
1466 835 1500 868 εὖ
1516 837 1635 878 ἥψησεν
1648 837 1679 869 ἐν
1692 837 1821 879 ὀψητῆρι
1835 838 1994 881 κολύμὸῳ,

1238 899 1299 946 τὴν
1313 900 1449 938 λοπάδα
1464 901 1611 953 τήγανον
1627 903 1908 956 προσαγορεύων.

1290 1040 1396 1076 Idem
1415 1042 1497 1087 VII,
1515 1053 1558 1090 p.
1582 1041 1679 1088 325,
1704 1043 1732 1080 C
1752 1056 1760 1079 z
1780 1041 2021 1095 Ἡγήσανδρος
2042 1042 2077 1081 δὲ
2096 1044 2114 1082 ὅ
2132 1045 2278 1099 Δελφὸς,

1236 1095 1378 1148 τρίγλην
1392 1096 1652 1150 παραφέρεσθαι
1670 1099 1704 1136 ἐν
1720 1104 1790 1143 τοῖς
1817 1099 2064 1152 Ἀρτεμισίοις,
2085 1100 2142 1140 διὰ
2163 1102 2202 1141 τὸ
2222 1103 2279 1143 δο-

1236 1157 1308 1191 κεῖν
1321 1154 1398 1197 τοὺς
1408 1155 1610 1199 θαλαττίους
1622 1156 1748 1206 λαγὼς,
1764 1157 1974 1208 θανασίμους
1988 1158 2104 1210 ὄντας,
2124 1161 2280 1214 θηρεύειν

1236 1213 1408 1263 ἐπιμελῶς
1432 1213 1492 1250 καὶ
1512 1213 1793 1253 καταναλίσκειν.
1818 1215 1965 1269 Διόπερ,
1990 1218 2038 1261 ὥς
2055 1218 2110 1256 ἐπ’
2129 1219 2278 1274 ὠφελείᾳ

1236 1273 1304 1308 τῶν
1337 1270 1527 1322 ἀνθρώπων
1562 1275 1664 1311 τοῦτο
1700 1277 1848 1313 ποιοῖσα
1860 1305 1872 1324 ,
1904 1278 1947 1327 τῇ
1978 1281 2185 1331 κυνηγετικῇ
2212 1282 2280 1333 θεῷ

1235 1332 1257 1376 ἡ
1282 1328 1459 1380 κυνηγέτις
1473 1329 1665 1371 ἀνάκειται.

1726 1390 1789 1428 40.

1288 1453 1395 1489 Idem
1410 1455 1515 1499 VIII,
1528 1466 1565 1502 p.
1589 1453 1678 1500 334,
1694 1456 1725 1491 E
1743 1466 1752 1493 :
1774 1453 2015 1508 Ἡγήσανδρος
2033 1455 2069 1494 ἐν
2079 1457 2149 1502 τοῖς
2164 1456 2279 1498 ‘raro-

1236 1508 1395 1559 μνήμασί
1414 1525 1517 1562 φησιν
1538 1510 1664 1554 οὕτως·
1694 1529 1710 1546 «ι
1731 1512 1821 1564 Περὶ
1841 1513 2073 1552 Ἀπολλωνίαν
2091 1515 2154 1563 τὴν
2173 1518 2277 1556 Χαλ-

1234 1567 1370 1614 κιδικὴν
1383 1567 1442 1605 δύο
1455 1569 1607 1618 ποταμοὶ
1621 1569 1766 1622 ῥέουσιν,
1780 1571 1949 1622 Ἀμμίτης
1961 1572 2020 1610 καὶ
2035 1573 2274 1619 Ὀλυνθιακός.

1234 1623 1477 1676 Ἐμὸοίλλουσι
1492 1627 1527 1664 δὲ
1545 1628 1733 1681 ἀμφότεροι
1743 1630 1789 1673 εἷς
1799 1628 1862 1676 τὴν
1878 1630 2016 1677 Βόλὸην
2027 1630 2168 1682 λίμνην.
2179 1633 2277 1673 ,Ἐπὶ

1233 1682 1268 1722 δὲ
1283 1687 1342 1720 τοῦ
1356 1683 1583 1739 Ὀλυνθιακοῦ
1598 1686 1764 1736 μνημεῖόν
1780 1689 1872 1725 ἐστιν
1889 1687 2068 1736 Ὀλύνθου,
2088 1693 2147 1728 τοῦ
2166 1690 2276 1744 Ἡρα-

1232 1741 1352 1785 κλέους
1373 1741 1432 1780 καὶ
1459 1742 1598 1788 Βόλὸης
1618 1745 1706 1783 υἱοῦ.
1736 1743 1839 1783 Κατὰ
1859 1744 1895 1783 δὲ
1919 1745 1977 1784 τὸν
2006 1746 2276 1800 Ἀνθεστηριῶνα

1233 1801 1290 1838 καὶ
1303 1801 1596 1852 Ἐλαφηὸολιῶνα
1609 1802 1764 1854 λέγουσιν
1779 1805 1810 1840 οἵ
1826 1804 2022 1856 ἐπιχώριοι,
2040 1805 2125 1844 διότι
2142 1807 2277 1857 πέμπει

1232 1861 1254 1905 ἡ
1276 1858 1393 1905 Βόλὸη
1416 1858 1479 1906 τὴν
1499 1859 1670 1913 ἀπόπυριν
1694 1861 1873 1915 Ὀλύνθῳ,
1894 1862 1954 1901 καὶ
1969 1858 2064 1901 κατὰ
2080 1863 2138 1903 τὸν
2157 1867 2275 1918 καιρὸν

1231 1919 1349 1954 τοῦτον
1371 1917 1562 1968 ἀπέραντον
1581 1919 1710 1964 πλῆθος
1726 1917 1852 1970 ἰχθύων
1872 1921 1911 1958 ἐκ
1930 1923 1988 1967 τῆς
2006 1919 2130 1971 λίμνης
2149 1924 2196 1966 εἷς
2218 1922 2275 1960 τὸν

1231 1973 1460 2013 Ὀλυνθιακὸν
1489 1975 1686 2013 ἀναὸαίνειν
1717 1977 1888 2028 ποταμόν.
1921 1977 2026 2018 Ἔστι
2056 1979 2092 2018 δὲ
2125 1980 2275 2034 βραχὺς,

1231 2088 1334 2126 capite
1347 2086 1428 2118 duos
1451 2087 1588 2127 lapides,
1604 2088 1770 2129 splendore
1780 2089 1910 2130 quidem
1926 2092 1958 2123 et
1977 2091 2083 2125 colore
2098 2093 2276 2134 margaritis

1230 2138 1366 2178 similes,
1380 2139 1480 2179 figura
1494 2148 1570 2172 vero
1584 2141 1755 2173 rhombum
1776 2143 1956 2176 referentes.

1729 2197 1786 2230 38.

1272 2248 1472 2287 Hegesander
1503 2248 1648 2290 Delphus
1675 2250 1740 2291 ait,
1767 2252 1951 2292 Syracusios
1976 2252 2116 2294 patinam
2143 2254 2274 2295 τήγανον

1228 2298 1274 2338 (i.
1296 2307 1324 2330 e.
1346 2301 1581 2340 sartaginem)
1599 2310 1731 2342 vocare,
1747 2303 1934 2343 sartaginem
1957 2313 2050 2344 vero,
2071 2305 2274 2346 ξηροτὴγανον

1229 2350 1267 2389 (i.
1284 2359 1312 2381 e.
1328 2352 1704 2394 siccam-sartaqaetnem)
1713 2363 1723 2394 ;
1738 2362 1838 2395 eaque
1849 2363 1943 2386 causa
1953 2355 2184 2388 Theodoridam
2195 2366 2275 2398 quo-

1228 2401 1302 2432 dam
1319 2401 1350 2433 in
1368 2402 1509 2434 carmine
1521 2402 1655 2443 dixisse,

1298 2483 1332 2510 In
1352 2483 1502 2519 sartagine
1518 2477 1663 2520 (τηγάνῳ
1676 2479 1688 2520 )
1701 2484 1796 2520 probe
1811 2484 1946 2520 elixavit,
1960 2485 1992 2514 in
2007 2493 2065 2523 qua
2074 2484 2174 2515 elixati
2186 2486 2273 2516 obso—

2083 2532 2169 2562 nium
2180 2533 2272 2567 solen

1226 2593 1281 2625 uhi
1297 2593 1438 2634 patinam
1449 2617 1458 2634 ,
1470 2595 1688 2635 sarcaqinem
1702 2595 1886 2637 appellavit.

1267 2701 1469 2741 Hegesander
1491 2703 1635 2744 Delphus
1655 2704 1699 2735 ait
1724 2704 1862 2736 mullum
1878 2704 1911 2736 in
1931 2712 2047 2745 pompa
2076 2704 2272 2740 circumferri

1225 2754 1355 2785 solitum
1369 2754 1400 2785 in
1414 2754 1522 2787 Dianae
1538 2756 1739 2795 solennihus3
1756 2756 1843 2796 quod
1859 2757 1982 2797 lepores
1991 2757 2141 2797 marinos,
2155 2757 2210 2797 qui
2226 2757 2272 2790 le-

1225 2805 1307 2837 tiferi
1319 2806 1393 2836 sunt
1405 2830 1413 2845 ‚
1425 2809 1552 2838 strenue
1571 2807 1714 2847 persequi
1731 2808 1763 2839 et
1776 2807 1929 2839 devorare
1946 2809 2124 2848 putaretur.
2146 2810 2271 2849 ltaque,

1224 2858 1316 2898 quasi
1337 2858 1482 2890 utilitatis
1510 2859 1677 2890 hominum
1699 2868 1795 2891 causa
1811 2860 1844 2891 id
1869 2861 2004 2900 faciens,
2027 2861 2180 2892 venatrici
2202 2860 2271 2893 dem

1223 2911 1354 2941 venator
1367 2910 1462 2950 piscis
1475 2912 1679 2943 consecratus
1693 2913 1752 2943 est.

1263 3019 1463 3060 Hegesander
1476 3019 1509 3051 in
1523 3021 1766 3053 commentariis
1786 3020 1831 3052 ita
1845 3020 1977 3052 scribit:
1996 3033 2010 3048 a
2033 3021 2125 3053 Circa
2144 3023 2269 3062 Apollo·

1223 3071 1308 3103 niam
1319 3071 1532 3103 Chalcidicam
1543 3071 1607 3103 duo
1622 3071 1726 3103 ssuunt
1735 3071 1793 3103 rivi
1803 3095 1812 3111 ‚
1827 3071 1982 3103 Ammites
1995 3074 2026 3103 et
2036 3072 2243 3112 Olynthiacus
2259 3086 2267 3106 :

1224 3130 1362 3162 quorum
1380 3123 1516 3161 uterque
1531 3122 1563 3153 in
1582 3122 1701 3154 Bolben
1718 3122 1822 3154 lacum
1845 3122 1957 3154 inlluit.
1981 3121 2030 3154 Ad
2041 3123 2266 3163 Olynthiacum

1225 3174 1272 3205 est
1299 3173 1432 3213 Olynthi
1449 3174 1693 3205 mouumentum
1706 3197 1715 3213 ,
1739 3173 1884 3205 Herculis
1900 3173 1955 3204 filii
1971 3175 2003 3205 et
2015 3174 2134 3206 Bolhae.
2151 3177 2267 3208 Mensi-

1225 3225 1284 3256 bus
1300 3225 1393 3264 igitur
1408 3225 1653 3256 Anthesterione
1668 3226 1700 3256 et
1717 3225 1975 3265 Elaphebolione,
1993 3227 2028 3257 ut
2041 3228 2170 3258 narrant
2182 3226 2266 3259 indi-

1224 3286 1326 3318 genae,
1343 3276 1441 3308 mittit
1453 3277 1552 3308 Bolba
1559 3277 1711 3317 apopyrin
1721 3277 1837 3317 piscem
1847 3277 1999 3317 Olyntho,
2012 3286 2114 3318 eoque
2124 3279 2268 3319 temporo

1225 3329 1378 3360 immensa
1385 3327 1520 3368 piscium
1534 3327 1746 3360 multitudoin
1755 3328 1978 3368 Olynthiacum
1994 3328 2097 3360 rivum
2111 3330 2264 3362 ascendit.

1228 3380 1281 3412 Est
1292 3380 1397 3411 autem
1407 3379 1514 3411 brevis
1526 3378 1613 3410 rivus
1624 3403 1633 3418 ,
1648 3381 1684 3411 ut
1695 3380 1878 3411 malleolum
1894 3379 1981 3420 pedis
1991 3379 2046 3411 vix
2060 3381 2145 3419 tegat
2159 3389 2242 3420 aqua
2255 3390 2263 3412 :

1226 3432 1326 3464 nihilo
1348 3441 1424 3465 vero
1448 3432 1554 3464 minus
1583 3433 1672 3465 tanta
1697 3432 1837 3465 ascendit
1859 3433 1991 3473 piscium
2017 3432 2205 3473 multitudo,
2227 3435 2264 3465 ut
