2372 3704
0 698 8 702 s
0 621 4 644 „-
0 605 7 614 .,
0 391 9 596 -.-,.-;Δ-Ὕ-ι-ω-ῃ-ι
3 367 8 379 ι»
4 288 15 299 ,-

1007 193 1341 235 FRAGMENTA.

103 281 196 317 bere
208 280 254 322 ὡς
268 277 479 329 Φανόδημος
490 278 524 317 ἐν
535 278 568 316 α’
587 278 658 330 (se.
676 277 866 329 Ἀτθίδος).
875 306 901 318 ..
918 280 1041 330 Σῆμος
1054 280 1089 317 ἔν
1104 282 1148 332 τῇ

105 335 139 375 α’
156 339 224 376 τῶν
242 338 442 384 Δηλιακῶν.
460 338 535 375 Sed
561 338 718 374 fortasse
733 345 887 387 praestat
919 351 1006 375 cum
1018 341 1151 377 Vossio

103 410 175 446 pro
195 394 406 446 Φανόδημος
419 409 604 445 reponere
627 394 843 442 Φανόδικος,
871 409 985 445 quem
998 398 1153 435 Deliaca

105 456 293 504 scripsisse
309 461 468 493 constat.
484 457 540 491 De
563 456 704 491 Hecate
723 455 764 490 in
782 455 981 491 Deliorum
998 456 1102 491 cultu
1113 469 1150 495 v.

102 514 350 553 Miiller.Dor.
362 515 394 559 Ι,
406 526 446 563 p.
458 512 522 556 34.
538 513 595 550 Cf.
608 513 787 550 Demad1s
800 513 933 563 frag-m.
944 526 983 560 2,
1000 526 1041 563 p.
1056 514 1146 561 377.

382 621 413 656 E
449 620 599 657 LIBRO
629 620 869 657 SECUNDO.

605 718 626 755 3

155 791 354 826 Athenaeus
368 790 469 836 XIV,
488 802 527 838 p.
542 788 632 836 645,
650 788 679 826 Β
699 801 707 825 :
729 789 850 837 Σῆμος
864 788 898 825 ἓν
919 787 1067 840 δευτέρῳ
1083 790 1153 835 Δη·

103 846 218 890 λιάδος
236 865 251 881 «ι
283 847 343 886 Ἐν
375 850 419 899 τῇ
442 850 503 893 τῆς
526 846 678 893 Ἑκάτης
702 845 827 899 (φησὶ)
855 846 951 899 νήσῳ
970 850 1013 898 τῇ
1048 844 1153 899 Ἴριδι

104 904 222 943 θύουσι
251 904 376 951 Δήλιοι
403 903 483 948 τοὺς
505 903 669 956 βασυνίας
695 904 944 952 καλουμένους.
976 903 1082 944 Ἔστι
1117 904 1152 942 δὲ

103 962 204 1016 ἑφθὸν
220 962 361 1015 πύρινον
376 968 477 1007 σταῖς
496 962 556 1001 σὺν
578 961 703 1013 μέλιτι,
721 962 781 1001 καὶ
795 962 839 1001 τὰ
852 962 1052 1014 καλούμενα
1069 962 1151 1001 κόκ-

102 1037 222 1074 κωρα,
243 1020 345 1074 ἰσχὰς
361 1021 421 1060 καὶ
440 1021 555 1074 κάρυα
571 1021 664 1074 τρία.
690 1039 706 1055 ι»

155 1170 258 1206 Idem
268 1170 337 1214 III,
349 1181 390 1217 p.
412 1168 485 1205 123
500 1195 511 1214 ,
522 1170 557 1204 D
579 1179 587 1206 :
604 1168 724 1217 Σῆμος
739 1167 767 1205 δ’
784 1169 802 1205 ὃ
816 1166 941 1213 Δήλιος
953 1168 986 1205 ἐν
1004 1166 1152 1220 δευτέρῳ

103 1225 281 1272 Νησιάδος
306 1226 401 1276 (scr.
425 1225 615 1277 Δηλιάδος)
639 1227 672 1263 ἐν
696 1224 857 1277 Κιμώλῳ
877 1228 919 1276 τῇ
940 1225 1037 1278 νήσῳ
1067 1225 1151 1277 φησὶ

105 1285 237 1337 ψυχεῖα
263 1284 540 1323 κατεσκευάσθαι
569 1283 685 1336 θέρους
719 1283 868 1336 ὀρυκτὰ,
904 1283 985 1322 ἔνθα
1011 1285 1152 1336 χλιεροῦ

102 1343 224 1387 ὕδατος
252 1342 371 1395 πλήρη
392 1342 547 1396 κεράμια
572 1342 779 1386 καταθέντες
809 1341 1010 1393 κομίζονται
1039 1342 1154 1395 χιόνος

102 1401 198 1440 οὐδὲν
218 1401 380 1455 διάφορα.
611 1454 633 1490 5

153 1524 262 1560 Idem
288 1525 401 1574 VIII,
420 1536 461 1572 p.
482 1522 579 1566 335,
601 1525 634 1560 A
653 1535 662 1561 :
684 1521 756 1561 Καὶ
787 1521 855 1574 γὰρ
875 1523 914 1573 ἐν,
939 1521 1047 1574 Δήλῳ
1068 1520 1153 1574 φησὶ

103 1582 224 1631 Σῆμος
243 1584 262 1620 ὁ
278 1580 406 1627 Δήλιος
426 1583 461 1619 ἐν
481 1580 631 1634 δευτέρῳ
649 1580 823 1628 Δηλιάδος
836 1609 846 1627 ,
869 1581 951 1619 ὅταν
977 1579 1085 1618 θύωσι
1108 1583 1151 1633 τῇ

101 1640 219 1691 Βριζοῖ
245 1638 352 1689 (αὕτη
370 1639 407 1678 δέ
424 1641 516 1677 ἐστιν
533 1642 555 1685 ἡ
575 1641 611 1677 ἐν
633 1638 730 1692 ὕπνῳ
749 1638 892 1688 μάντις·
929 1639 1056 1691 βρίζειν
1073 1638 1108 1677 δὲ
1121 1640 1153 1677 οἱ

102 1699 244 1750 ἀρχαῖοι
265 1697 405 1749 λέγουσι
416 1697 457 1736 τὸ
473 1699 651 1738 καθεύδειν
663 1713 672 1722 ·

182 1779 279 1812 Ἔνθα
295 1779 322 1812 δ’
337 1770 552 1822 ἀποὸρίξαντες
569 1780 733 1821 ἐμείναμεν
749 1779 816 1811 Ἠῶ
835 1780 902 1811 δῖαν
919 1779 940 1820 )·

100 1841 210 1894 ταύτῃ
231 1837 289 1881 οὖν
304 1841 387 1881 ὅταν
401 1841 527 1881 θύωσιν
539 1844 575 1881 αἱ
589 1842 776 1892 Δηλιάδες,
789 1841 1044 1894 προσφέρουσιν
1063 1844 1151 1893 αὐτῆ

101 1900 257 1954 σκάψας,
274 1901 415 1940 πάντων
428 1900 572 1954 πλήρεις
589 1902 745 1952 ἀγαθῶν,
761 1899 853 1947 πλὴν
869 1900 1013 1953 ἰχθύων,
1034 1899 1091 1938 διὰ
1111 1899 1150 1938 τὸ

102 1958 265 2012 εὔχεσθαι
287 1960 399 2012 ταύτῃ
416 1959 496 2010 περί
509 1975 546 1998 τε
564 1959 716 2011 [ἄλλων]
737 1958 877 1997 πάντων
907 1958 967 1996 καὶ
987 1958 1073 2011 ὑπὲρ
1092 1961 1154 2006 τῆς

101 2020 170 2056 τῶν
192 2018 324 2057 πλοίων
341 2017 529 2071 σωτηρίας.

410 2111 439 2146 E
467 2110 618 2146 LIBRO
644 2108 842 2146 TERTIO.

579 2202 617 2242 5.
641 2216 675 2239 a.

154 2272 310 2308 Photius
324 2273 416 2310 Lex.
435 2285 443 2308 :
465 2270 662 2325 Πράμνειος
675 2264 763 2315 οἶνος
774 2285 782 2294 ·
798 2272 921 2321 Σῆμος
936 2272 954 2309 ὁ
969 2270 1095 2318 Δήλιος
1114 2271 1149 2308 ἐν

143 2440 258 2471 semus
273 2439 413 2471 secundo
436 2440 516 2472 libro
530 2440 694 2472 Deliadis:
717 2452 732 2467 «
747 2442 785 2472 In
801 2440 928 2472 Hecatae
943 2440 1047 2472 insula
1057 2465 1066 2480 ‚
1087 2441 1149 2479 ait,

101 2490 176 2523 1ridi
195 2491 375 2522 sacrificant
387 2492 485 2532 Delii,
498 2492 668 2524 offerentes
685 2492 845 2532 hasym'as
859 2501 938 2532 quos
951 2493 1078 2524 vocant.
1097 2493 1151 2524 Est

101 2543 209 2574 autem
224 2544 316 2574 cocta
336 2542 461 2574 triticea
474 2542 574 2574 farina
594 2552 668 2575 cum
686 2544 798 2583 melle,
815 2545 847 2576 et
859 2552 932 2584 quae
946 2552 1084 2576 coccora
1096 2553 1152 2576 vo-

103 2595 231 2634 cantur,
245 2594 349 2626 carica
367 2596 400 2627 et
413 2603 512 2627 nuces
527 2596 603 2627 tres.
617 2608 633 2623 υ

143 2715 256 2747 semus
276 2714 416 2747 secundo
430 2715 511 2748 libro
531 2715 671 2748 Deliadis
693 2717 822 2757 scribit,
845 2717 878 2749 in
898 2717 1003 2749 insula
1027 2717 1152 2750 Cimolo

100 2776 157 2807 per
175 2769 319 2800 aestatem
336 2768 510 2808 frigidarias
531 2777 642 2809 specus
657 2769 772 2808 effodi,
790 2769 822 2801 in
839 2770 954 2810 quibus
981 2771 1152 2810 postquam

101 2828 194 2861 aquae
206 2821 344 2861 tepentis
359 2821 451 2861 plena
464 2821 549 2853 dolia
563 2823 793 2863 reposuerunt,
808 2822 920 2855 eadem
940 2822 1055 2855 deinde
1070 2823 1151 2855 reci-

102 2873 193 2914 piunt
209 2874 288 2905 nihil
301 2883 320 2906 a
332 2874 404 2907 nive
417 2873 608 2907 differentia.

142 2984 180 3014 ln
197 2983 276 3016 Delo
292 2984 416 3025 insula,
440 2985 477 3017 ut
498 2985 609 3017 scribit
637 2987 750 3017 Semus
765 2986 875 3018 Delius
902 2986 1043 3018 secundo
1070 2986 1152 3018 libro

101 3034 269 3075 Deliados,
289 3044 390 3075 quum
407 3045 495 3068 sacra
522 3037 644 3068 faciunt
669 3038 785 3077 Brizoi',
811 3046 885 3078 quae
908 3039 955 3069 est
982 3039 1072 3070 vates
1096 3047 1153 3078 per

105 3093 255 3117 somnum
269 3087 361 3126 (narn
372 3087 482 3129 βρίζειν
496 3089 621 3120 veteres
636 3087 788 3120 dormire
804 3088 974 3129 dixerunt;
992 3093 1029 3121 ut

90 3203 92 3208 Ι
137 3168 181 3196 lbi
192 3176 286 3205 quum
299 3169 514 3200 dormissemus
527 3165 762 3208 (ἆποὸρίξαντες
772 3168 783 3208 )
793 3172 893 3202 divam
911 3173 1152 3210 exspectabamus

967 3228 1107 3249 auroram
1120 3223 1129 3254 )
1142 3230 1150 3247 ξ

102 3282 178 3314 huic
190 3283 285 3325 igitur
295 3295 396 3327 quum
415 3295 507 3319 sacra
522 3287 644 3321 faciunt
669 3289 808 3322 Deliacae
825 3290 991 3329 mulieres,
1009 3289 1151 3322 offerunt

102 3334 130 3366 ei
144 3336 311 3376 scaphulas
324 3337 415 3370 bonis
430 3338 527 3371 rebus
539 3339 680 3378 cujusvis
696 3340 819 3380 generis
844 3341 992 3379 refertas,
1015 3341 1153 3381 piscibus

102 3387 244 3428 exceptis
270 3401 278 3420 :
303 3389 379 3421 vota
404 3390 490 3422 enim
515 3390 636 3424 faciunt
661 3391 735 3424 huic
753 3401 855 3433 quum
882 3392 1016 3424 aliarum
1045 3400 1153 3424 rerum

2172 211 2248 244 ⁴93

1212 281 1321 335 τρίτῳ
1336 283 1372 320 ἐν
1392 277 1416 329 ἧ
1443 283 1503 321 καὶ
1520 285 1538 321 ὁ
1560 283 1837 345 πράγμωνβοῐ.
1860 287 1896 324 ἐν
1911 287 2043 342 Ἰκάρῳ
2063 290 2255 343 Πράμνον)

1214 338 1346 392 πέτραν
1365 324 1473 388 εἶναι,
1497 343 1556 391 ἀφ’
1569 345 1610 388 ἦς
1629 341 1685 379 τὸν
1700 346 1787 382 οἶνον
1809 338 1909 385 εἶναι.

1265 400 1400 436 Suidas
1417 413 1425 436 :
1443 399 1624 451 Πράμνιος
1638 393 1739 444 οἶνος.
1750 431 1774 440 ..
1790 403 1835 441 Σ.
1855 404 1873 439 ὁ
1888 403 2016 450 Δήλιος
2032 407 2066 443 ἐν
2079 406 2125 457 γ’,
2146 409 2180 445 ἐν
2194 409 2259 447 Νι-

1211 455 1272 516 κίᾳ
1296 458 1394 507 (lege
1413 456 1563 509 Ἰκάρῳ)
1590 457 1759 510 Πράμνον
1780 459 1908 511 πέτραν
1921 455 2031 512 εἶναι,
2051 465 2110 516 ἀφ’
2139 460 2180 511 ἧς
2198 465 2258 504 τὸν

1211 517 1300 552 οἶνον
1316 508 1417 554 εἶναι.
1434 517 1643 553 Fluxerunt
1660 518 1740 554 haec
1757 531 1803 555 ex
1831 521 2001 556 Athenaei
2020 523 2118 559 libro
2130 552 2140 570 ,
2162 526 2258 562 inte-

1212 575 1338 623 griore
1351 575 1417 610 illo
1437 587 1553 622 quam
1571 587 1683 624 quem
1703 589 1773 612 nos
1792 577 1988 614 habemus.

1265 634 1466 670 Athenaeus
1482 635 1520 684 Ι,
1540 647 1579 683 p.
1607 634 1655 671 30
1667 663 1677 681 ,
1695 636 1723 671 C
1745 648 1753 673 :
1774 629 1874 673 Εἶναι
1892 634 1960 687 γὰρ
1979 638 2014 674 ἐν
2030 636 2161 691 Ἰκάρῳ
2174 639 2259 692 φησὶ

1213 692 1334 741 Σῆμος
1351 691 1521 744 Πράμνον
1538 691 1684 743 πέτραν,
1698 691 1758 746 καὶ
1772 693 1856 745 παρ’
1876 695 1964 745 αὐτῇ
1979 693 2055 747 ὅρος
2072 696 2176 747 μέγα,
2199 699 2258 750 ἀφ’

1212 744 1252 787 οῧ
1265 749 1323 787 τὸν
1338 748 1520 802 Πράμνιον
1535 743 1639 796 οῗνον,
1658 750 1695 788 ὃν
1706 751 1766 788 καὶ
1786 751 2010 804 φαρμακίτην
2023 753 2117 797 τινὰς
2129 757 2259 793 καλεῖν.

1266 811 1471 859 Sumpsisse
1485 811 1565 865 haec
1583 811 1782 847 Athenaeus
1797 812 1948 848 videtur
1968 825 2014 849 ex
2031 815 2260 865 Eparchide,

1213 881 1326 917 quem
1335 869 1561 917 scriptorem
1578 881 1623 905 ex
1635 882 1713 905 uno
1731 871 1907 906 novimus
1926 872 2122 909 Athenaeo.

1505 979 1535 1014 E
1563 979 1713 1016 lezo
1742 980 1960 1026 QUARTo.

1718 1077 1755 1114 6.
1780 1081 1782 1084 ·

1264 1161 1400 1198 Athen.
1414 1162 1478 1206 IV,
1493 1173 1534 1209 p.
1553 1161 1638 1207 173,
1654 1163 1684 1197 E
1705 1174 1712 1197 :
1731 1161 1850 1210 Σῆμος
1865 1161 1895 1198 δ’
1914 1161 1948 1199 ἓν
1959 1160 2114 1214 τετάρτῳ
2124 1163 2261 1209 Δηλιά-

1212 1218 1266 1262 δος
1287 1236 1303 1252 «
1329 1220 1474 1270 Δελφοῖς
1503 1218 1627 1271 (φησὶ)
1665 1219 1953 1269 παραγινομένοις
1980 1221 2027 1264 εἷς
2054 1222 2167 1267 Δῆλον
2187 1237 2262 1259 πα-

1214 1278 1327 1328 ρεῖχον
1359 1277 1482 1323 Δήλιοι
1516 1276 1603 1320 ἅλας
1622 1276 1682 1314 καὶ
1702 1276 1776 1321 ὅξος
1794 1276 1854 1315 καὶ
1874 1277 1989 1315 ἔλαιον
2010 1278 2070 1317 καὶ
2095 1277 2179 1323 ξύλα
2200 1279 2262 1318 καὶ

1213 1334 1420 1387 στρώματα.
1450 1353 1464 1368 1·
1495 1337 1586 1384 Quae
1621 1345 1832 1385 sequuntur
1864 1339 1953 1374 vide
1981 1339 2020 1373 in
2051 1340 2263 1375 Aristotelis

1212 1395 1346 1443 fragm.
1388 1395 1476 1444 198,
1494 1397 1669 1454 tom311,
1687 1408 1727 1444 p.
1758 1396 1843 1438 164.
1862 1396 1918 1434 Cf.
1938 1397 2087 1435 Miiller.
2111 1399 2202 1434 Dor.
2225 1400 2262 1444 I,

1211 1466 1253 1501 p.
1275 1453 1366 1501 259.

1725 1525 1762 1558 7.

1266 1588 1322 1626 Id.
1336 1589 1421 1637 XV,
1440 1601 1479 1636 p.
1499 1587 1591 1634 677,
1610 1589 1643 1624 A
1661 1600 1669 1623 :
1690 1587 1836 1638 Πρῶτος
1856 1588 1890 1625 ἓν
1911 1588 1981 1631 τοῖς
1999 1584 2157 1634 “En-0⁶2
2178 1588 2263 1626 στέ-

1214 1660 1320 1697 φανος
1331 1645 1519 1696 ὠνομάσθη
1533 1674 1542 1692 ,
1561 1644 1607 1688 ὥς
1625 1660 1711 1697 φησι
1731 1647 1852 1694 Σῆμος
1874 1647 1891 1682 ὁ
1909 1645 2035 1693 Δήλιος
2054 1647 2090 1684 ἓν
2105 1646 2262 1700 τετάρτῳ

1213 1703 1407 1751 Δηλιάδος,
1432 1703 1472 1742 τὸ
1510 1702 1609 1755 παρὰ
1642 1701 1705 1754 μὲν
1732 1705 1817 1753 ἡμῖν
1842 1703 1979 1757 στέφος,
2012 1704 2109 1755 παρὰ
2139 1705 2176 1743 δέ
2194 1721 2264 1743 τισι

1213 1762 1355 1812 στέμμα
1378 1761 1737 1815 προσαγορευόμενον,
1764 1762 1816 1800 διὸ
1832 1763 1892 1801 καὶ
1904 1763 2016 1817 τούτῳ
2037 1764 2165 1817 πρώτῳ
2185 1779 2263 1801 στε-

1214 1821 1459 1874 φανωσάμενοι
1479 1820 1636 1871 δεύτερον
1657 1821 1901 1873 περιτιθέμεθα
1921 1821 1979 1861 τὸν
1999 1822 2172 1876 δάφνινον.
2188 1821 2262 1861 Κέ-

1214 1882 1342 1927 κληται
1362 1878 1397 1918 δὲ
1417 1879 1583 1933 στέφανος
1600 1879 1670 1918 ἀπὸ
1683 1883 1743 1918 τοῦ
1760 1879 1913 1933 στέφειν.

1516 1991 1544 2024 Ε
1572 1989 1725 2026 LlssRo
1754 1990 1955 2037 QUINTO.

1717 2074 1755 2113 8.

1267 2154 1375 2190 Idem
1394 2156 1498 2200 XIV,
1522 2167 1560 2203 p.
1585 2154 1679 2199 614,
1698 2154 1727 2190 A
1754 2167 1763 2190 :
1782 2151 2029 2204 Παρμενίσκος
2049 2151 2084 2190 δὲ
2102 2154 2119 2191 ὃ
2140 2154 2262 2191 Μετα-

1214 2217 1370 2256 ποντῖνος
1386 2241 1396 2261 ,
1426 2210 1472 2254 ὥς
1499 2227 1583 2264 φησι
1610 2213 1731 2261 Σῆμος
1759 2212 1793 2248 ἐν
1814 2210 1966 2263 πέμπτῳ
1988 2210 2179 2259 Δηλιάδος,
2198 2210 2261 2249 καὶ

1213 2270 1304 2322 γένει
1324 2269 1384 2308 καὶ
1403 2268 1544 2323 πλούτῳ
1562 2269 1766 2322 πρωτεύων,
1790 2271 1837 2313 εἷς
1855 2269 2062 2322 Τροφωνίου
2084 2269 2261 2321 καταὸὰς,

1211 2382 1356 2414 omnium
1378 2390 1493 2422 rausa,
1509 2384 1579 2414 tum
1603 2390 1660 2422 pro
1681 2381 1908 2413 conservandis
1932 2381 2074 2422 ipsorum
2094 2381 2263 2414 naviculis.

1702 2438 1723 2470 5
1739 2445 1771 2471 a.

1252 2495 1366 2526 semus
1382 2493 1493 2525 Delius
1514 2493 1547 2524 in
1564 2494 1658 2524 tertio
1670 2492 1714 2524 ait
1732 2492 1764 2524 in
1779 2495 1869 2525 Icaro
1882 2493 1986 2525 insula
1999 2501 2066 2525 esse
2087 2494 2265 2525 Pramnum

1211 2546 1391 2586 scopulum,
1407 2554 1426 2577 a
1439 2554 1503 2586 quo
1514 2544 1625 2576 vinum
1640 2545 1825 2577 Pramnium
1836 2545 1973 2576 dicatur.

1252 2599 1329 2629 Esse
1348 2598 1380 2628 in
1396 2600 1487 2629 Icaro
1510 2599 1624 2629 Semus
1642 2597 1686 2628 ait
1706 2599 1882 2628 Pramnum
1906 2596 2093 2637 scopulum,
2108 2595 2266 2636 juxtaque

1212 2658 1286 2681 eum
1299 2651 1443 2682 montem
1456 2649 1630 2690 spatiosum
1640 2673 1648 2689 ,
1663 2649 1748 2681 unde
1760 2649 1946 2681 Pramnium
1956 2649 1997 2681 sit
2011 2647 2121 2680 vinum
2134 2647 2221 2689 quod
2233 2647 2266 2679 et

1212 2701 1422 2734 medicatum
1440 2710 1459 2733 a
1474 2701 1638 2733 nonnullis
1654 2700 1848 2732 nominetur.

1723 2756 1758 2789 6.

1254 2812 1368 2843 Semus
1378 2811 1493 2851 quarto
1507 2809 1647 2842 Deliadis
1663 2809 1707 2840 ait
1726 2821 1733 2840 :
1752 2821 1767 2836 «
1786 2807 1916 2849 Delphis
1929 2807 2045 2840 Delum
2061 2806 2265 2839 venientibus

1212 2862 1420 2904 praebuerunt
1447 2861 1528 2894 Delii
1552 2861 1651 2893 salem
1671 2861 1703 2892 et
1726 2863 1854 2892 acetum
1878 2861 1911 2892 et
1941 2860 2048 2892 oleum
2065 2860 2097 2891 et
2120 2859 2204 2900 ligna
2231 2859 2264 2891 et

1212 2915 1363 2956 stragula.
1383 2927 1399 2943 »
1445 2926 1451 2931 ·

1719 2968 1753 3000 7.
2259 2991 2275 3004 .,

1259 3026 1391 3056 Corona
1414 3022 1599 3063 (στέφανος)
1617 3021 1699 3062 apud
1720 3023 1868 3060 GraecoS,
1883 3024 1923 3053 ut
1948 3019 1993 3052 ait
2010 3021 2123 3052 semus
2153 3018 2263 3051 Delius

1213 3078 1329 3116 quarto
1343 3077 1424 3108 libro
1434 3075 1573 3107 Deliadis
1582 3100 1590 3114 ,
1606 3075 1744 3115 primum
1755 3073 1958 3106 nominatum
1971 3074 2019 3105 est
2032 3073 2064 3104 id
2076 3072 2163 3113 quod
2177 3071 2263 3112 apud

1213 3137 1272 3159 nos
1306 3128 1414 3168 στέφος
1452 3126 1674 3166 (velamen),
1700 3126 1784 3167 apud
1818 3125 1991 3157 nonnullos
2026 3133 2104 3156 vero
2138 3123 2260 3163 στέμμα

1214 3180 1375 3220 (insula,
1397 3180 1667 3219 victa)vocatur.
1693 3181 1800 3216 Quare
1824 3178 1918 3210 etiam
1941 3178 2003 3209 hoc
2026 3177 2128 3217 primo
2145 3175 2259 3214 cincti,

1213 3231 1328 3263 deinde
1346 3231 1476 3263 demum
1492 3231 1635 3262 lauream
1655 3229 1861 3270 imponimus.
1890 3228 2140 3261 Nominatus—est
2151 3227 2261 3257 autem

1217 3283 1365 3323 στέφανος
1375 3306 1384 3323 ,
1397 3291 1416 3313 a
1438 3282 1536 3314 verbo
1552 3282 1674 3323 στέφειν
1689 3281 1700 3322 (
1713 3283 1840 3321 ωροτε,
1860 3279 1995 3315 velare,
2011 3280 2144 3318 cinyere
2154 3277 2177 3315 ).

1720 3336 1757 3368 8.

1259 3392 1483 3426 Parmeniscus
1514 3391 1755 3433 Metapontinus
1783 3389 1795 3431 (
1816 3390 1854 3422 ut
1883 3388 1981 3421 tradit
2011 3388 2125 3420 semus
2149 3384 2262 3425 quinto
