2326 3724
111 240 191 271 27ss

111 320 361 374 παραδίδωσιν.
383 318 499 372 “Oi-:sp
516 319 679 358 ἁπάντων
690 322 758 358 τῶν
776 319 843 358 ὑπὸ
862 319 1052 359 Ἰουστίνου
1068 335 1157 372 πρα-

112 381 263 432 χθέντων
281 378 379 432 παρὰ
396 378 453 417 τὸν
474 382 535 425 τ’ἦς
555 378 734 431 βασιλείας
747 379 870 431 χρόνον
887 377 1027 431 ἄριστόν
1042 394 1079 416 τε
1099 377 1159 416 καὶ

113 442 145 482 ἐς
173 438 216 476 τὰ
246 438 400 488 μάλιστα
434 437 605 490 σωτήριον
638 437 833 488 βουλευθὲν,
854 437 1027 476 πλείστων
1049 436 1159 475 αἴτιον

114 499 252 549 ἀγαθῶν
266 503 335 541 τοῖς
352 496 541 548 Ῥωμαίων
560 496 680 548 γέγονε
699 496 896 549 πράγμασι.
911 495 1159 549 Βουλευομένῳ

114 557 148 594 δὲ
168 555 321 610 Τιὸερίῳ
351 556 395 594 τὰ
425 554 580 607 παρόντα
607 555 811 608 ἐρρωμένως
831 555 943 594 ἐδόκει
970 558 1039 593 τῶν
1065 570 1158 606 πρα-

116 616 262 667 γμάτων
283 614 548 661 ἀντιλαὸέσθαι,
566 613 615 663 μὴ
636 614 697 652 καί
715 629 747 652 τι
764 614 878 667 ἕτερον
897 613 1084 660 ἀνήκεστον
1103 613 1161 663 γέ-

114 690 216 722 νηται
223 703 295 714 .....
313 673 446 721 σώζειν,
464 673 523 712 καὶ
535 672 596 716 τὰς
609 673 719 724 ὁρμὰς
736 672 827 724 ....ρξ
843 671 878 711 δὲ
893 672 1003 725 ταύτῃ
1023 671 1159 710 δοκούν-

113 749 197 783 των,
235 733 402 786 πρότερον
439 731 569 774 ...εικὲς
601 730 783 783 Θεόδωρον
822 733 890 769 τῶν
926 733 960 769 ἐν
996 729 1160 782 Ἀρμενίᾳ

113 791 330 844 πραγμάτων
356 789 591 842 ἡγησάμενον,
620 789 753 832 πολλάς
788 805 825 827 τε
860 788 921 827 καὶ
947 788 1066 840 ἑτέρας
1097 789 1160 826 οὐκ

114 851 254 902 ἀφανεῖς
281 848 390 901 ἀρχὰς
409 848 691 898 διοικησάμενον,
718 847 821 898 λόγου
847 863 885 885 τε
903 848 1031 890 ἱκανῶς
1056 845 1160 896 μετέ-

113 923 222 960 χοντα
253 908 312 946 καὶ
334 907 372 946 τὸ
391 906 465 945 δέον
484 908 631 944 συνιδεῖν
652 900 689 944 εὖ
720 906 817 955 μάλα
844 905 1085 955 δεδυνημένον,
1114 906 1160 948 ὡς

114 967 191 1011 τοὺς
211 966 406 1019 βαρὸάρους
426 966 616 1016 ἐκπέμπει,
648 964 740 1002 κατὰ
765 967 868 1002 τοῦτο
889 962 930 1009 δὴ
961 962 1001 1000 τὸ
1020 978 1160 1013 νενομι-

117 1026 240 1077 σμένον
262 1026 306 1064 τοί
331 1041 369 1063 τε
390 1025 476 1077 ἀμφ’
505 1025 607 1062 αὐτὸν
631 1022 833 1076 πραχθέντα
863 1023 991 1068 δηλῶν,
1022 1021 1083 1059 καὶ
1103 1020 1160 1059 τὸν

115 1084 278 1138 Χοσρόην
306 1085 339 1128 ἐς
365 1083 555 1134 διαλλαγὰς
589 1081 794 1134 προτρέπων
831 1080 932 1119 ἴέναι.
959 1081 1090 1133 Μικρῷ
1125 1079 1162 1118 δὲ

115 1144 257 1195 ὕστερον
276 1142 336 1180 καὶ
361 1144 393 1186 ἐς
414 1142 477 1189 τὴν
497 1141 587 1179 ἑώαν
611 1139 777 1183 ὡσαύτως
793 1138 968 1189 ἐκπέμπει
988 1137 1081 1177 κατὰ
1098 1138 1161 1176 τά-

114 1218 175 1254 χος
195 1201 436 1241 Ἰουστινιανὸν
452 1204 510 1239 τοῦ
529 1202 712 1251 Γερμανοῧ
727 1199 837 1236 παῖδα
853 1227 862 1245 ,
882 1203 951 1241 τοῖς
966 1195 1162 1247 πατρικίοις

115 1264 175 1307 τῆς
204 1259 398 1310 συγκλήτου
425 1260 552 1311 βουλῆς
582 1255 938 1309 ἐγκαταλελεγμένον,
972 1255 1162 1308 ἐπιτρέψας

116 1381 192 1414 pore
213 1371 292 1413 egit,
313 1371 408 1403 rebus
425 1371 574 1403 Romanis
592 1370 766 1401 multarum
783 1368 958 1400 utilitatum
976 1376 1070 1399 causa
1093 1368 1162 1399 fuit.

116 1425 302 1457 Deliberans
315 1425 423 1455 autem
442 1422 482 1454 de
502 1421 647 1463 praesenti
666 1421 812 1453 Tiberius
832 1422 940 1452 Caesar
959 1419 1082 1459 statuit,
1104 1420 1164 1450 sor-

115 1477 190 1508 titer
204 1475 433 1516 rempublicam
447 1483 623 1515 capessere,
637 1473 765 1514 nequid
781 1473 866 1504 ultra
876 1471 1031 1512 flagitium
1045 1470 1164 1503 accide-

117 1530 214 1560 ren...
227 1536 353 1559 servare
363 1551 372 1567 ‚
387 1528 484 1566 atque
497 1526 635 1564 impetus
652 1524 863 1555 barbarorum
876 1522 1087 1563 comprimere
1091 1544 1162 1554 ......

118 1582 164 1612 sic
178 1581 270 1619 visis,
285 1580 411 1620 prius...
426 1578 629 1611 Theodorum
654 1577 814 1617 legionum
835 1584 890 1616 per
906 1575 1089 1608 Armeniam
1103 1574 1164 1605 du-

117 1643 204 1672 cem,
223 1633 399 1672 multisque
411 1631 481 1663 aliis
492 1630 648 1671 imperiis,
672 1638 776 1669 neque
795 1628 984 1669 ignobilibus
999 1628 1080 1667 illis,
1094 1627 1166 1658 sun-

117 1690 204 1718 ctum
215 1710 224 1725 ,
240 1686 359 1726 quique
368 1684 513 1716 doctrina
523 1683 693 1715 liberaliter
707 1681 848 1713 imbutus
860 1681 937 1721 quid
952 1681 1033 1712 esset
1048 1689 1089 1712 ex
1105 1688 1165 1711 usu

118 1740 294 1779 intelligere
311 1738 431 1779 optime
447 1737 588 1778 poterat,
603 1736 685 1776 legat
703 1735 743 1766 ad
754 1734 925 1773 barbaros,
945 1734 982 1765 ut
989 1734 1083 1773 juxta
1093 1742 1165 1764 con-

119 1793 320 1825 suetudinem
331 1791 510 1832 principum
521 1799 593 1830 quae
605 1789 646 1820 ibi
658 1789 835 1820 evenissent
842 1788 1031 1828 signiticaret
1039 1812 1048 1827 ‚
1062 1786 1167 1826 adque

119 1846 315 1878 simultatem
341 1842 594 1884 componendam
626 1842 799 1874 Ciiosroem
826 1841 1022 1872 hortaretur.
1056 1839 1167 1871 Paullo

121 1897 279 1938 postitem
304 1897 337 1928 in
359 1895 522 1928 Orientem
542 1893 709 1926 confestim
733 1893 831 1924 mittit
850 1891 1067 1924 Justinianum
1089 1893 1166 1924 Ger-

122 1949 208 1981 mani
223 1949 324 1980 filinm
335 1972 343 1987 ,
359 1947 531 1980 Patricium
545 1946 577 1977 in
593 1945 737 1976 ordinem
757 1944 952 1976 senatorium
968 1945 1164 1983 cooptatum.

123 2002 202 2034 Huic
219 1999 524 2033 administrationem
537 1999 635 2031 totius
646 1997 719 2030 belli
737 1991 903 2038 permittit.
924 1997 1000 2028 Erat
1013 1998 1031 2028 J
1035 1995 1167 2028 ustinia-

652 229 868 270 JOANNIS
899 228 1294 269 EPlPHANIENSlS
1333 228 1715 268 FRAGMENTUM.

1225 318 1319 370 αὐτῷ
1331 317 1393 363 τὴν
1405 316 1488 365 ὅλην
1498 320 1558 355 τοῦ
1575 316 1729 367 πολέμου
1744 316 1926 363 διοίκησιν,
1948 316 2056 370 ἄνδρα
2070 322 2140 361 τοῖς
2153 318 2264 356 πολε-

1223 381 1335 426 μικοῖς
1351 377 1481 426 ἀγῶσιν
1493 375 1723 429 ἐντραφέντα,
1736 375 1874 422 ἡλικίας
1893 374 1927 413 δὲ
1941 377 1973 419 ἐς
1992 379 2094 414 τοῦτο
2110 375 2240 423 ἥκοντα
2251 407 2262 427 ,

1221 438 1267 480 ὡς
1282 436 1371 486 μήτε
1384 436 1441 475 διὰ
1456 437 1614 484 νεότητος
1633 437 1834 489 προπετείᾳ,
1850 436 1938 487 μήτε
1953 435 2009 474 διὰ
2028 436 2143 488 γήρως
2158 440 2264 476 ἀσθε-

1221 495 1296 547 νείᾳ
1316 510 1349 533 τι
1363 496 1554 548 σφαλῆναι.
1578 495 1818 538 Ἰουστινιανὸς
1837 494 1899 545 μὲν
1910 489 1967 533 οὖν
1988 493 2080 532 κατὰ
2096 493 2159 541 τὴν
2175 495 2264 533 ἑώαν

1222 555 1267 596 ὡς
1280 552 1431 605 τάχιστα
1443 553 1663 606 ἀφικόμενος,
1681 557 1742 599 τῆς
1757 556 1824 591 τῶν
1841 556 2065 605 στρατιωτῶν
2078 554 2267 604 εὐκοσμίας

1222 627 1258 649 τε
1274 611 1335 649 καὶ
1354 611 1482 656 τάξεως
1493 613 1707 662 ἐπεμελεῖτο.
1726 612 1887 665 Τιὸέριος
1901 612 1938 650 δὲ
1958 615 1975 650 ὃ
2000 615 2140 664 Καῖσαρ
2157 628 2264 666 στρα-
2304 664 2307 667 ¹

1222 669 1298 708 τιὰν
1310 671 1373 708 οὐκ
1391 670 1512 718 ὀλίγην
1531 670 1623 708 κατὰ
1643 671 1798 718 σπουδὴν
1816 668 2008 722 ἐκπέμπει,
2027 671 2086 709 καὶ
2102 670 2158 708 διὰ
2179 687 2266 709 παν-

1223 727 1278 771 τὸς
1289 730 1322 772 ἐς
1334 727 1397 775 τὴν
1417 732 1475 767 τοῦ
1489 729 1644 779 πολέμου
1667 729 1899 781 παρασκευὴν
1931 730 2107 777 ἐπονεῖτο,
2127 730 2267 782 χρημά-

1223 803 1291 824 των
1309 786 1372 837 μὲν
1390 786 1531 839 ἄπειρον
1550 788 1695 840 ἀριθμὸν
1716 788 1902 839 διανέμων,
1924 791 2146 840 στρατιωτῶν
2165 789 2202 827 δὲ
2229 789 2269 827 τὸ

1223 844 1408 896 κράτιστόν
1426 861 1464 883 τε
1483 846 1542 884 καὶ
1561 846 1814 898 μαχιμώτατον
1829 849 1864 885 ἐν
1884 853 1954 890 τοῖς
1977 847 2087 886 ἔθνεσι
2112 847 2269 899 συναγεί-

1225 919 1306 955 ρων,
1339 902 1400 941 καὶ
1417 904 1544 952 ;πάντα
1562 904 1641 942 λίαν
1662 906 1837 955 ἐπιμελῶς
1857 907 1890 949 ἐς
1916 905 1973 943 τὸν
1999 905 2180 957 ἐπείγοντα
2200 906 2269 944 πό-

1224 963 1330 1011 λεμον
1349 961 1604 1012 διανοούμενος.
1625 961 1731 1001 Οὕτω
1760 962 1795 1000 δὲ
1825 962 1955 1001 τούτων
1972 963 2175 1015 προϊόντων,
2208 963 2269 1001 καὶ

1227 1024 1285 1058 τοῦ
1316 1024 1439 1072 καιροῦ
1459 1024 1520 1068 τῆς
1538 1022 1570 1064 ἐς
1599 1020 1714 1072 ὀλίγον
1742 1020 1976 1072 γεγενημένης
2003 1023 2190 1074 ἁνακωχῆς
2209 1038 2271 1061 πε-

1227 1078 1443 1131 ραιωθέντος,
1459 1079 1598 1131 Πέρσαι
1616 1079 1677 1130 μὲν
1698 1079 1789 1118 κατὰ
1811 1080 1849 1118 τὸ
1865 1079 1983 1132 Δάρας
2005 1080 2146 1124 ἑαυτοὺς
2162 1096 2269 1120 συνα-

1224 1138 1399 1189 γείραντες
1424 1137 1693 1184 Κωνσταντίνης
1717 1138 1852 1182 πόλεως
1868 1140 2094 1191 ἀφικνοῦνται
2109 1139 2271 1188 πλησίον,

1224 1201 1284 1235 τοῦ
1304 1197 1422 1249 Δάρας
1443 1197 1650 1250 ἀφεστώσης
1669 1199 1701 1240 ἐς
1737 1197 1901 1247 δυόμενον
1917 1197 2015 1244 ἥλιον
2034 1197 2186 1242 σταδίοις
2212 1200 2269 1237 ἐν-

1225 1255 1412 1302 νενήκοντα
1431 1255 1491 1294 καὶ
1507 1255 1758 1307 τετρακοσίοις.

1225 1377 1285 1399 nus
1302 1367 1425 1399 bellicis
1453 1368 1616 1399 laboribus
1639 1367 1834 1408 innutritus,
1861 1376 1964 1408 eoque
1988 1369 2132 1408 tempore
2150 1368 2273 1408 aetatis,

1214 1420 1362 1460 rquojam
1375 1429 1435 1452 nec
1447 1420 1628 1452 temeritate
1638 1419 1772 1460 juvenili
1786 1428 1890 1460 neque
1903 1419 2089 1452 infirmitate
2101 1420 2275 1452 senectutis

1225 1471 1301 1512 quid
1330 1473 1491 1512 peccatur.
1518 1473 1567 1503 lta
1592 1472 1705 1503 itinere
1724 1471 1868 1503 celeriter
1885 1472 2030 1503 confecto
2055 1471 2089 1503 in
2107 1472 2275 1504 Orientem

1226 1532 1326 1563 quum
1343 1524 1503 1562 venisset,
1521 1523 1661 1554 militum
1685 1523 1725 1554 ad
1737 1522 1886 1554 ordinem
1911 1523 2175 1564 disciplinamque
2194 1522 2277 1556 rese!

1226 1574 1399 1606 rendorum
1413 1583 1523 1606 euram
1542 1575 1689 1615 suscepit.
1704 1575 1806 1606 Simul
1817 1574 1963 1606 Tiberius
1972 1576 2078 1607 coesar
2090 1575 2199 1616 copias
2211 1584 2277 1608 non

1227 1637 1345 1668 paucas
1357 1628 1467 1660 sedulo
1486 1627 1652 1667 submisit,
1664 1627 1705 1659 ab
1719 1628 1903 1668 bellumque
1915 1628 2101 1660 universum
2121 1628 2278 1661 instruon-

1226 1681 1303 1712 dum
1319 1682 1423 1712 totum
1439 1690 1472 1712 se
1486 1681 1590 1720 dedit,
1602 1681 1811 1720 pecuniarum
1826 1681 1855 1712 vi
1869 1681 1992 1713 infinita
2001 1681 2182 1722 distributa,
2196 1682 2276 1714 mili·

1227 1735 1312 1766 tibus
1327 1734 1516 1766 firmissimis
1540 1727 1837 1774 atque'sortissimis
1861 1743 1902 1765 ex
1923 1734 2068 1766 barbarie
2092 1735 2276 1774 conductis,

1226 1787 1376 1818 omnibus
1390 1786 1556 1826 diligenter
1569 1786 1744 1817 admodum
1760 1786 1792 1817 in
1813 1795 1928 1825 urgens
1946 1786 2067 1818 bellum
2083 1786 2276 1818 constitutis.

1229 1841 1312 1870 Dum
1329 1838 1398 1869 haee
1413 1839 1458 1869 sic
1477 1839 1642 1878 geruntur,
1659 1837 1804 1869 brevium
1822 1837 2025 1869 induciarum
2048 1839 2192 1878 tempore
2218 1847 2275 1870 ex-

1227 1893 1299 1923 acto
1309 1915 1317 1931 ‚
1334 1894 1436 1923 Persae
1451 1891 1647 1931 congregatis
1666 1891 1749 1922 circa
1760 1893 1879 1922 ›Daram
1894 1891 1992 1932 copiis
2005 1900 2103 1932 prope
2118 1893 2277 1923 Constan-

1227 1944 1326 1975 tinam
1343 1943 1519 1974 adveniunt
1527 1949 1540 1982 ,·
1558 1942 1646 1983 quod
1668 1942 1820 1982 oppidum
1834 1951 1852 1973 a
1869 1945 1953 1974 Dara
1969 1943 2274 1984 quadringentorum

1228 1995 1399 2035 nonaginta
1411 1994 1586 2027 stadiorum
1602 1994 1772 2026 intervallo
1782 1994 1980 2027 occidentem
1996 2003 2108 2027 versus
2121 1994 2275 2027 abest.....
