2372 3704
125 237 202 273 496

619 327 680 351 20.

177 393 317 430 Athen.
335 391 439 436 XIV,
459 402 500 439 p.
526 388 621 435 622,
638 390 695 425 B‘:
714 387 834 434 Σῆμος
850 383 879 422 δ’
895 385 913 422 6
929 383 1055 430 Δήλιος
1076 383 1110 420 ἐν
1125 384 1174 434 τῷ

132 450 224 502 Περὶ
243 447 398 486 παιάνων
435 447 523 486 «Οἱ
547 444 804 484 αὖτοκάὸδαλοι
829 441 951 496 (φησὶ)
967 420 1175 490 καλούμενόι

125 506 403 560 ἐστεφανωμένοι
419 507 525 557 κιττῷ
543 504 672 557 σχέδην
692 502 872 554 ἐπέραινον
895 501 1024 554 ῥήσεις.
1040 498 1175 538 ι’Υστε-

128 583 185 620 ρον
208 566 244 604 δὲ
262 565 387 616 ἴαμὸοι
402 563 660 614 ὠνομάσθησαν
680 561 779 599 αὐτοί
795 576 831 598 τε
846 559 906 598 καὶ
925 558 970 597 τὰ
990 557 1174 607 ποιήματα

127 627 255 664 αὐτων.
278 626 323 664 Οἱ
341 623 376 662 δὲ
390 622 570 675 ἰθύφαλλοι
593 619 716 674 (φησι)
731 617 939 668 καλούμενοι
955 619 1174 665 προσωπεῖον

129 682 324 732 μεθυόντων
355 681 496 732 ἔχουσι,
526 678 586 718 καὶ
606 677 884 730 ἐστεφάνωνται,
906 675 1061 727 χειρῖδας
1078 675 1173 711 ἀνθι-

127 740 188 785 νὰς
207 740 325 794 ἔχοντε
311 755 360 784 ς·
380 742 506 792 χιτῶσι
534 737 570 776 δὲ
589 740 746 790 χρῶνται
763 735 1005 786 μεσολεύκοις,
1028 731 1087 770 καὶ
1112 747 1175 769 πε-

130 799 309 852 ριέζωνται
325 803 539 851 ταραντῖνον,
557 795 733 834 καλύπτον
751 792 874 835 αὐτους
885 792 989 843 μέχρι
1007 806 1074 828 των
1089 806 1176 842 σφυ-

132 874 211 910 ρων.
230 857 321 909 Σιγῇ
343 855 378 895 δὲ
399 853 455 894 διὰ
482 858 542 893 τοῦ
558 854 714 896 πυλῶνος
731 850 958 898 εἰσελθόντες,
978 849 1060 887 ὅταν
1087 847 1178 887 κατὰ

130 916 286 967 μέσηντ
267 915 330 962 τὴν
354 913 553 967 ὀρχήστραν
572 911 764 963 γένωνται,
788 906 1052 961 ἐπιστρέφουσιν
1073 908 1121 950 εἷς
1139 905 1179 943 τὸ

129 974 288 1027 θέατρον,
305 972 477 1024 λέγοντες·

211 1057 368 1098 Ἀνάγετᾝ
387 1053 577 1096 εὐρυχωρίαν

210 1108 256 1145 τῷ
270 1105 331 1144 θεῷ
345 1105 473 1135 ποιεῖτε.

210 1151 298 1183 Ἐθέ)
300 1161 325 1181 ει
339 1150 398 1190 γὰρ
411 1150 428 1180 ὁ
442 1148 507 1184 θεὸς
521 1146 607 1189 ὀρθὸς
618 1144 834 1187 ἐσφυρωμένος

211 1198 262 1229 διὰ
280 1198 377 1238 μέσου
392 1195 539 1238 βαδίζειν.

128 1271 175 1310 Οἱ
197 1269 232 1308 δὲ
254 1268 466 1321 φαλλοφόροι
494 1265 615 1320 (φησι)
635 1268 854 1316 προσωπεῖον
882 1261 944 1314 μὲν
973 1263 1012 1300 οὗ
1036 1261 1180 1312 λαμὸά-

130 1345 247 1375 νουσι,
285 1327 473 1380 προπόλιον
498 1325 532 1364 δὲ
569 1324 602 1369 ἐξ
629 1324 802 1377 ἑρπύλλου
822 1320 1096 1374 περιτιθέμενοι,
1121 1321 1181 1358 καὶ

131 1387 235 1426 παιδέ
220 1402 349 1439 ερωτας
371 1385 488 1424 ἐπάνω
510 1383 632 1422 τούτου
671 1382 899 1427 ἐπιτίθενται,
938 1379 1107 1431 στέφανόν
1139 1395 1178 1418 τε

132 1444 273 1484 δασυν”
260 1461 320 1483 ιων
346 1443 406 1482 καὶ
426 1445 561 1481 κιττοῦ·
580 1439 732 1484 αὔνακάς
745 1456 780 1478 τε
798 1439 918 1491 περιὸε
923 1438 1092 1488 ὅλημένοι
1111 1454 1181 1476 πα-

133 1519 170 1556 ρε
156 1503 334 1556 ’ρχονται,
355 1503 386 1540 οἱ
406 1501 469 1551 μὲν
495 1502 534 1539 ἐκ
554 1499 726 1552 παρόδου,
757 1500 788 1536 οἱ
814 1498 850 1535 δὲ
881 1497 973 1536 κατὰ
994 1497 1102 1548 μέσας
1120 1495 1184 1541 τὰς

133 1561 237 1615 θύρας
253 1561 427 1614 βαίνοντες
443 1562 477 1599 ἐν
499 1560 638 1612 ῥυθμῷ,
654 1557 715 1596 καὶ
732 1556 888 1608 λέγοντες
900 1572 909 1580 ·

217 1648 282 1686 Σοὶ,
296 1646 402 1687 Βάκχε
413 1669 421 1684 ,
445 1644 535 1676 τάνδε
547 1646 669 1685 μοῦσαν
683 1642 882 1683 ἀγλαίζομεν,

219 1695 337 1726 ἁπλοῦν
357 1693 471 1734 ῥυθμὸν
486 1692 614 1732 χέοντες
627 1690 724 1730 αἰόλῳ
745 1690 851 1730 μέλει,

217 1741 342 1779 καινὰν,
356 1739 593 1779 ἀπαρθένευτον,
610 1737 646 1768 οὔ
659 1748 688 1768 τι
699 1739 766 1773 ταῖς
780 1735 874 1777 πάρος

220 1787 416 1829 κεχρημέναν
430 1785 575 1826 ᾠδαῖσιν,
590 1784 655 1816 ἀλλ’
673 1784 829 1824 ἀκήρατον

223 1833 420 1875 κατάρχομεν
438 1833 491 1864 τὸν
504 1832 611 1872 ὕμνον.

139 1899 230 1947 Εἶτα
254 1901 528 1957 προστρέχοντες
547 1900 730 1947 ἐτώθαζον,
750 1898 808 1943 οὓς
820 1898 861 1936 ἂν
875 1897 1094 1950 προέλοιντο,
1106 1895 1190 1935 στά-

141 1964 203 2010 δην
220 1962 255 2000 δὲ
275 1962 465 2014 ἔπραττον·
485 1962 503 1998 6
534 1958 570 1997 δὲ
591 1958 806 2012 φαλλοφόρος
825 1957 877 1996 ἰθὺ
903 1958 1052 2009 βαδίζων
1074 1971 1188 1994 κατα-

139 2020 305 2067 πλησθεὶς
325 2020 472 2071 αἰθάλῳ.
493 2035 510 2052 ›-

193 2083 342 2118 Horum
359 2079 545 2115 nonnulla
564 2077 749 2125 excerpsit
770 2076 898 2113 suidas
927 2089 965 2112 v.
986 2075 1123 2123 Σῆμος.
1140 2075 1186 2110 V.

141 2141 289 2178 Miiller.
312 2141 399 2177 Dor.
422 2140 460 2184 1,
483 2151 525 2187 p.
550 2141 638 2182 404.
667 2137 726 2186 11,
751 2149 793 2186 p.
821 2134 909 2181 347.
931 2134 1036 2171 Bode
1061 2132 1190 2169 Gescla.

141 2201 177 2238 d.
197 2201 287 2255 kyr.
307 2198 443 2247 passim
450 2225 458 2233 .

558 2309 776 2324 -οθᾰῌ

973 219 1221 263 SOCRATIS
1249 220 1431 262 ARGIVI

1378 340 1754 399 SOCRATES
1793 340 2134 400 ARGlVUS.

1290 452 1401 500 Diog.
1421 453 1466 490 L.
1489 453 1541 496 ΙΙ,
1562 456 1608 497 47
1635 463 1644 488 :
1668 448 1793 501 Γέγονε
1815 449 1851 488 δὲ
1875 450 2068 502 Σωκράτης
2083 449 2142 488 καὶ
2171 447 2284 503 ἔτερος

1237 508 1480 560 ἱστορικὸς,
1504 510 1537 546 Π
1550 523 1565 545 ε
1579 524 1596 560 ρ
1609 508 1790 560 ιήγησιν
1823 507 1868 547 Ἀ
1885 524 2014 560 ργους
2040 509 2283 561 γεγραφώς·

1237 566 1298 604 καὶ
1312 566 1430 616 ἄλλος,
1440 565 1713 616 περιπατητικὸς
1725 566 1876 609 Βιθυνός·
1885 566 1945 604 καὶ
1959 566 2071 619 ἕτερος
2083 566 2285 619 Ἐπιγραμ-

1239 624 1358 673 μάτων
1368 623 1524 671 ποιητής·
1536 623 1595 661 καὶ
1607 626 1624 661 6
1636 623 1981 675 Κῷος,Ἐπικλήσεις
1992 627 2077 662 θεῶν
2086 624 2282 694 γεγραφώς.

1292 687 1349 721 De
1369 686 1525 720 Socrate
1549 684 1727 733 Rhodio,
1745 684 1837 720 belli
1857 685 1977 720 civilis
1997 686 2203 733 scriptore,
2227 685 2286 721 vi·

1240 743 1362 778 dimus
1392 754 1521 790 supra.
1550 743 1689 791 Perieg
1667 745 1766 777 <resin
1791 743 1958 778 Socratis
1990 742 2166 792 Argivi(
2155 742 2220 792 (.fr
2241 741 2286 794 α)

1243 809 1381 849 praeter
1411 801 1621 848 Diogenem
1653 801 1840 848 expressis
1864 800 1990 836 verbis
2017 808 2291 838 commemorat

1240 872 1367 896 nemo.
1402 860 1640 906 Quamquam
1674 866 1761 894 sunt
1793 871 1875 906 quae
1895 858 2096 894 commode
2127 858 2177 894 ad
2206 871 2291 894 eam

1240 918 1453 953 referantur
1483 916 1550 966 (fr.
1595 916 1696 966 1-4).
1735 918 1899 954 Socratis
1932 915 2023 968 Περὶ
2055 914 2158 953 ὁσίων
2195 929 2292 966 opus

1241 978 1355 1012 semel
1391 977 1528 1012 diserte
1564 975 1633 1024 (fr.
1660 975 1723 1026 5),
1742 978 1875 1025 saepius
1902 988 2102 1025 suppresso
2131 976 2219 1011 libri
2243 977 2292 1012 ti-

1243 1037 1322 1071 tulo
1340 1035 1470 1070 laudat
1488 1035 1728 1071 Plutarchus.
1763 1037 1970 1071 Auctorem
2003 1033 2084 1081 ejus
2108 1035 2294 1082 Argivum

1243 1107 1319 1130 esse
1346 1101 1566 1143 argumenta
1601 1094 1901 1142 fragmentorum
1929 1093 2195 1141 comprobant.
2225 1093 2293 1130 Ei-

1244 1153 1331 1189 dem
1346 1154 1488 1202 Argivo
1506 1166 1593 1189 cum
1620 1154 1811 1190 Meinekio
1831 1151 1904 1200 (ad
1932 1152 2101 1201 Euphor.
2129 1165 2170 1201 p.
2198 1150 2290 1202 175)

1243 1212 1436 1247 vindicavi
1462 1212 1581 1247 libros
1611 1224 1708 1259 quos
1746 1212 1917 1248 Socrates
1950 1212 2100 1260 scripsit
2125 1210 2186 1247 Ad
2206 1211 2296 1247 Ido-

1245 1272 1393 1316 theum‚
1408 1270 1455 1306 de
1476 1283 1552 1318 quo
1569 1269 1721 1306 aliunde
1739 1283 1819 1306 non
1828 1277 1972 1316 constat
1991 1269 2058 1319 (fr.
2087 1281 2134 1305 10
2153 1276 2191 1305 et
2214 1269 2294 1318 14).

1245 1350 1296 1358 —
1315 1328 1468 1375 Subjeci
1489 1342 1572 1377 quae
1592 1329 1642 1364 ad
1659 1329 1849 1365 Socratem
1875 1329 1988 1365 Coum
2005 1327 2203 1364 referenda
2219 1339 2296 1364 esse
2347 1366 2350 1369 ,

1244 1389 1437 1433 videntur,
1470 1396 1506 1423 et
1536 1401 1619 1435 quae
1637 1388 1687 1424 ad
1707 1396 1852 1424 certum
1881 1387 2071 1435 quendam
2105 1387 2298 1423 Socratem

1245 1458 1424 1482 revocare
1456 1446 1519 1480 vix
1539 1446 1673 1493 possis.
1692 1467 1745 1472 ——
1774 1446 1951 1483 Ceterum
1969 1457 2110 1481 nomen
2136 1446 2299 1481 Socratis

1246 1506 1378 1553 saepius
1410 1512 1633 1553 corruptum
1657 1505 1696 1539 in
1715 1502 1919 1554 Ἰσοκράτης
1944 1503 2011 1552 (fr.
2040 1517 2085 1540 ιο
2115 1511 2153 1539 et
2175 1503 2242 1554 14)
2261 1511 2299 1540 et

1250 1561 1392 1614 Κράτης
1406 1561 1472 1611 (fr.
1489 1562 1508 1597 3
1522 1562 1550 1612 ).
1569 1563 1709 1599 Contra
1722 1575 1794 1610 pro
1807 1560 1999 1613 Σωκράτης
2014 1562 2171 1598 fortasse
2185 1573 2300 1610 repo-

1248 1622 1417 1658 nendum
1451 1619 1596 1671 Κράτης
1623 1621 1755 1670 fragm.
1775 1633 1824 1657 20
1844 1628 1882 1656 et
1909 1633 1967 1669 19.
1985 1621 2087 1656 Alibi
2106 1618 2299 1670 Σωκράτης

1247 1692 1366 1729 prave
1383 1681 1566 1729 scriptum
1595 1692 1668 1727 pro
1689 1676 1932 1730 Σωσικράτης.
1961 1680 2008 1716 V.
2046 1678 2182 1727 fragm.
2206 1679 2301 1715 Sosi·

1254 1739 1364 1775 cratis
1379 1737 1416 1775 5.
1435 1738 1474 1776 8.
1493 1738 1547 1775 Cf.
1568 1739 1680 1774 etiam
1700 1738 1936 1774 Anaxicratis
1959 1737 2006 1773 fr.
2025 1749 2064 1782 2,
2089 1744 2171 1774 not.

1491 1820 1804 1859 ΠΕΡΙΗΓΗΣΙΣ
1833 1819 2052 1859 ΑΡΓΟΥΣ.

1761 1909 1776 1931 1
1788 1924 1795 1931 .

1306 1966 1434 2004 Schol.
1457 1966 1570 2005 Pind.
1591 1966 1702 2013 Pyth.
1726 1966 1801 2010 ΙΙΙ,
1837 1969 1883 2008 14
1909 1978 1917 2000 :
1943 1964 1991 2002 Οἱ
2012 1962 2074 2012 μὲν
2103 1961 2300 2014 Ἀρσινόης,

1254 2024 1285 2060 οἱ
1312 2022 1348 2061 δὲ
1375 2024 1570 2076 Κορωνίδος
1602 2023 1706 2072 φασὶν
1742 2021 1847 2060 αὐτὸν
1882 2021 2139 2072 (Ἀσκληπιὸν)
2175 2014 2302 2060 εἶναι...

1257 2081 1331 2120 Καὶ
1352 2081 1549 2134 Σωκράτης
1571 2082 1668 2132 γόνον
1701 2080 1875 2133 Ἀρσινόης
1892 2080 1951 2118 τὸν
1970 2078 2180 2127 Ἀσκληπιὸν
2211 2081 2303 2118 ἄπο-

1257 2140 1385 2195 φαίνει,
1406 2141 1516 2178 παῖδα
1531 2141 1566 2178 δὲ
1590 2139 1783 2192 Κορωνίδος
1801 2137 2011 2185 εἷσποιητόν.

1758 2223 1795 2247 2.

1310 2277 1418 2314 Idem
1436 2278 1546 2315 Nem.
1563 2278 1635 2322 ΙΙΙ,
1662 2275 1710 2325 93
1730 2289 1739 2312 :
1755 2274 1801 2313 ‘O
1814 2273 2025 2320 Ἀσκληπιὸς
2039 2272 2135 2325 παρὰ
2153 2271 2304 2325 Χείρωνι

1259 2333 1409 2387 ἐτράφη,
1433 2336 1480 2377 ὡς
1499 2334 1560 2372 καὶ
1580 2333 1774 2386 Σωκράτης
1791 2335 1809 2371 6
1830 2331 1980 2386 Ἀργεῖός
1999 2347 2118 2384 φησιν.

152 2406 2300 2430 ..--—-—-———-——————-——————-—————-————-—-

637 2454 696 2485 20.

186 2508 300 2539 semus
327 2505 438 2537 Delius
471 2504 504 2535 in
532 2503 614 2535 libro
644 2505 692 2535 De
725 2501 892 2534 Paeanibus
917 2513 924 2533 :
960 2513 975 2529 «
1002 2500 1065 2538 Qui
1099 2502 1198 2532 auto·

146 2559 311 2595 cabdali,
343 2558 470 2597 inquit,
498 2558 664 2590 vocantur,
686 2556 719 2586 hi
739 2555 856 2587 hedera
885 2555 982 2594 caput
1004 2554 1112 2592 cincti,
1146 2554 1197 2584 in-

147 2610 324 2652 gredientes
354 2609 462 2651 [sive,
490 2618 530 2640 cx
559 2607 723 2648 tempore]
749 2615 861 2639 versus
886 2606 1076 2638 recitabant.
1100 2605 1199 2637 Iidem

149 2665 258 2703 postea
272 2662 378 2694 iambi
389 2660 541 2692 nominati
553 2661 638 2699 sunt,
650 2668 750 2699 quum
761 2659 830 2699 ipsi,
841 2659 910 2689 tum
922 2667 1033 2689 corum
1045 2657 1198 2689 carmina.

147 2715 212 2752 Qui
228 2713 420 2754 ithyphallz·
437 2715 607 2748 vocantur,
622 2711 685 2750 ait,
700 2719 851 2751 personas
865 2709 1002 2740 induunt
1015 2708 1175 2740 ebriorum
1189 2732 1199 2748 ‚

124 2792 126 2795 ,
152 2767 412 2805 coronanturque
437 2763 482 2805 [et
498 2763 555 2804 ipsi
572 2762 715 2803 hedera]‚
732 2761 872 2793 manicas
889 2760 1042 2792 habentes
1059 2760 1200 2800 variega-

148 2819 218 2858 tas,
236 2816 351 2848 tunicis
364 2825 442 2847 vero
467 2817 603 2847 utuntur
619 2814 724 2845 medio
740 2813 812 2844 albo
829 2813 1019 2851 intertexto,
1036 2812 1069 2843 et
1085 2813 1200 2843 Taren·

150 2870 219 2901 tina
232 2868 313 2900 stola
327 2868 510 2907 cinguntur,
528 2875 601 2907 quae
620 2866 661 2897 ad
683 2865 849 2897 malleolos
864 2863 952 2904 pedis
967 2871 1066 2903 usque
1081 2871 1135 2894 eos
1153 2863 1201 2894 te-

151 2921 208 2962 git.
240 2919 281 2952 Hi
305 2920 402 2951 tacite
423 2919 578 2959 majorem
605 2918 730 2958 portam
754 2916 903 2956 ingressi,
924 2916 1094 2956 postquam
1119 2914 1203 2945 circa

152 2972 291 3005 mediam
310 2972 384 3003 sunt
400 2971 615 3009 orchestram,
636 2977 749 3002 versus
763 2969 926 3000 theatrum
942 2975 976 3000 se
992 2967 1201 3007 convertunt,

153 3024 295 3056 dicentes
314 3036 321 3055 :

226 3087 373 3117 Decedete
388 3085 426 3114 de
439 3085 496 3122 via,
508 3085 602 3115 latum
615 3085 742 3122 spatium

261 3133 391 3170 praebete
401 3133 472 3161 deo!

226 3179 292 3208 vult
307 3178 387 3207 enim
401 3177 473 3206 deus
486 3182 583 3205 rectus
596 3175 702 3204 malleo
715 3174 823 3204 ductus
839 3173 922 3210 [sive‚
938 3173 1093 3207 cuneatus]

262 3231 316 3261 per
329 3222 460 3251 medium
474 3222 600 3257 ingredi.

160 3280 387 3321 Phallophori
403 3288 498 3318 vero,
513 3278 629 3318 inquit,
643 3285 810 3317 personam
826 3275 956 3316 quidem
972 3284 1037 3307 non
1053 3273 1204 3313 induunt,

160 3334 215 3366 sed
243 3335 370 3373 tegmen
393 3330 555 3371 quoddam
581 3329 640 3360 sibi
658 3329 905 3368 circumponunt
924 3336 964 3359 ex
989 3326 1134 3366 serpiiio,
1151 3325 1206 3366 qui

162 3385 340 3427 paederotas
357 3381 545 3422 (acanthos)
563 3382 691 3420 insuper
706 3380 898 3419 imponunt,
930 3378 1127 3418 spissamque
1152 3386 1207 3408 co-

162 3441 275 3469 ronam
288 3444 329 3468 ex
349 3434 441 3467 violis
463 3434 495 3466 et
508 3432 623 3465 hedera
650 3444 656 3463 ε
686 3432 718 3463 et
732 3430 880 3462 caunacis
904 3429 1012 3462 amicti
1028 3428 1207 3470 prodeunt,

1259 2446 1312 2477 aiii
1325 2455 1344 2477 a
1357 2446 1473 2486 latere,
1491 2446 1543 2477 alii
1560 2446 1665 2478 media
1682 2447 1773 2486 porta
1789 2444 2002 2485 egredientes,
2019 2443 2184 2476 modulato
2202 2451 2311 2484 gressu

1260 2499 1442 2531 incedentes
1451 2523 1460 2538 ‚
1475 2499 1680 2540 dicentesque
1695 2511 1704 2531 ε
2105 2507 2109 2511 ·

1331 2573 1411 2607 Tibi,
1426 2573 1539 2601 Bacche
1549 2595 1556 2607 ,
1570 2573 1683 2601 hancce
1697 2575 1810 2601 Musam
1823 2578 1966 2600 ornamus
1976 2591 1984 2606 ‚

1332 2619 1497 2655 simplicem
1512 2619 1687 2655 rhythmum
1703 2618 1862 2647 fundentes
1875 2618 1958 2646 vario
1972 2615 2122 2650 carmine,

1332 2666 1496 2701 virginibus
1511 2666 1631 2702 quidem
1646 2674 1709 2694 non
1723 2665 1964 2695 convenientem.
1984 2665 2045 2692 Nec
2061 2669 2132 2692 vero
2143 2662 2276 2700 pristinis

1332 2711 1446 2740 utimur
1459 2712 1612 2746 cantibus,
1627 2712 1678 2740 sed
1692 2711 1842 2740 illibatum

1332 2757 1519 2792 auspicamur
1532 2758 1613 2786 hunc
1626 2757 1785 2794 hymnum.

1265 2824 1383 2856 Deinde
1410 2826 1654 2865 procurrentes,
1686 2825 1793 2858 sannis
1826 2823 2063 2856 insectabantur
2092 2831 2314 2864 quoscumque

1265 2876 1461 2908 voluissent:
1480 2878 1513 2909 et
1537 2876 1652 2909 stando
1671 2877 1732 2908 hoc
1759 2875 1895 2916 agebant
1914 2887 1921 2906 :
1949 2874 1976 2905 is
2000 2875 2110 2905 autem
2137 2874 2192 2914 qui
2209 2873 2313 2914 ipsum

1264 2929 1406 2969 phallum
1417 2930 1579 2971 gestabat,
1597 2930 1682 2962 lente
1695 2930 1865 2970 incedens,
1879 2930 1911 2961 et
1924 2928 2055 2968 fuligine
2071 2928 2233 2969 impletus.
2253 2940 2269 2956 υ

1480 3014 1774 3054 PERIEGESIS
1802 3012 2098 3053 ARGOLIDIS.

1776 3101 1809 3133 1.

1308 3163 1367 3196 Alii
1386 3161 1549 3202 Arsinoes,
1575 3160 1626 3192 alii
1644 3159 1812 3192 Coronidis
1828 3159 1930 3191 tilium
1948 3158 2163 3199 AEsculapium
2182 3166 2249 3190 esse
2264 3157 2314 3189 di·

1267 3217 1356 3248 cunt.
1373 3217 1518 3247 Socrates
1534 3213 1682 3245 Arsinoes
1698 3212 1799 3244 filium
1809 3235 1818 3252 ,
1832 3220 1930 3252 quem
1946 3210 2081 3243 Coronis
2095 3209 2315 3249 adoptaverit,

1268 3277 1335 3301 esse
1344 3265 1493 3298 ostendit.

1311 3369 1509 3410 AEscuiapius
1520 3367 1605 3408 apud
1614 3317 1794 3401 Chironen?
1795 3342 1954 3399 enutritus
1961 3366 2020 3405 est,
2036 3366 2072 3398 ut
2083 3365 2229 3398 Socrates
2238 3373 2315 3405 quo·

1271 3434 1334 3467 que
1347 3424 1482 3465 Argivus
1496 3421 1584 3454 dicit.
