2326 3724
998 176 1336 220 FRAGMENTA.

86 267 239 316 ὑπήκουε
254 268 306 323 τῷ
325 269 450 322 Λαζῷ,
466 266 527 307 καὶ
544 267 767 321 ἀνάγραπτός
787 268 818 307 οἳ
835 267 998 322 ἐπεφύκει
1018 270 1051 312 ἐς
1069 270 1137 307 δα-

87 327 294 381 σμοφορίαν.
318 326 392 367 Καὶ
410 326 525 366 τοίνυν
547 326 725 378 ἐκομίζετο
749 326 834 380 παρ’
860 329 966 365 αὐτοῦ
985 330 1004 366 6
1023 327 1139 373 Λαζὸς

87 385 242 438 καρπούς
274 401 312 425 τε
342 387 513 436 μελιττῶν
551 385 611 424 καὶ
642 384 773 438 δέρρεις
803 385 866 424 καὶ
898 385 1000 439 ἕτερα
1031 386 1134 427 ἄττα.

87 443 267 491 Οπηνίκα
286 444 322 482 δὲ
340 438 398 483 ουν
415 446 433 482 ὁ
448 443 641 488 Σουάνος’
619 459 738 496 αρχων
756 443 947 493 ἄπεδίω,’
931 461 947 483 ε
949 459 1138 497 χειροτονει

85 505 104 542 6
119 505 191 546 τοῖς
213 504 341 548 Λαζοῖς
359 502 512 555 ἐφεστὼς
541 503 600 541 τὸν
625 502 880 557 διαφυλάξοντα
906 519 967 542 του
989 506 1140 556 ἀποιχο-

87 558 195 610 μένου
218 560 282 608 τὴν
307 560 437 614 ἀρχήν.
466 561 531 601 Ἐν
564 559 677 614 τούτῳ
705 561 913 614 γράμμασιν
939 563 1068 614 ἐχρῆτο
1090 564 1138 607 ὡς

85 617 145 656 τὸν
170 617 361 670 Ῥωμαίων
384 619 625 673 αὐτοκράτορα
644 621 715 658 τῶν
748 619 1020 670 ξυμὸεὸηκότων
1038 620 1137 671 πέρι·

85 675 147 714 καὶ
161 676 261 721 αὐτὸς
278 677 479 732 ἀντιγράφῳ
495 680 663 729 ἐπιστολῇ
678 678 895 718 ἐνεκελεύετό
909 681 940 718 οἱ
958 678 1139 732 ἐκπέμψαι

83 733 129 773 τὰ
148 734 310 787 σύμὸολα
330 739 394 783 τῆς
409 738 479 774 τῶν
500 736 667 776 Σουάνων
685 736 871 788 ἡγεμονίας
890 735 959 789 ὅτῳ
974 737 1037 788 μὲν
1059 737 1140 790 βού-

83 794 199 843 λοιτο,
216 793 363 847 Σουάνῳ
381 794 411 833 δ’
431 794 526 846 ὅμως
546 795 657 848 ἀνδρί.
678 798 792 836 Τοῦτο
807 795 871 843 τὴν
890 797 991 848 ἰσχὺν
1011 796 1137 835 ἔλαὸεν

83 852 125 890 ἐκ
154 854 222 890 τῶν
254 852 446 893 Θεοδοσίου
478 856 540 892 τοῦ
568 856 647 892 καθ’
675 856 769 927 ἡμᾶς
801 853 972 907 βασιλέως
1003 855 1137 907 χρόνων

85 909 191 963 μέχρι
216 912 372 964 Περόζου
394 915 455 950 τοῦ
473 911 641 965 ὑμετέρου
661 912 812 951 πάππου
832 912 893 951 καὶ
910 912 1059 956 Λέοντος
1078 928 1138 952 του

83 969 161 1007 καθ’
175 973 281 1021 ἡμᾶς,
302 989 318 1005 »
337 965 459 1011 Εἰτα’
442 986 483 1010 εκ
495 974 557 1019 τῆς
570 971 752 1024 χλαμύδος
766 974 784 1009 6
800 971 962 1024 Πέτρος’
947 987 983 1010 εν
999 973 1137 1025 φανερῷ

85 1029 288 1081 προκομίζει
310 1029 479 1082 βιὸλίδιόν
497 1045 549 1078 τι,
569 1034 603 1069 ἐν
622 1034 652 1085 ᾡ
671 1030 858 1083 στοιχηδόν
876 1046 914 1069 τε
933 1030 994 1069 καὶ
1015 1031 1139 1084 διῃρη-

87 1086 198 1135 μένως
213 1089 399 1136 ἐδηλοῦντο
417 1091 544 1133 Λαζῶν
563 1091 738 1141 βασιλεῖς,
759 1089 794 1128 οἳ
817 1090 1019 1129 Σουάνων’
1003 1105 1019 1127 ε
1022 1104 1137 1142 χειρο

85 1145 237 1193 τόνησαν
270 1147 458 1198 ἡγεμόνας.
490 1142 580 1199 Εἶχε
609 1147 645 1185 δὲ
677 1147 769 1187 οὕτω
802 1151 862 1187 τοῦ
894 1147 1139 1201 γραμματείου

85 1206 107 1250 ἦ
125 1203 289 1256 δύναμις,
305 1207 336 1244 εἷ
357 1206 419 1244 καὶ
437 1205 486 1256 μὴ
510 1205 602 1244 οὕτω
620 1206 666 1244 τὰ
689 1206 832 1259 ῥήματα
845 1222 857 1231 ·
876 1224 892 1241 α
906 1206 993 1246 θῗδε
1011 1209 1138 1252 Λαζῶν

88 1264 260 1314 βασιλεῖς,
279 1262 363 1315 οἵγε
382 1263 604 1316 βασιλίσκους
621 1265 822 1313 ἐπέστησαν
836 1265 1006 1310 Σουάνοις
1017 1295 1028 1312 ,
1050 1265 1086 1311 ἐξ
1098 1259 1141 1304 οὗ

84 1321 211 1374 χρόνου
239 1323 426 1367 Θεοδόσιος
456 1322 497 1361 τὸ
525 1322 715 1373 Ῥωμαίων
746 1323 886 1370 διήνυσε
919 1323 1047 1376 κράτος
1077 1324 1139 1362 καὶ

85 1380 273 1433 Οὐαράνης
289 1381 330 1420 τὸ
359 1383 506 1434 Περσῶν
531 1381 617 1435 ἄχρι
637 1381 784 1426 Λέοντος
805 1382 1061 1435 αὐτοκράτορος
1078 1383 1139 1422 καὶ

86 1439 256 1493 Περόζου.
275 1458 292 1474 1»
311 1440 383 1480 Καὶ
401 1438 580 1486 διεξελθὼν
600 1442 620 1478 6
641 1440 774 1494 Πέτρος
790 1440 855 1494 ἔφη
867 1456 878 1466 ·
894 1459 911 1476 ι
932 1439 1037 1494 Ἄχρι
1052 1441 1138 1480 τού-

84 1513 154 1536 των
173 1498 276 1550 ἴσμεν
303 1500 338 1538 ἐν
365 1499 553 1552 γράμμασι
581 1501 708 1545 Λαζῶν
728 1514 766 1538 τε
796 1501 954 1552 βασιλεῖς
981 1499 1043 1538 καὶ
1060 1498 1141 1544 τοὺς

84 1553 160 1594 ὅσοι
190 1556 259 1596 ὑπὸ
288 1559 416 1603 Λαζοῖς
445 1558 610 1611 ἄρχοντες
637 1558 794 1608 ἐγένοντο
821 1559 999 1598 Σουάνων.
1019 1576 1036 1594 ι
1065 1558 1139 1599 Καὶ

84 1617 102 1653 6
122 1614 307 1668 βασιλεύς·
327 1635 342 1650 u
365 1618 410 1656 Εἰ
430 1616 704 1670 ξυγχωρήσομέν
721 1632 776 1656 σοι
792 1617 831 1655 τὸ
850 1617 948 1671 παρὰ
972 1621 1033 1656 σοῦ
1052 1633 1140 1670 προ-

83 1674 249 1724 κομισθὲν
274 1674 427 1727 γράμαα
444 1674 688 1728 ξυναιρόμενον
714 1679 758 1728 τῇ
786 1675 878 1715 κατα
909 1676 948 1715 σὲ
979 1676 1139 1715 πολιτεία

85 1730 176 1783 ἔχειν
189 1732 228 1771 τὸ
238 1733 377 1784 πιστὸν,
394 1738 462 1786 ἀρα
474 1734 534 1772 καὶ
549 1734 593 1772 τὰ
605 1733 759 1797 ἡμέτερα
772 1735 975 1785 συμὸόλαια
988 1750 1138 1774 πιστευ-

85 1791 249 1837 Οησονται
262 1793 485 1832 δικαιότατα·
476 1824 486 1841 ,
503 1812 582 1828 u—
598 1812 613 1829 «
627 1788 758 1845 Οἶμαι.
772 1812 790 1828 »
806 1815 854 1821 —
869 1813 882 1828 «ι
896 1794 1013 1842 Πλην,
1030 1812 1045 1828 »
1062 1798 1082 1841 ἠ
1101 1792 1137 1832 δὲ

85 1852 102 1886 6
118 1850 294 1902 βασιλεὺς,
310 1869 326 1887 ιι
342 1851 427 1904 ὅπερ
441 1851 536 1905 ἔφης,
563 1852 683 1905 ἔχεται
710 1856 863 1903 πειθους,
876 1853 964 1891 ὅτι
946 1856 1034 1900 οῆτα
1044 1858 1140 1892 ουτοι

84 1910 115 1946 οἱ
135 1911 292 1960 βασιλεῖς
306 1912 338 1948 οἱ
354 1910 417 1962 μὲν
437 1911 556 1960 οὕτως,
573 1915 604 1951 οἱ
620 1913 655 1950 δὲ
673 1911 789 1956 ἄλλως
803 1911 973 1962 ἐγένοντο.
990 1911 1138 1959 Ἐπειδὴ

85 1966 122 2005 δὲ
140 1971 200 2006 νῦν
230 1968 310 2022 περὶ
340 1969 563 2021 ἀμφηρίστου
593 1969 824 2022 διαλεγόμεθα
853 1970 995 2020 δούλου,
1025 1973 1054 2010 εἰ
1076 1971 1139 2020 μὲν

2170 194 2246 231 217

1199 268 1438 321 ἐναργέστατα
1452 284 1528 315 πως
1546 269 1724 318 δυνηθείης
1744 271 1943 326 ἀποφῆναι,
1949 275 2008 334 n351<
2024 275 2156 328 πέφυκε
2174 276 2250 322 σὸς,

1198 326 1296 379 λήψῃ
1317 342 1358 378 γε
1384 327 1509 366 αὐτόν·
1529 330 1559 366 εἷ
1580 328 1616 367 δὲ
1635 328 1675 367 τὸ
1700 329 1833 368 τοιόνδε
1852 346 1890 369 ου
1894 347 1919 383 Α
1934 326 2048 372 οἶόστε
2069 330 2101 372 εἷ
2118 335 2255 374 πιστώ-

1199 388 1350 435 σασθαι,
1364 386 1425 424 καὶ
1441 386 1555 430 ἄλλως
1577 386 1740 439 βούλεται
1753 389 1819 426 6v
1789 389 1942 433 «ουάνος
1958 392 2194 445 ὑποτετάχθαι
2206 397 2252 446 τῇ

1199 442 1422 494 Ῥωμαίων’
1403 448 1517 497 αρχῇ,
1537 444 1703 492 ἥκιστα”
1685 461 1811 496 εσομαι
1832 447 2012 498 ἐμποδών.
2031 450 2168 489 Ἰούτου
2186 467 2251 491 πε·

1201 503 1350 556 ραιτέρω
1361 503 1458 542 οὐδὲν
1472 506 1585 542 ὁτιοῦν
1600 503 1935 555 δυνήσομαωτοιεῖν.
1955 525 1972 541 n
1991 506 2037 546 ‘O
2052 508 2088 546 δὲ
2109 509 2254 562 Πέτρος·

1200 579 1217 596 ι
1237 561 1332 614 Οὐχὶ
1349 560 1484 622 πεύσῃ,
1505 578 1535 600 ω
1560 561 1714 601 δέσποτα
1728 562 1847 617 ,πρὸς
1872 568 1934 603 τοῦ
1962 566 2143 614 Σουάνου,
2173 568 2256 606 ὅποι

1203 618 1367 671 βούλεται
1385 624 1495 668 εἰναι;
1515 619 1706 666 ἐξουσιάζει
1724 620 1792 673 γὰρ
1813 622 1939 675 αὐτὸς,
1959 622 2040 662 ὅσον
2065 625 2124 663 ἐπὶ
2140 625 2253 678 ταύτῃ

1201 693 1242 728 γε
1266 678 1378 724 δήπου
1394 681 1437 731 τῇ
1459 679 1580 733 μοίρᾳ.
1603 697 1618 714 u
1634 702 1689 710 —
1711 698 1728 714 ι
1749 678 1865 733 ”Αθρει
1881 680 1941 730 δὲ,
1965 684 1985 720 6
2005 682 2186 731 βασιλεὺς,
2207 686 2257 728 ὡς

1201 737 1240 775 06
1264 736 1437 789 βούλομαι
1464 738 1546 789 περὶ
1576 737 1750 783 Σουανίας
1777 742 1840 786 τῆς
1868 739 1989 793 χώρας
2015 756 2049 779 τι
2079 741 2251 781 πυθέσθαι

1202 794 1289 847 πρὸς
1309 797 1379 834 τῶν
1399 796 1580 844 Σουάνων,
1607 796 1686 835 ἐπεὶ
1710 796 1790 836 οὐδὲ
1817 796 1911 837 ὅσιον
1938 797 2017 837 οὔτε
2037 798 2107 849 μὴν
2139 800 2256 844 ἄλλως

1201 853 1334 892 δίκαιον
1355 853 1462 907 (τὴν)
1483 855 1563 907 περὶ
1580 857 1643 902 τῆς
1649 858 1725 916 γῆς
1740 857 1847 903 αὐτῆς
1862 857 1898 894 ἐν
1915 856 2039 896 δούλου
2056 858 2233 898 κινδυνεύε
2217 874 2252 889 e·

1202 914 1283 951 σθαι
1295 911 1419 967 κρίσει.
1435 911 1599 965 ιΟῗδεμὲ
1601 929 1618 952 ν
1631 917 1689 954 οὖν
1705 916 1738 953 οἱ
1755 913 1851 967 λόγοι
1865 916 2038 969 προῆλθον
2053 915 2121 962 ἐξ’
2103 918 2247 972 αμφοῖν.

1695 1016 1742 1044 12

1254 1091 1348 1130 Exc.
1367 1093 1426 1130 De
1441 1100 1538 1130 sent.
1559 1106 1599 1143 p.
1619 1091 1716 1130 355-
1720 1091 1824 1142 357:
1842 1090 1930 1133 ”Οτι
1945 1092 2031 1146 φησὶ
2051 1091 2254 1147 Μένανδρος

1203 1149 1222 1187 6
1240 1148 1414 1202 ἱστορικὸς
1432 1151 1514 1211 περὶ
1540 1149 1679 1203 Πέτρου
1702 1166 1763 1189 του
1789 1150 1970 1204 πρέσὸεως
1988 1151 2050 1191 καὶ
2074 1152 2255 1205 Χοσρόου·
2277 1198 2281 1202 .

1202 1224 1219 1241 οι
1237 1206 1324 1247 Οιδε
1343 1207 1406 1258 μὲν
1425 1212 1485 1247 οὖν
1512 1210 1544 1247 οἱ
1564 1208 1662 1260 λόγοι
1680 1211 1854 1262 προῆλθον
1875 1209 1910 1255 ἐξ
1930 1212 2084 1263 ἀμφοῖν,
2104 1211 2165 1249 καὶ
2189 1213 2256 1264 οὐχ

1201 1264 1303 1318 ἕτερα
1314 1265 1474 1317 νοήματα
1484 1266 1611 1319 ἐλέχθη
1625 1267 1799 1312 Σουανίας
1810 1267 1913 1320 πέρι·
1924 1269 2002 1307 οὐδὲ
2013 1268 2083 1318 μὴν
2094 1270 2170 1308 ἀνθ’
2184 1270 2256 1308 ἑτέ-

1203 1340 1272 1378 ρων
1304 1323 1439 1377 ἑτέραις
1456 1324 1626 1370 λέξεσιν’
1610 1325 1841 1378 εχρησάμην,
1862 1326 1886 1374 ἢ
1915 1326 1956 1365 τὸ
1977 1326 2255 1381 χθαμαλώτερόν

1200 1399 1277 1427 πως
1297 1382 1390 1422 ἔστιν
1418 1387 1442 1436 ᾑ
1471 1386 1540 1422 τῶν
1569 1383 1707 1437 λόγων,
1737 1384 1886 1424 καθόσον
1915 1379 2027 1424 οἷόντε
2047 1401 2128 1438 μοι,
2149 1386 2256 1437 μετέ-

1199 1457 1316 1495 φρασα
1340 1443 1374 1486 ἐς
1391 1440 1431 1481 τὸ
1448 1442 1707 1496 Ἀττικώτερον.
1725 1444 1778 1483 06
1795 1443 1864 1496 γὰρ
1883 1443 1965 1497 ἐμοί
1980 1459 2020 1496 γε
2029 1448 2193 1507 θυμῆρες
2208 1444 2255 1484 τὰ

1200 1499 1368 1554 εἰρημένα
1390 1500 1518 1553 κυρίως
1545 1500 1606 1540 καὶ
1632 1518 1666 1545 ες
1685 1501 1749 1553 ἐμὲ
1767 1502 1901 1549 ἥκοντα
1914 1533 1926 1551 ,
1951 1505 1999 1548 ὡς
2016 1497 2116 1554 οἶμαι
2129 1506 2193 1554 ,ἐς
2211 1503 2255 1542 τὸ

1200 1559 1359 1612 ἀκριὸὲς,
1385 1559 1592 1614 μεταφέρειν
1619 1562 1653 1605 ἐς
1673 1560 1913 1614 ἑτερολογίαν,
1932 1562 1994 1601 καὶ
2019 1564 2070 1616 τῷ
2086 1563 2256 1615 γλαφυρῷ

1198 1621 1270 1657 τῶν
1287 1618 1455 1671 ῥημάτων
1475 1619 1556 1671 οὐχὶ
1573 1619 1618 1657 τὰ
1638 1619 1704 1658 ὅσα
1725 1620 1854 1673 ἐρρήθη
1867 1650 1878 1669 ,
1905 1620 1996 1659 ἀλλὰ
2021 1621 2089 1673 γὰρ
2111 1621 2174 1668 τὴν
2194 1624 2257 1669 τῆς

1200 1679 1386 1730 ῥητορικῆς
1416 1678 1675 1717 ἐπιδείκνυσθαι
1705 1679 1876 1730 δύναμιν,
1906 1680 2066 1731 μάλιστα
2094 1681 2155 1720 καὶ
2176 1681 2257 1734 περὶ

1201 1737 1357 1775 σπονδῶν
1374 1735 1466 1776 οὕτω
1483 1737 1660 1788 μεγίστοιν
1675 1738 1768 1776 δυοῖν
1787 1738 1965 1791 βασιλέοιν
1982 1739 2044 1778 καὶ
2059 1739 2256 1779 πολιτείαιν

1201 1792 1398 1847 ποιουμένῳ
1419 1810 1479 1846 μοι
1499 1794 1563 1842 τὴν
1579 1795 1811 1847 ἀπαγγελίαν.
1830 1798 1874 1836 Εἰ
1891 1797 1928 1834 δέ
1945 1813 1985 1848 γε
2003 1797 2072 1851 ἄρα
2093 1797 2258 1850 βούλεταί

1201 1869 1253 1897 τις
1280 1852 1325 1891 τὰ
1346 1852 1411 1892 ὅσα
1442 1856 1592 1907 Περσῶν
1616 1855 1781 1906 βασιλεὺς
1809 1856 1870 1894 καὶ
1901 1856 2033 1910 Πέτρος
2061 1861 2256 1905 τηνικαῦτα

1203 1912 1565 1965 ἅκριὸολογησαμένω
1587 1913 1697 1960 ἤστην
1718 1912 1867 1961 εἰδέναι,
1888 1914 2114 1959 ἀναλεξάσθω
2140 1918 2255 1954 ταῦτα

1202 1973 1244 2010 ἐκ
1264 1973 1327 2018 τῆς
1355 1972 1462 2010 αὐτοῦ
1494 1971 1633 2026 Πέτρου
1662 1976 1884 2025 συναγωγῆς·
1903 1972 2045 2012 ἅπαντα
2067 1972 2136 2027 γὰρ
2157 1975 2255 2028 αὐτῷ

88 2045 2250 2063 Ἥ

85 2078 302 2117 Quamobrem
321 2082 422 2114 Lazus
434 2081 609 2123 accipiebat
623 2083 664 2114 ab
678 2083 746 2124 ipso
758 2083 901 2123 fructus,
916 2083 1025 2123 mella,
1040 2083 1139 2124 peiles

84 2133 117 2164 et
134 2132 197 2165 alia
211 2133 373 2174 quaedam.
393 2134 530 2173 Quando
547 2137 658 2168 autem
684 2136 813 2168 suaniae
828 2138 977 2177 princeps
995 2136 1061 2168 vita
1082 2145 1135 2168 ex-

83 2184 235 2225 cedebat,
255 2186 404 2227 sussragio
421 2186 509 2226 ejus,
525 2186 583 2227 qui
600 2187 691 2219 Lazis
706 2189 862 2228 praeerat,
885 2187 1065 2228 eligebatur
1080 2187 1138 2228 qui

83 2235 231 2269 inlocum
238 2236 381 2269 defuncti
389 2237 525 2278 regionis
534 2238 841 2271 administrationem
849 2239 1036 2279 susciperet.
1044 2240 1139 2271 Tune

84 2289 243 2321 Lazorum
259 2290 430 2330 praefectus
445 2291 545 2323 literis
562 2291 791 2332 imperatorem
813 2294 984 2324 certiorem
1000 2291 1140 2324 faciebat

84 2339 125 2373 de
143 2340 192 2373 his
204 2349 278 2382 quae
292 2343 476 2375 evenerant.
501 2344 543 2375 Et
568 2343 743 2384 imperator
762 2344 886 2376 Lazicae
911 2344 1063 2384 praesecto
1082 2353 1139 2385 per

84 2392 251 2432 epistolam
259 2393 394 2434 iubebat
405 2395 509 2435 ipsum
521 2396 650 2428 mittere
660 2395 794 2436 insignia
803 2396 1004 2437 praesecturae
1010 2396 1140 2429 Suanioe

85 2444 137 2476 cui
149 2445 259 2485 vellet,
282 2445 381 2477 modo
397 2448 525 2479 suanus
537 2447 631 2479 esset.
652 2447 748 2485 Quod
759 2447 828 2487 jam
841 2456 860 2479 a
872 2448 1020 2488 tempore
1034 2448 1142 2480 Theo·

84 2495 177 2535 dosii,
198 2496 276 2539 imp.
297 2497 411 2537 nostri,
425 2506 528 2538 usque
552 2498 594 2530 ad
618 2501 785 2539 Perosem,
798 2507 898 2531 avum
922 2501 1086 2538 vestrum,
1105 2500 1140 2532 et

85 2549 243 2588 Leonem,
260 2549 317 2589 qui
349 2549 434 2590 apud
453 2558 513 2581 nos
539 2550 728 2591 imperavit,
756 2551 904 2583 invaluit.
938 2563 955 2579 1»
983 2550 1140 2584 Deindee

85 2599 254 2641 chlamyde
270 2601 384 2633 Petrus
404 2602 438 2632 in
454 2601 597 2633 medium
614 2602 748 2643 protulit
763 2602 929 2643 libellum,
942 2603 976 2636 111
993 2611 1060 2644 quo
1075 2611 1138 2635 nu·

86 2652 294 2695 meqabantur
308 2653 421 2686 ordine
435 2655 468 2686 et
485 2654 635 2687 distincte
647 2657 807 2688 Lazorum
829 2664 935 2697 reges,
957 2656 1014 2698 qui
1025 2656 1141 2690 Suanis

85 2703 185 2737 duces
198 2705 369 2745 elegerant.
388 2707 465 2738 Haec
477 2707 586 2738 autem
602 2710 672 2739 erat
695 2706 793 2747 hujus
812 2707 934 2740 tabulae
949 2708 1020 2748 vis;
1039 2708 1140 2741 verba

85 2757 172 2790 enim
188 2766 253 2790 non
263 2758 295 2790 id
312 2767 462 2800 expresse
474 2759 702 2794 continebant:
719 2773 736 2789 «ι
756 2760 795 2793 111
808 2762 900 2793 erant
917 2763 1077 2794 Lazorum
1092 2771 1140 2795 re-

86 2818 158 2850 ges,
193 2810 250 2851 qui
286 2811 413 2851 regulos
448 2813 572 2844 Suanos
597 2812 835 2844 constituerunt
862 2821 881 2844 a
902 2814 1049 2854 tempore
1073 2823 1140 2855 quo

87 2861 284 2894 Theodosius
300 2863 482 2894 Romanum
505 2863 588 2895 rexit
604 2863 795 2905 imperium,
820 2865 854 2896 et
869 2866 1012 2897 Varanes
1030 2866 1140 2898 Persa-

88 2921 181 2952 rum,
206 2912 247 2945 ad
264 2915 403 2946 Leonem
429 2909 655 2954 imperatorem
680 2916 713 2947 et
731 2917 880 2948 Perosem
896 2924 1007 2957 usque.
1033 2928 1050 2943 ι»
1077 2917 1141 2949 Hos

89 2965 257 3005 postquam
269 2966 382 2997 Petrus
394 2965 589 2998 recitaverat
599 2990 609 3006 ,
636 2966 718 2999 dixit
736 2979 744 2998 z
761 2979 778 2995 «
793 2966 839 2998 Ad
852 2967 911 2999 hos
923 2976 1027 3008 usque
1038 2967 1140 3000 habe-

88 3025 162 3049 mus
173 3017 208 3049 in
233 3017 360 3058 scriptis
371 3019 531 3051 Lazorum
545 3028 652 3060 reges,
675 3020 710 3052 et
726 3028 839 3052 omnes
857 3020 912 3061 qui
935 3020 977 3052 ab
994 3020 1042 3052 eis
1057 3022 1141 3053 Sua-

88 3070 151 3103 niae
164 3071 308 3111 praefecti
323 3071 490 3104 constituti
503 3073 646 3105 fuerunt.
666 3085 683 3101 n
703 3074 745 3105 Et
765 3082 823 3106 rex
838 3082 847 3104 :
865 3085 881 3100 «
898 3074 930 3106 Si
945 3073 1140 3106 concesseri-

89 3130 181 3162 mus,
206 3122 351 3155 libellum
376 3131 396 3155 a
412 3124 447 3156 te
470 3123 652 3156 exhibitum
667 3148 676 3164 ,
705 3124 762 3165 qui
788 3125 906 3157 vestrae
932 3124 979 3157 rei
1005 3125 1143 3166 publicae

89 3182 220 3206 causam
231 3175 354 3214 tuetur,
368 3174 466 3207 fidem
480 3175 603 3216 facere,
616 3183 725 3208 nonne
748 3175 867 3209 nostris
887 3184 1020 3217 quoque
1043 3176 1141 3208 fidem

90 3225 199 3259 baberi
214 3226 432 3268 aequissimum
445 3228 514 3260 est?
529 3241 545 3257 ι»
562 3246 604 3252 -
617 3241 634 3257 «ι
655 3225 791 3270 Opinor.
807 3242 824 3258 u
837 3241 904 3257 -ιι
921 3231 1041 3268 Quare,
1057 3230 1142 3262 sicut

91 3277 180 3317 dicis,
209 3277 313 3318 inquit
330 3287 407 3318 rex,
432 3279 505 3311 baec
528 3288 580 3312 res
602 3279 636 3312 in
660 3279 725 3312 tide
749 3280 853 3321 posita
867 3281 934 3320 est,
952 3288 1039 3321 reges
1054 3280 1139 3320 illos,

92 3328 170 3360 aiios
182 3329 240 3368 sic,
259 3329 339 3361 alios
363 3330 599 3363 aliterereatos
614 3339 692 3364 esse.
717 3331 780 3364 Sed
806 3331 962 3372 quoniam
980 3331 1021 3363 de
1046 3340 1140 3364 servo

92 3378 174 3411 inter
186 3386 244 3412 nos
260 3379 422 3413 eontentio
439 3382 505 3421 est,
516 3381 573 3422 qui
592 3383 684 3422 cujus
698 3382 753 3422 sit,
767 3381 903 3415 dubium
919 3382 968 3415 est
986 3382 1034 3414 :si
1046 3382 1140 3416 claris

1199 2084 1232 2115 et
1244 2082 1425 2116 manifestis
1447 2084 1644 2125 argumentis
1663 2085 1799 2126 probare
1825 2087 1917 2127 potes
1937 2086 2032 2118 tuum
2054 2094 2141 2127 esse,
2169 2085 2255 2119 acci-

1197 2134 1288 2176 pies:
1303 2134 1353 2167 sin
1374 2135 1482 2167 minus
1503 2135 1534 2167 id
1555 2137 1665 2176 potes,
1684 2138 1718 2168 et
1733 2139 1859 2169 suanus
1878 2139 1987 2169 tamen
1999 2137 2078 2169 velit
2091 2139 2255 2171 Romano·

1200 2197 1274 2220 rum
1299 2188 1435 2229 imperio
1455 2188 1602 2230 subesse,
1627 2198 1694 2222 non
1719 2189 1929 2222 intercedam.
1956 2192 2023 2222 Nec
2038 2192 2086 2223 est
2111 2191 2195 2223 ultra
2221 2191 2255 2224 id

1200 2239 1394 2280 quicquam,
1413 2240 1500 2281 quod
1513 2241 1618 2273 facere
1631 2240 1760 2282 possim.
1776 2254 1791 2270 »
1805 2243 1890 2274 Tum
1914 2243 2051 2274 Petrus:
2073 2244 2173 2275 «Non
2187 2250 2256 2283 per-

1199 2293 1380 2326 contaberis
1395 2302 1413 2325 e
1425 2295 1550 2334 suano,
1568 2303 1589 2326 0
1610 2293 1759 2334 domine,
1772 2294 1866 2335 cuius
1878 2294 1957 2327 velit
1975 2295 2064 2328 esse?
2090 2295 2152 2327 hac
2167 2295 2255 2328 enim

1199 2344 1381 2377 conditione
1393 2344 1500 2377 delata
1512 2354 1546 2378 se
1559 2347 1591 2378 in
1602 2346 1785 2378 libertatem
1805 2348 1971 2379 assereret.
1986 2358 2003 2374 1»
2015 2366 2058 2374 -
2073 2359 2090 2374 κ
2104 2347 2177 2380 Noli
2191 2347 2255 2380 hoc

1198 2406 1329 2438 rogare,
1346 2398 1510 2439 respondit
1521 2408 1597 2439 rex3
1611 2407 1677 2431 non
1690 2398 1821 2431 enimin
1838 2399 1947 2431 animo
1960 2399 2079 2440 habeo,
2092 2401 2253 2440 quantum

1198 2450 1239 2482 ad
1253 2450 1412 2491 regionem
1431 2451 1603 2490 suaniam,
1620 2450 1795 2492 quicquam
1812 2453 1997 2485 Suanorum
2012 2451 2171 2484 voluntati
2183 2461 2255 2485 cre-

1199 2501 1285 2534 dere.
1310 2503 1437 2534 Etenim
1458 2510 1565 2543 neque
1591 2503 1637 2534 fas
1665 2511 1771 2544 neque
1791 2503 1917 2543 justum
1933 2503 1999 2542 est,
2022 2502 2063 2535 de
2078 2504 2165 2535 terra
2188 2504 2256 2544 ipsa

1198 2553 1284 2586 servi
1296 2553 1408 2594 iudicii
1419 2553 1600 2594 periculum
1612 2554 1734 2588 subire.
1745 2567 1762 2583 »
1777 2556 1884 2598 Atque
1897 2554 1930 2587 111
1939 2555 2023 2587 inter
2034 2556 2189 2597 utrosque
2201 2555 2256 2587 113-

1199 2606 1258 2639 11111
1274 2608 1349 2640 sunt
1361 2615 1534 2641 sermones.
1694 2652 1738 2686 ¹2

1241 2705 1415 2740 Menander
1426 2705 1599 2739 historicus
1625 2705 1667 2739 de
1693 2708 1790 2740 Petro
1802 2706 1907 2748 legato
1923 2707 1957 2740 et
1981 2706 2023 2740 de
2048 2706 2191 2755 chosroe
2209 2706 2255 2740 sic

1199 2757 1343 2800 loquitur
1358 2772 1366 2791 :
1382 2772 1398 2787 «ι
1420 2759 1459 2791 Hi
1481 2767 1557 2799 ergo
1574 2757 1738 2799 utrimque
1751 2758 1850 2791 habiti
1863 2760 1939 2792 sunt
1953 2767 2135 2799 sermones,
2151 2767 2255 2800 neque

1200 2811 1272 2844 aliis
1294 2811 1461 2844 sententiis
1477 2814 1587 2843 actum
1602 2813 1652 2844 est
1664 2811 1706 2843 de
1731 2811 1861 2844 Suania.
1889 2811 2000 2852 Neque
2017 2811 2102 2843 enim
2119 2820 2177 2852 ego
2192 2811 2254 2843 3113

1201 2863 1270 2894 aliis
1282 2862 1381 2895 verba
1404 2862 1576 2902 substitui;
1599 2871 1704 2903 neque
1722 2862 1748 2895 si
1761 2862 1840 2903 quid
1856 2862 2009 2895 humilius
2024 2862 2148 2894 dietum
2173 2862 2252 2902 tuit,

1200 2914 1232 2947 id
1243 2924 1300 2956 ego
1313 2916 1448 2947 conatus
1463 2923 1536 2947 sum
1552 2923 1611 2956 pro
1628 2914 1709 2948 meis
1720 2914 1843 2947 viribus
1858 2915 1891 2947 in
1907 2915 2005 2948 Attici
2019 2914 2175 2948 sermonis
2187 2914 2253 2947 ele-

1199 2967 1342 3008 gantiam
1359 2967 1553 3007 transterre;
1571 2975 1678 3006 neque
1698 2966 1779 2998 1111111
1796 2966 1910 3007 libuit,
1924 2975 1997 3007 quae
2018 2966 2146 3008 proprie
2167 2965 2254 2998 dicta

1200 3019 1288 3058 sunt,
1301 3026 1442 3059 quaeque
1453 3017 1495 3049 ad
1507 3026 1560 3050 me
1570 3018 1769 3059 incorrupta,
1780 3019 1817 3050 ut
1828 3017 1979 3058 arbitror,
1993 3017 2202 3057 devenerunt,
2215 3026 2253 3049 ea

1200 3069 1316 3102 deinde
1328 3070 1362 3101 in
1374 3069 1437 3101 alia
1452 3069 1550 3101 verba
1569 3070 1758 3102 convertere
1775 3079 1783 3101 ε
1800 3069 1845 3101 113
1865 3070 1903 3101 111
1924 3069 2093 3110 splendore
2111 3068 2252 3101 vocabu·

1200 3122 1305 3154 lorum
1317 3130 1383 3154 non
1395 3121 1520 3161 singula
1529 3144 1539 3161 ,
1561 3130 1638 3163 quae
1652 3130 1764 3163 reapse
1775 3121 1861 3154 dicta
1877 3121 2025 3160 suerunt,
2046 3120 2101 3153 sed
2115 3120 2252 3153 rhetori·

1200 3181 1272 3206 cam
1289 3173 1394 3214 potius
1410 3173 1477 3205 vim
1500 3175 1782 3214 repraesentarem3
1799 3172 1980 3214 praesertim
2003 3180 2105 3213 quum
2132 3171 2252 3204 foedera

1199 3234 1327 3260 narrem
1335 3226 1502 3259 tantorum
1510 3225 1649 3259 duorum
1662 3234 1773 3267 regum
1786 3227 1884 3266 atque
1894 3224 2113 3266 imperiorum.
2129 3222 2249 3262 Quodsi

1199 3287 1297 3320 quem
1310 3278 1391 3311 scire
1405 3277 1503 3311 etiam
1516 3278 1656 3310 delectat
1676 3277 1832 3319 quidquid
1854 3277 1971 3309 diserte
1984 3276 2066 3307 inter
2082 3277 2248 3307 Persarum

1198 3338 1306 3371 regem
1323 3331 1523 3371 Petrumque
1536 3330 1707 3361 actitatum
1725 3328 1785 3369 sit,
1799 3328 1825 3360 is
1837 3327 1931 3360 adeat
1948 3326 2032 3359 Petri
2048 3326 2145 3365 ipsius
2160 3333 2247 3356 com-

1199 3380 1392 3422 mentarios,
1423 3383 1456 3414 in
1492 3381 1610 3422 quibus
1643 3380 1760 3413 cuncta
1796 3378 1964 3420 diligenter
1991 3376 2134 3418 scripsit,
2161 3384 2248 3416 quae-
