2326 3724
975 206 1310 248 FRAGMENTA.

61 299 255 356 ἀφικνεῖταί
281 316 331 345 τις
362 300 432 338 τῶν
467 299 638 344 σκηνιτῶν
670 297 852 371 Ἀρᾶὅων,
874 296 931 341 οὒς
961 298 1109 334 καλοῦσι

62 359 309 434 Σαρακηνους,
324 358 434 411 ἲερευς
452 360 520 396 τῶν
540 359 624 409 παρ’
646 356 787 399 ἐκείνοις
815 357 1051 409 Χριστιανῶν,
1074 353 1108 398 ἐξ

63 419 176 462 αἰτίας
198 417 372 463 τοιαύτης.
398 416 534 468 Πέρσαι
555 431 614 453 και
635 414 807 460 Ῥωμαῖοι
825 414 1009 457 σπονδὰς’
994 412 1109 459 εποιῆ-

14 510 18 516 .
62 493 168 516 σαντο
179 475 264 532 ,ᾅτε
281 478 298 514 ὁ
317 474 477 527 μέγιστος
493 476 578 526 πρὸς
597 473 720 518 αὐτους
737 474 793 512 ἐπὶ
817 473 1005 513 Θεοδοσίου
1027 488 1105 510 συν-

61 536 194 589 ερράγη
224 534 398 585 πόλεμος,
419 533 467 585 μὴ
496 533 751 586 προσδέχεσθαι
770 549 849 577 τους
874 533 1110 574 ὑποσπόνδους

65 597 118 635 Σα
126 594 310 648 ρακηνους,
325 593 356 632 εἴ
370 610 419 638 τις
435 596 468 637 ἐς
487 593 681 631 ἀπόστασιν
699 592 901 644 νεωτερίσαι
915 592 1108 643 προέλοιτο.

63 654 124 694 Ἔν
145 654 179 692 δὲ
206 654 276 696 τοῖς
300 652 454 706 Πέρσαις
484 646 525 700 ῆν
555 655 573 690 ὁ
600 652 808 704 Ἀμόρκεσος
842 655 902 689 τοῦ
934 650 1110 691 Νοκαλίου

62 713 198 763 γένους·
217 728 277 750 και
295 711 363 750 εἴτε
383 715 484 760 τιμῆς
506 713 544 749 οὐ
561 710 743 763 τυγχάνων
764 713 797 748 ἐν
815 714 858 764 τῇ
878 709 1026 762 Περσίδι
1045 713 1110 763 γῇ,

61 770 84 817 ἢ
105 771 218 815 ἄλλως
238 769 299 817 τὴν
321 770 511 821 Ῥωμαίων
531 770 651 823 χώραν
674 770 800 822 βελτίω
820 769 1028 820 νενομικὼς,
1053 771 1112 807 ἐκ-

61 829 172 869 λιπὼν
195 827 257 876 τὴν
279 830 435 883 Περσίδα
464 831 510 872 εἷς
526 829 589 876 τὴν
608 829 743 881 γείτονα
767 828 921 882 Πέρσαις
943 828 1109 880 Ἄραὸίαν

61 888 212 928 ἐλαύνει.
235 890 429 927 Κάντεῦθεν
452 887 653 940 ὁρμώμενος
669 887 847 940 προνομὰς
872 889 1022 926 ἐποιεῖτο
1049 887 1110 926 καὶ

60 945 234 996 πολέμους
253 945 444 997 Ῥωμαίων
466 946 527 997 μὲν
556 946 667 985 οὐδενὶ
681 978 692 996 ,
713 946 839 990 τοῒςθδὲ
860 946 914 984 ἀεὶ
944 948 979 984 ἓν
1010 946 1111 985 ποσὶν

61 1005 315 1057 εὑρισκομένοις
340 1006 572 1057 Σαρακηνοῒς.
606 1005 678 1058 Ἀφ’
709 999 756 1044 ὧν
785 1004 845 1043 καὶ
870 1003 934 1052 τὴν
965 1004 1112 1055 δύναμιν

61 1064 172 1110 αὔξων
202 1064 326 1117 προῄει
346 1063 437 1103 κατὰ
471 1065 606 1116 μικρόν.
635 1064 727 1103 Μίαν
757 1064 793 1103 δὲ
823 1066 892 1102 τῶν
922 1063 1111 1114 Ῥωμαίων

60 1123 314 1176 παρεσπάσατο
342 1126 444 1170 νῆσον
473 1123 648 1170 Ἰωτάὸην
673 1122 801 1174 ὄνομα·
820 1122 881 1162 καὶ
903 1122 981 1167 τοὺς
1004 1124 1112 1162 δεκα-

61 1181 228 1234 τηλόγους
245 1181 405 1221 ἐκὸαλὼν
419 1185 485 1220 τῶν
498 1181 688 1232 Ῥωμαίων
705 1182 805 1226 αὐτὸς
822 1181 904 1235 ἔσχε
920 1181 982 1236 τὴν
995 1185 1112 1230 νῆσον,

62 1240 123 1280 καὶ
150 1239 194 1279 τὰ
220 1239 305 1288 τέλη
327 1240 455 1287 ταύτης
483 1240 675 1290 λαμὸάνων
703 1240 897 1294 χρημάτων
922 1240 1113 1293 εὐπόρησεν

61 1301 126 1339 οὐκ
145 1298 269 1351 ὀλίγων
290 1302 456 1338 ἐντεῦθεν.
479 1299 548 1338 Καὶ
562 1299 671 1343 ἄλλας
691 1299 727 1337 δὲ
747 1302 765 1337 ὁ
784 1299 884 1343 αὐτὸς
903 1298 1114 1351 Ἀμόρκεσος

62 1361 131 1396 τῶν
153 1357 302 1404 πλησίον
332 1358 542 1411 ἀφελόμενος
569 1360 712 1408 κωμῶν,
739 1357 902 1408 ἐπεθύμει
923 1357 1115 1408 Ῥωμαίοις

63 1417 279 1460 ὑπόσπονδος
297 1417 456 1467 γενεσθαι
472 1416 533 1454 καὶ
550 1416 726 1470 φύλαρχος
743 1433 811 1454 των
827 1416 919 1455 κατὰ
936 1416 1114 1478 Πετραίαν

62 1475 131 1515 ὑπὸ
156 1475 349 1547 Ῥωμαίοις
372 1475 479 1514 ὄντων
510 1477 742 1528 Σαρακηνῶν.
776 1472 917 1526 Πέμπει
945 1479 1003 1514 οὖν
1032 1476 1116 1528 πρὸς

62 1536 197 1576 Λέοντα
216 1550 273 1572 τον
296 1534 445 1586 βασιλεα
470 1534 660 1585 Ῥωμαίων
688 1533 822 1587 Πέτρον
848 1535 1036 1573 ἐπίσκοπον
1055 1538 1116 1581 τῆς

69 1589 179 1647 φυλῆς
202 1596 263 1641 τῆς
281 1596 425 1643 ἑαυτου,
442 1592 474 1631 εἴ
491 1609 565 1636 πως
585 1592 723 1632 δύναιτο
750 1598 861 1631 ταῦτα
880 1593 1003 1638 πείσας
1031 1594 1115 1632 ποτὲ

68 1652 339 1704 διαπράξασθαι
358 1651 421 1696 Ὡς
435 1653 465 1690 δ’
481 1651 624 1706 ἀφίκετο
641 1652 700 1690 καὶ
713 1654 873 1705 διελέχθη
891 1655 941 1690 τῶ
962 1655 1115 1705 βασιλεῖ,

66 1711 204 1764 δέχεται
234 1710 312 1755 τους
350 1711 471 1763 λόγους
502 1714 520 1749 ὁ
552 1711 737 1762 βασιλευς,
768 1712 828 1750 καὶ
865 1713 1116 1763 μετάπεμπτον

66 1770 163 1815 εὐθὺς
179 1775 328 1809 ποιεῖται
348 1769 405 1809 τὸν
424 1770 635 1822 Ἀμόρκεσον
653 1771 763 1808 ἐλθεῖν
777 1769 862 1823 πρὸς
879 1770 993 1819 αὐτὸν,
1012 1771 1118 1810 ἀδου-

68 1828 200 1868 λότατα
219 1833 321 1867 τοῦτο
352 1829 623 1879 διανοησάμενος
642 1829 703 1867 καὶ
727 1830 888 1876 ποιήσας.
917 1832 962 1870 Εἰ
985 1829 1052 1883 γὰρ
1075 1830 1116 1878 δὴ

66 1886 126 1926 καὶ
146 1887 323 1940 φύλαρχον
354 1891 596 1940 χειροτονῆσαι
627 1887 828 1941 προῄρητο,
849 1888 917 1926 ἔδει
938 1888 1117 1941 πόρρωθεν

65 1947 139 1986 ὄντι
158 1949 208 2000 τῷ
225 1947 425 1998 Ἀμορκέσῳ
446 1951 547 1985 τοῦτο
563 1947 774 1999 προστάξαι,
793 1946 855 1991 ἕως
876 1947 937 1986 καὶ
964 1948 1008 1986 τὰ
1026 1948 1117 1987 Ῥω-

69 2005 182 2056 μαίων
200 2005 334 2055 ἐνόμιζε
356 2005 505 2058 φοὸερὰ,
528 2005 588 2044 καὶ
608 2012 677 2049 τοῖς
694 2005 860 2058 ἄρχουσιν
881 2005 936 2044 ἀεὶ
961 2007 1032 2050 τοῖς
1059 2023 1116 2044 τυ-

68 2120 178 2149 Persas
188 2119 220 2150 et
241 2120 402 2150 Romanos
429 2118 608 2149 maximum
635 2118 775 2157 bellum,
790 2117 907 2149 l'oedere
927 2127 995 2149 rem
1015 2121 1118 2149 trans-

67 2171 210 2209 egerunt.
258 2166 302 2201 Eo
335 2169 453 2201 soedere
477 2170 664 2206 cavebatur,
689 2178 729 2200 ne
754 2170 899 2200 alterutri
914 2169 1120 2201 admitterent

68 2223 261 2260 Saracenos,
274 2221 372 2261 quiin
386 2229 496 2252 eorum
511 2220 573 2252 fide
590 2222 621 2252 et
639 2220 759 2252 ditione
773 2222 895 2259 essent,
910 2220 934 2251 si
951 2222 1032 2253 forte
1049 2222 1120 2261 quis

68 2272 218 2305 deficiens
242 2281 293 2305 res
324 2281 424 2304 novas
446 2273 553 2304 moliri
578 2274 728 2305 tentaret.
776 2273 871 2313 Apud
901 2275 1014 2305 Persas
1052 2275 1120 2306 erat

70 2327 259 2356 Amorcesus
276 2333 390 2364 genere
413 2324 585 2356 Nocalius:
603 2324 649 2363 is,
680 2325 747 2357 sive
775 2325 861 2366 quod
890 2326 978 2357 nullo
1000 2326 1120 2358 honore

69 2377 154 2417 apud
173 2386 227 2410 eos
241 2377 426 2417 haberetur,
456 2377 524 2409 sive
547 2378 764 2409 Romanorum
791 2378 952 2418 regionem
979 2379 1120 2411 incolere

71 2429 176 2469 potius
203 2428 355 2469 duceret,
385 2429 543 2461 Persidem
570 2429 775 2469 relinquens,
795 2430 827 2461 in
850 2431 989 2462 vicinam
1019 2432 1121 2462 Persis

71 2481 220 2513 Arabiam
245 2480 406 2521 migravit.
435 2481 518 2512 Hinc
538 2490 728 2519 excurrens,
749 2482 874 2522 rapinas
891 2483 922 2514 et
938 2484 1043 2514 cetera
1060 2483 1119 2514 ho-

69 2532 153 2564 stilia
169 2532 341 2564 exercebat
363 2534 395 2563 in
415 2534 632 2564 Romanorum
650 2533 780 2573 quidem
803 2534 986 2574 neminem,
1006 2534 1060 2566 sed
1088 2535 1119 2566 in

72 2586 263 2625 Saracenos,
281 2593 362 2624 quos
374 2583 493 2624 passim
516 2584 711 2617 offendebat.
755 2586 808 2618 Sic
824 2586 999 2626 potentiam
1027 2595 1119 2618 suam

71 2644 207 2676 augens,
222 2635 377 2676 paulatim
392 2636 510 2676 crevit,
524 2638 557 2667 et
576 2645 671 2668 unam
686 2645 727 2668 ex
743 2636 871 2675 insulis,
886 2646 960 2678 quae
973 2639 1122 2670 Romanis

73 2688 246 2728 parebant,
270 2687 329 2719 sibi
353 2687 488 2727 subjecit
515 2689 647 2720 Iotaben
669 2689 783 2730 (nunc
811 2690 941 2731 Ιαῠοα)
969 2691 1121 2732 nomine,

73 2747 154 2779 qua,
175 2738 317 2779 expulsis
341 2738 540 2771 decimarum
557 2740 761 2773 exactoribus
774 2765 782 2781 ,
808 2742 930 2781 potitus
948 2743 1008 2774 est.
1054 2745 1121 2782 lta-

74 2801 137 2832 que
147 2792 267 2824 tributa
281 2792 429 2832 colligens
441 2817 450 2832 ‚
465 2802 566 2833 quum
583 2793 678 2825 etiam
693 2803 734 2825 ex
745 2794 899 2835 proximis
912 2795 992 2827 vicis
1005 2797 1123 2829 multas

75 2843 199 2884 praedas
215 2843 345 2884 egisset,
364 2853 428 2875 non
445 2853 578 2884 parvam
601 2845 810 2885 pecuniarum
829 2855 988 2879 summam
1007 2847 1047 2879 ihi
1067 2858 1122 2889 pa-

76 2895 169 2928 ravit.
217 2896 335 2929 Deinde
348 2899 567 2929 Romanorum
580 2899 816 2931 confoederatus
833 2901 865 2932 et
876 2902 1122 2942 Saracenorum,

77 2947 133 2988 qui
155 2948 187 2979 in
211 2949 328 2980 Arabia
342 2951 465 2981 Petraea
487 2950 548 2981 sub
568 2950 720 2982 Romanis
736 2951 874 2991 degunt,
887 2952 1035 2994 princeps
1056 2962 1125 2986 esse

78 3009 266 3041 magnopere
281 3002 442 3042 cupiebat.
489 3004 709 3040 Quamobrem
726 3005 767 3036 ad
783 3007 921 3038 Leonem
951 3007 1123 3048 imperato-

80 3062 146 3085 rem
172 3054 271 3086 mittit
297 3056 445 3095 Petrum,
474 3056 543 3096 ejus
565 3058 666 3096 gentis
692 3058 895 3099 episcopum,
919 3060 992 3100 qui,
1019 3061 1045 3093 si
1061 3070 1126 3102 qua

81 3106 202 3138 ratione
222 3108 343 3147 posset,
367 3108 408 3139 ab
434 3108 626 3146 imperatore
644 3110 713 3142 haec
736 3110 933 3152 impetraret.
980 3115 1022 3145 Ut
1039 3115 1126 3147 venit

80 3157 114 3189 et
135 3167 209 3190 cum
235 3159 425 3199 imperatore
450 3161 546 3193 verba
573 3161 666 3201 fecit,
681 3171 845 3195 sermones
864 3166 933 3204 ejus
953 3166 1127 3206 imperator

82 3211 215 3252 excipit,
233 3214 265 3244 et
287 3215 494 3245 Amorcesum
516 3215 624 3246 statim
638 3215 677 3246 ad
696 3224 730 3248 se
740 3219 847 3248 vocat.
893 3221 973 3257 Quae
989 3227 1064 3251 sane
1078 3219 1125 3250 in-

82 3265 318 3300 consultissime
344 3267 376 3298 et
392 3267 489 3299 sensit
516 3268 548 3299 et
580 3268 665 3300 fecit.
710 3270 855 3311 Etenim,
875 3271 901 3303 si
925 3271 1029 3312 ipsum
1058 3272 1127 3313 ejus

68 3315 190 3367 ⁴gentis
220 3317 392 3358 principem
418 3327 526 3351 creare
553 3320 788 3361 constituisset,
815 3323 1002 3363 oportuerat
1018 3333 1092 3355 eum
1109 3333 1127 3356 e

85 3367 255 3409 longinquo
266 3370 326 3401 hoc
337 3371 504 3411 mandare,
518 3373 554 3404 ut
569 3374 785 3406 Romanorum
802 3375 970 3416 imperium
985 3377 1028 3408 illi
1042 3386 1126 3409 sem-

2148 218 2216 248 113

1170 297 1274 347 χοῦσι
1293 293 1485 344 Ῥωμαίων
1506 293 1649 344 ἔμελλεν
1671 293 1801 340 ἥκεινί
1790 295 2065 347 υποπεπτηχὼς,
2083 298 2142 334 καὶ
2159 298 2220 343 τήν

1171 369 1211 406 γε
1227 352 1463 406 προσηγορίαν
1483 352 1655 405 βασιλέως
1675 351 1811 390 ἀκούων
1831 353 1954 399 αὐτήν
1985 354 2057 393 Και
2073 354 2140 407 γὰρ
2166 356 2221 393 διὰ

1158 414 1302 455 ,πολλοῦ
1333 411 1489 464 κρεῖττόν
1521 427 1554 449 τι
1586 413 1655 449 τῶν
1682 410 1871 463 ἀνθρώπων
1897 415 1986 450 εῖναι
2005 415 2074 450 τῶν
2107 414 2222 452 ἄλλων

1173 471 1320 522 ενόμιζε.
1344 472 1418 509 Νῦν
1441 470 1476 508 δὲ
1494 473 1630 522 πρῶτον
1648 467 1711 520 μὲν
1731 469 1835 508 αὐτὸν
1856 469 1912 508 διὰ
1925 470 2090 509 πόλεων
2076 488 2168 522 ηγεν,
2186 472 2226 515 ἃς

1173 530 1318 581 ἔμελλεν
1337 529 1482 583 ὄψεσθαι
1499 532 1630 582 τρυφῆς
1654 527 1756 579 μόνον
1775 528 1950 579 γεμούσας
1963 558 1974 579 ,
1994 529 2111 573 ὅπλοις
2132 530 2167 568 δὲ
2187 533 2225 569 οὗ

1170 589 1375 642 χρωμένας·
1395 591 1516 627 ἔπειτα
1539 589 1594 636 δὲ,
1615 591 1661 631 ὡς
1685 589 1829 634 ἀνῆλθεν
1852 589 1886 631 ἐς
1907 588 2108 636 Βυζάντιον,
2126 588 2227 641 8475:—

1173 665 1231 687 ται
1265 648 1362 700 παρὰ
1395 652 1454 686 τοῦ
1484 646 1656 700 βασιλέως
1678 646 1855 696 ἀσμένως,
1878 645 1942 698 [ὃς]
1973 646 2033 684 καὶ
2055 649 2228 698 τραπέζης

1172 707 1334 746 κοινωνὸν
1355 709 1539 760 βασιλικῆς
1557 704 1747 752 ἐποιήσατο
1758 736 1768 752 ,
1784 704 1845 743 καὶ
1858 707 1985 757 βουλῆς
1998 706 2228 761 προκειμένης

1174 765 1263 817 μετὰ
1283 769 1344 813 τῆς
1369 765 1550 818 γερουσίας
1578 765 1820 816 συμπαρεῖναι
1840 763 1964 802 ἐποίει·
1985 764 2046 803 καὶ
2063 764 2103 803 τό
2120 781 2158 817 γε
2185 765 2226 811 δὴ

1174 825 1356 878 αἴσχιστον
1380 825 1507 868 ὄνειδος
1535 826 1603 862 τῶν
1629 822 1836 873 Ῥωμαίων,
1855 822 1908 861 ὅτι
1934 824 2106 876 καθέδραν
2132 825 2227 877 αὐτῷ

1174 884 1236 932 τὴν
1253 882 1568 938 πρωτοπατρικίων
1587 883 1800 929 ἀποδοθῆναι
1821 882 1982 921 ἐκέλευσε
2004 884 2229 935 σχηματισοὶ-

1176 958 1276 994 μενος
1298 946 1316 982 ὁ
1347 943 1509 996 βασιλεὺς
1523 973 1533 993 ,
1555 941 1609 979 ὅτι
1622 941 1671 988 ’δὴ
1698 941 1907 994 Χριστιανὸς
1927 942 2113 989 ἀνεπείσθη
2134 942 2230 994 γενέ-

1177 1005 1278 1039 σθαι·
1293 1001 1354 1040 καὶ
1375 1000 1472 1045 τέλος
1488 999 1695 1054 ἀπέπεμψεν
1715 1000 1834 1049 αὐτὸν,
1851 1000 1922 1054 ἰδίᾳ
1941 1001 2004 1052 μὲν
2021 1001 2104 1054 παρ’
2122 1002 2229 1040 αὐτοῦ

1175 1060 1291 1098 εἰκόνα
1322 1059 1400 1098 τινὰ
1431 1063 1567 1113 χρυσῆν
1596 1059 1656 1098 καὶ
1682 1059 1870 1098 κατάλιθον
1899 1060 2020 1098 Meam
2051 1060 2230 1114 (λαὸόντα

1177 1134 1210 1159 c.
1230 1120 1324 1172 N.)‚
1348 1119 1482 1173 σφόδρα
1512 1135 1548 1157 τε
1572 1113 1678 1157 οὖσαν
1698 1120 1896 1167 πολυτελῆ,
1917 1119 1978 1158 καὶ
2010 1122 2079 1158 τῶν
2113 1120 2228 1158 ἄλλων

1176 1178 1343 1222 κελεύσας
1359 1179 1507 1217 ἕκαστον
1528 1179 1747 1230 εἰσενεγκεῖν,
1764 1178 1838 1216 ὅσοι
1859 1178 1995 1217 ἐτέλουν
2017 1179 2051 1222 ἐς
2067 1177 2130 1226 τὴν
2153 1182 2231 1230 βου-

1175 1236 1254 1284 λήν.
1274 1238 1350 1284 Τὴν
1371 1236 1407 1275 δὲ
1426 1240 1531 1284 νῆσον
1553 1236 1698 1284 ἐκείνην,
1716 1232 1757 1283 ῆς
1774 1237 1997 1287 ἐμνήσθημεν
2014 1237 2176 1290 πρόσθεν,
2191 1239 2229 1276 οὐ

1177 1295 1281 1345 μόνον
1301 1297 1488 1334 κατέλιπεν
1511 1296 1606 1349 αὐτῷ
1624 1294 1716 1347 ἔγειν
1739 1297 1776 1346 βε
1781 1294 1911 1345 ὅαίως,
1930 1295 2021 1333 ἀλλα
2040 1310 2100 1333 και
2118 1295 2231 1338 ἄλλας

1176 1355 1270 1392 αὐτο
1302 1354 1424 1404 κώμας
1457 1354 1650 1407 προσέθηκε
1685 1353 1858 1398 πλείονας.
1881 1357 2007 1393 Ταυτα
2033 1352 2230 1414 παρασχὼν

1176 1412 1382 1465 Ἀμορκέσω
1400 1415 1417 1450 ὃ
1436 1413 1535 1451 Λεων
1555 1412 1616 1450 καὶ
1632 1414 1702 1450 τῶν
1720 1411 1876 1464 φυλων
1854 1427 2030 1464 αργοντα,
2039 1415 2087 1450 ων
2107 1412 2208 1459 ἤθελε
2221 1442 2231 1458 ,

1176 1470 1345 1518 ποιήσας,
1367 1470 1575 1523 ἀπέπεμψεν
1595 1469 1740 1522 ὓψηλον,
1761 1470 1854 1508 καὶ
1841 1469 1918 1514 (ἶσος
1937 1487 2001 1509 ουκ
2020 1470 2146 1521 ἔμελλε
2161 1474 2231 1515 τοῖς

1178 1528 1373 1580 δεξαμένοις
1389 1530 1594 1569 λυσιτελεῖν.
1615 1530 1672 1567 Cf.
1691 1531 1910 1567 Tillcmont.
1928 1533 2000 1576 VI,
2017 1545 2059 1580 p.
2082 1535 2172 1578 [¹17-

1377 1639 1414 1662 2.
1442 1626 1543 1675 (473
1563 1639 1604 1675 p.
1637 1626 1680 1665 C.
1700 1628 1821 1663 Leon.
1847 1639 1909 1664 an.
1941 1625 2029 1675 17.)

1233 1715 1382 1751 Ibidem
1410 1728 1451 1764 p.
1477 1727 1542 1763 92.
1567 1715 1615 1762 93
1646 1728 1652 1750 :
1675 1711 1793 1751 “Otto
1813 1712 1916 1756 αὐτὸς
1945 1712 2044 1752 Λέων
2073 1713 2234 1765 βασιλεὺς

1180 1771 1362 1810 ἀπέστειλε
1373 1772 1458 1824 πρὸς
1469 1771 1546 1815 τοὺς
1559 1774 1592 1810 ἐν
1603 1775 1646 1824 τῇ
1661 1771 1788 1824 Θρᾴκῃ
1805 1772 2002 1825 βαρὸάρους
2017 1772 2233 1824 πρεσὸευτὴν

1179 1830 1346 1880 Τελόγιον
1374 1832 1385 1882 (
1402 1830 1576 1881 Πελάγιον
1602 1833 1662 1868 vel
1693 1830 1863 1880 Εὐλόγιον
1887 1831 1990 1878 conj.
2009 1833 2057 1867 N.
2076 1832 2086 1880 )
2103 1831 2161 1868 τὸν
2182 1847 2234 1869 σι·

1180 1890 1385 1942 λεντιαριον.
1406 1891 1453 1928 Οἱ
1478 1888 1514 1927 δὲ
1534 1889 1708 1942 βάρὸαροι
1727 1905 1848 1928 τουτον
1869 1889 2028 1940 ἀσμένως
2052 1889 2233 1940 δεξάμενοι

1183 1947 1439 1998 ἀντιπέμπουσι
1462 1947 1626 2000 πρέσὸεις
1648 1948 1733 2001 πρὸς
1749 1947 1808 1986 τὸν
1839 1947 2006 2000 βασιλέα,
2028 1948 2119 2001 φίλοι
2140 1948 2236 1987 Ῥω-

1184 2006 1296 2056 μαίων
1318 2010 1405 2044 εἰναι
1436 2006 1652 2058 βουλόμενοι.
1685 2006 1885 2062 Ἠτήσαντο
1914 2006 1950 2044 δε
1976 2008 2078 2059 τρία,
2098 2022 2234 2059 πρωτον

1180 2118 1321 2150 buslibet
1350 2121 1569 2150 Romanorum
1601 2120 1841 2160 magistratibus
1867 2119 1908 2151 ad
1930 2129 1964 2155 se
1988 2119 2234 2160 accedentibus,

1183 2171 1346 2201 tremeret.
1359 2171 1410 2202 Sic
1421 2171 1505 2202 enim
1518 2171 1621 2202 multo
1635 2171 1738 2211 majus
1749 2171 1824 2212 quid
1840 2173 1871 2203 et
1882 2172 2088 2212 praestantius
2102 2171 2236 2213 reliquis

1181 2227 1367 2260 hominibus
1380 2237 1454 2260 eum
1469 2238 1536 2260 esse
1550 2228 1745 2261 credidisset.
1792 2231 1832 2261 At
1848 2229 1901 2261 ille
1923 2229 2087 2261 hominem
2106 2238 2162 2269 per
2179 2225 2235 2260 in·-

1182 2279 1237 2311 bes
1253 2280 1491 2320 circumduxit,
1507 2289 1588 2321 quas
1600 2281 1730 2312 visurus
1743 2281 1812 2313 erat
1826 2280 1925 2312 armis
1941 2289 2058 2314 vacuas
2068 2282 2103 2312 et·
2112 2280 2236 2312 deliciis

1185 2331 1304 2371 plenas.
1352 2334 1465 2371 Hunc,
1491 2334 1528 2363 ut
1555 2332 1745 2372 Byzantium
1769 2333 1876 2371 venit,
1904 2332 2079 2372 imperator
2101 2331 2237 2372 benigne

1180 2384 1317 2424 excipit,
1332 2386 1364 2417 et
1378 2385 1472 2425 regiae
1488 2394 1606 2417 mensae
1624 2384 1811 2425 participem
1825 2385 1910 2417 fecit.
1935 2386 2066 2417 Senatui
2083 2393 2214 2425 quoque
2225 2409 2234 2424 ,

1180 2445 1277 2476 quem
1289 2436 1608 2477 indixit,interesse‚
1635 2438 1667 2469 et
1692 2437 1757 2476 illi,
1773 2437 1861 2477 quod
1887 2436 2098 2469 soedissimum
2117 2438 2236 2468 Roma-

1181 2497 1296 2520 norum
1323 2489 1477 2529 probrum
1508 2489 1586 2529 suit,
1613 2488 1725 2520 sellam
1753 2489 1829 2529 poni
1854 2490 1929 2520 ante
1954 2497 2065 2520 omnes
2086 2487 2237 2528 patricios

1180 2539 1290 2580 jussit,
1308 2540 1382 2572 licta
1405 2550 1520 2581 causa,
1541 2540 1630 2581 quod
1653 2540 1852 2572 Christianus
1869 2540 1935 2572 [ieri
1961 2549 2130 2580 persuasus
2142 2542 2235 2572 esset.

1186 2593 1353 2639 Postremo
1375 2593 1497 2625 dimisit
1513 2602 1607 2632 eum,
1632 2593 1802 2633 postquam
1817 2592 1883 2633 ipse
1900 2591 2070 2632 imaginem
2087 2600 2235 2631 auream,

1182 2644 1352 2684 magnifice
1378 2645 1511 2685 gemmis
1533 2645 1744 2683 exornatam,
1772 2644 1801 2676 ei
1830 2643 2024 2682 donaverat,
2050 2645 2083 2676 et
2104 2643 2137 2676 in
2161 2653 2234 2676 eum

1182 2696 1278 2727 etiam
1295 2700 1408 2728 omnes
1419 2721 1428 2735 ,
1444 2696 1500 2737 qui
1518 2697 1551 2728 in
1568 2692 1716 2728 senatum
1734 2697 1826 2727 erant
1839 2695 2009 2736 adscripti,
2028 2695 2090 2727 alia
2103 2705 2237 2728 munera

1183 2749 1329 2780 conferre
1350 2748 1500 2788 jusserat.
1546 2748 1688 2780 Insulam
1719 2756 1817 2787 vero,
1853 2747 1944 2788 cujus
1973 2756 2071 2788 supra
2098 2748 2235 2780 mentio-

1183 2809 1256 2832 nem
1285 2800 1436 2840 secimus,
1460 2809 1525 2832 non
1548 2800 1652 2832 solum
1674 2799 1744 2840 ejus
1763 2799 1912 2840 potestati
1931 2799 2098 2840 permisit,
2114 2801 2151 2831 ut
2165 2809 2236 2837 eam

1183 2852 1250 2884 sine
1274 2852 1493 2884 controversia
1517 2851 1778 2892 possideret:sed
1803 2852 1836 2883 et
1858 2851 1965 2891 plures
1984 2851 2064 2883 alios'
2078 2851 2165 2884 vicos
2179 2852 2236 2883 ad-

1182 2903 1269 2944 jecit.
1287 2903 1396 2945 Quum
1411 2904 1459 2935 his
1474 2903 1565 2935 illum
1581 2903 1742 2936 beneficiis
1754 2904 1944 2935 ornassetet
1961 2903 2184 2949 phylarchum,
2201 2907 2236 2935 ut

1183 2957 1370 2996 optaverat,
1384 2955 1618 2995 constituisset,
1631 2955 1752 2987 elatum
1769 2956 1801 2987 et
1815 2955 2054 2995 superbientem
2072 2957 2103 2987 et
2118 2956 2214 2987 talem
2226 2981 2233 2994 ‚

1185 3008 1240 3048 qui
1258 3016 1322 3039 non
1336 3009 1418 3039 esset
1429 3007 1484 3046 iis,
1498 3007 1553 3048 qui
1566 3007 1701 3048 benigne
1717 3015 1791 3039 eum
1808 3007 2233 3048 exceperant,prosuturus,

1186 3059 1317 3091 dimisit.

1671 3110 1676 3114 ’
1695 3116 1728 3147 2.

1228 3171 1291 3201 Leo
1316 3169 1488 3210 imperator
1507 3169 1594 3201 misit
1610 3170 1793 3210 Pelaqium
1809 3168 2018 3202 silentiarium
2036 3169 2175 3208 legatum
2195 3169 2233 3198 ad

1186 3220 1355 3260 barbaros,
1379 3220 1434 3261 qui
1461 3221 1493 3252 in
1519 3221 1655 3252 Thracia
1677 3222 1780 3253 erant.
1827 3220 1956 3253 Barbari
1983 3220 2106 3252 lubenti
2127 3219 2234 3250 animo

1187 3271 1325 3311 legatum
1351 3273 1565 3314 exceperunt,
1592 3274 1625 3304 et
1645 3272 1764 3313 legatos
1789 3273 1847 3312 ipsi
1875 3280 2004 3312 quoque
2026 3270 2066 3302 ad
2094 3271 2232 3310 impera-

1186 3326 1309 3363 torem,
1334 3327 1548 3357 Romanorum
1567 3325 1662 3357 amici
1690 3334 1760 3358 esse
1778 3325 1964 3366 cupientes,
1983 3324 2158 3362 miserunt,
2177 3331 2233 3362 per

1187 3386 1268 3417 quos
1284 3378 1345 3409 tria
1369 3378 1409 3409 ab
1426 3387 1465 3410 eo
1478 3378 1598 3418 petiere
1617 3390 1624 3409 :
1641 3378 1782 3418 primum
1796 3379 1832 3409 ut
1847 3376 2087 3408 Theuderichus
2099 3399 2107 3412 ,
2121 3374 2232 3406 Triarii

88 3426 143 3458 per
158 3419 316 3452 formidini
330 3425 429 3462 esset,
459 3424 491 3454 et
507 3423 546 3454 ad
561 3424 664 3455 solum
682 3434 799 3457 nomen
816 3427 1017 3467 imperatoris
1028 3452 1037 3468 ,
1054 3429 1126 3469 qui·
1155 3450 1159 3463 .
1189 3429 1224 3469 s.,
1239 3438 1349 3461 eorum
1363 3429 1428 3462 dux
1443 3454 1452 3469 ,
1465 3430 1552 3461 omni
1568 3429 1761 3468 hereditate,
1776 3437 1871 3469 quam
1887 3429 1928 3459 illi
1943 3427 2115 3467 reliquerat
2135 3429 2232 3466 Aspar

213 3485 400 3509 FRAGMENTA
422 3487 543 3510 msron.
566 3488 618 3511 GR·
639 3498 673 3503 —
688 3489 756 3512 voL.
778 3491 820 3514 lV.

2092 3489 2108 3511 8
