2372 3704
160 193 177 210 ἱ

154 244 229 279 492

152 332 350 367 Seleucum
383 330 626 379 Tarsensem,
654 330 721 378 qui
750 331 842 366 item
867 331 1080 366 Halieutica
1092 356 1102 375 ,
1130 329 1195 366 sed

152 401 268 437 prosa
304 389 476 424 oratione
488 415 500 434 ,
519 390 756 438 composuit,
774 395 962 424 memorat
994 389 1195 424 Athenaeus

153 461 193 496 p.
218 447 326 492 13,C,
345 455 382 483 et
399 461 440 496 p.
454 447 543 492 320,
556 450 603 493 A,
619 449 706 484 coll.
723 447 838 484 Suida
853 460 888 483 v.
906 444 1074 488 Κικίλιος.
1089 446 1196 484 Com-

153 507 328 542 mentarii
356 507 396 541 in
417 508 576 554 Lyricos
609 506 764 542 fortasse
783 518 863 541 non
889 505 1060 541 Emeseni
1084 512 1194 550 sunt,

151 566 218 601 sed
234 565 478 601 Alexandrini
497 566 656 610 Seleuci,
675 576 790 613 quem
809 575 1051 613 omnespaenc
1065 570 1197 612 poetas

153 624 357 673 explicasse
372 623 505 661 Suidas
521 630 692 661 testatur.

568 767 780 782 “OQ——

189 887 650 946 SEMERONIUS
687 886 1161 945 BABYLONIUS.

205 1024 344 1060 Chron.
360 1023 528 1060 Paschal.
547 1035 586 1070 p.
600 1021 648 1057 38
663 1022 750 1057 Par.
773 1021 831 1070 (p.
851 1021 901 1058 68
914 1019 1050 1072 Bonn.)
1067 1035 1074 1057 :
1093 1019 1198 1059 Μετὰ

151 1079 210 1118 τὸν
226 1079 332 1119 Νίνον
350 1079 573 1117 ἐὸασίλευσεν
600 1077 761 1130 Θούρρας
781 1077 924 1128 ὀνόματι
938 1108 949 1128 ,
971 1078 1086 1116 ὅντινα
1112 1077 1199 1116 ὠνό-

154 1153 269 1187 μασεν
294 1139 312 1174 ὁ
342 1135 464 1174 τούτου
498 1136 615 1188 πατὴρ
636 1136 760 1186 Ζάμης
779 1138 798 1174 ὁ
830 1139 889 1183 τῆς
917 1135 1022 1179 Ῥέας
1056 1136 1200 1188 ἀδελφὸς

151 1195 259 1248 Ἄρεα
274 1197 320 1239 εἷς
337 1194 447 1245 ὄνομα
463 1198 523 1233 τοῦ
541 1194 714 1242 πλάνητος
732 1194 920 1247 ἀστέρος...
939 1194 1010 1233 Καὶ
1026 1194 1115 1245 μετὰ
1135 1194 1198 1241 τὴν

151 1254 314 1300 τελευτὴν
334 1253 463 1306 Ἄρεως
482 1253 706 1292 ε’ὅασίλευσεν
725 1255 743 1291 ὁ
767 1253 904 1303 Αάμης·
925 1253 984 1291 καὶ
1005 1252 1094 1302 μετὰ
1122 1253 1201 1292 Λά-

153 1327 223 1362 μην
244 1310 468 1350 ἐδασίλευσεν
499 1311 687 1363 Ἀσσυρίων
706 1311 1010 1363 Σαρδανάπαλλος
1029 1312 1046 1348 ὁ
1063 1310 1174 1361 μέγας
1187 1340 1198 1360 ,

153 1369 269 1408 ὅντινα
291 1369 448 1422 Περσεὺς
465 1371 482 1406 ὃ
499 1369 640 1416 Δανάης
655 1368 835 1422 ἐφόνευσεν
856 1369 917 1407 καὶ
947 1369 1107 1422 ἀφείλετο
1136 1369 1199 1415 τὴν

156 1428 335 1480 βασιλείαν
358 1427 426 1466 ἀπὸ
442 1427 647 1480 Ἀσσυρίων,
663 1428 723 1466 καὶ
740 1427 948 1479 βασιλεύσας
965 1429 1080 1465 αὐτῶν
1101 1428 1148 1471 εἷς
1159 1427 1198 1465 τὸ

153 1487 239 1525 ἴδιον
271 1486 381 1536 ὄνομα
401 1486 611 1524 ἐπεκάλεσεν
638 1486 763 1531 αὐτοὺς
784 1486 937 1538 Πέρσας.
956 1485 1080 1525 Ἅτινα
1100 1501 1200 1524 συνε-

154 1544 316 1597 γράψατο
333 1544 557 1596 Σεμηρώνιος
576 1547 594 1582 ὁ
611 1544 836 1588 Βαὸυλώνιος
866 1544 1025 1597 Πέρσης.

206 1606 356 1640 Nomen
387 1605 580 1640 Persicum
603 1604 770 1640 auctoris
786 1604 945 1640 fortasse
968 1604 1040 1640 fuit
1073 1601 1200 1654 Σειρά-

155 1676 254 1711 μνης.
273 1663 449 1699 Siramnae
465 1664 583 1699 Persae
605 1662 750 1699 dictum
775 1662 884 1699 affert
907 1661 1097 1699 Plutarch.
1116 1663 1199 1698 Mo-

155 1722 227 1760 ral.
251 1733 291 1770 p.
319 1733 414 1770 172,
433 1722 480 1758 E.

567 1842 783 1858 ἤθο-

404 1957 640 2016 SEMUS
677 1957 960 2016 DELIUS.

210 2101 342 2139 suidas
360 2113 370 2140 ε
387 2101 676 2152 Σῆμος,Ἦλεῒος,
687 2101 944 2154 γραμματικός.
960 2100 1121 2155 Ἔγραψε
1135 2103 1202 2149 Δη-

159 2160 291 2197 λιακῶν
310 2158 430 2211 βιὸλία
448 2162 497 2206 η’.
522 2159 710 2211 Περιόδους
728 2160 771 2212 β’.
787 2160 878 2212 Περὶ
903 2160 1025 2213 Πάρου
1040 2160 1090 2198 α’·
1113 2162 1202 2213 Περὶ

160 2217 350 2268 Περγάμου
386 2216 433 2258 α’.
466 2217 555 2271 Περὶ
589 2218 761 2258 παιάνων.
783 2221 1001 2268 Sequuntur
1024 2222 1204 2257 nonnulla

157 2290 206 2313 ex
221 2278 399 2314 Athenaeo
426 2278 535 2326 XIV,
557 2290 598 2326 p.
625 2278 700 2314 622
730 2287 909 2328 excerpta
935 2279 994 2330 (V.
1031 2279 1078 2316 fr.
1115 2276 1200 2330 20).

158 2335 301 2370 Eadem
319 2335 492 2371 Eudocia
509 2348 548 2383 p.
573 2335 658 2372 386.

212 2392 357 2442 Σῆμος]
373 2394 425 2428 sic
435 2395 687 2442 Bernhardy.;
705 2392 827 2443 Σημὸς
842 2394 949 2440 libri3
963 2408 1104 2432 nomen
1117 2409 1202 2432 cor·

158 2458 316 2498 ruptum
331 2452 369 2485 in
383 2453 503 2499 Δῆμος
517 2459 554 2487 et
562 2451 670 2500 Σῖμος
684 2452 729 2487 fr.
746 2466 759 2487 1
769 2465 804 2491 2.
815 2474 864 2480 -—
878 2451 1035 2503 Ἠλεῖος]
1047 2467 1117 2490 ser.
1136 2451 1204 2498 Δή-

163 2507 254 2552 λιος,
271 2515 315 2542 ut
340 2509 417 2555 ipse
439 2510 571 2544 Suidas
595 2522 633 2544 v.
658 2508 837 2560 Πράμνιος
859 2510 925 2559 (fr.
954 2509 994 2560 5)
1013 2519 1050 2547 et
1067 2512 1204 2559 reliqui

163 2564 376 2614 onmes(fr.
404 2579 437 2604 1.
462 2571 500 2609 4.
522 2566 559 2603 5.
579 2581 614 2614 7.
642 2581 702 2607 10.
725 2581 785 2604 12.
812 2574 872 2612 14.
897 2568 978 2618 15).
997 2591 1046 2597 —
1066 2570 1204 2614 Δηλια-

160 2622 255 2673 κῶν]
290 2625 400 2660 Hunc
434 2625 585 2661 titulum
612 2626 721 2663 etiam
746 2629 1026 2675 Harpocration
1050 2628 1204 2664 exhibet

161 2683 209 2720 fr.
229 2695 266 2720 2.
286 2682 426 2720 Ceteris
442 2684 535 2719 locis
557 2683 624 2733 (fr.
652 2698 687 2723 1.
711 2686 748 2721 3.
768 2684 805 2723 5.
822 2685 858 2721 6.
875 2699 909 2731 7.
931 2685 953 2721 8
984 2707 1031 2713 --
1055 2699 1115 2724 11.
1139 2685 1199 2724 13.

167 2753 229 2788 19.
257 2740 323 2789 2ο)
344 2741 523 2778 laudatur
539 2741 712 2788 Δηλιάς.
733 2746 778 2780 In
801 2745 1108 2792 exquisitioribus
1127 2745 1204 2779 istis

162 2798 470 2846 inscriptionibus
493 2801 643 2848 placere
667 2801 738 2836 sibi
761 2802 933 2837 solebant
961 2803 1111 2837 serioris
1137 2815 1204 2837 aevi

161 2863 347 2894 auctores.
376 2857 450 2892 Pro
481 2856 700 2903 Δηλιάδος
727 2858 774 2896 fr.
802 2872 846 2895 12
876 2861 1014 2908 legitur
1038 2857 1200 2901 Ἰλιάδος.

765 238 1049 278 SEMERONII
1078 238 1376 297 BABYLONll,
1405 240 1527 280 SEMI
1555 241 1689 281 DELll

1256 331 1386 368 Semus
1397 332 1431 369 ἐν
1447 331 1595 384 δευτέρῳ
1607 330 1782 379 Νησιάδος
1793 329 1838 382 (⁴¹)
1851 333 1990 369 citatur
2000 331 2044 369 fr.
2060 337 2098 378 4,
2111 331 2179 367 ubi
2194 331 2297 378 item,

1255 398 1369 438 puto,
1385 393 1649 440 reponendum
1665 399 1720 428 est
1735 389 1917 437 Δηλιάδος.
1938 393 2174 439 Quamquam
2194 389 2298 426 indi-

1258 450 1334 485 cari
1345 450 1482 498 aliquis
1495 452 1682 486 censuerit
1693 450 1843 486 Periodi
1859 450 1979 485 libros
1993 449 2103 486 duos.
2115 451 2170 485 Ex
2185 461 2300 498 argu-

1257 515 1385 544 mento
1405 508 1619 557 fragminis,
1641 509 1746 556 quod
1765 514 1819 544 est
1835 508 1882 544 de
1902 508 2048 544 Cimolo
2065 508 2205 552 insula,
2221 508 2300 543 col-

1258 566 1323 614 ligi
1342 567 1436 602 nihil
1448 574 1594 615 potest,
1616 579 1734 614 quum
1750 566 1797 602 de
1814 567 1894 602 aliis
1915 579 2070 614 quoque
2088 566 2218 602 insulis
2229 593 2239 610 ,
2257 572 2301 602 ut

1260 624 1306 660 de
1320 626 1428 660 Naxo
1460 623 1536 674 (fr.
1563 625 1627 674 12)
1645 632 1683 661 et
1702 625 1748 661 de
1776 626 1884 660 Icaro
1906 623 1977 673 (fr.
2002 623 2048 673 5)
2077 625 2117 660 in
2145 623 2302 661 Deliade

1259 694 1383 718 sermo
1397 682 1533 731 fuerit,
1552 690 1666 730 atque
1694 683 1918 731 omnino-ea
1933 682 1980 717 sit
1995 681 2140 718 indoles
2168 682 2301 731 perie-

1261 752 1393 788 geseos
1420 741 1661 788 antiquariae,
1677 747 1721 776 ut
1746 752 1806 776 res
1830 740 2084 776 diversissimae
2110 741 2151 775 in
2169 739 2302 776 eodem

1261 799 1359 834 libro
1395 805 1636 847 exponantur
1667 799 1728 834 vel
1761 805 1863 835 certe
1895 805 2107 847 tangantur.
2127 798 2232 846 Opus
2256 798 2303 834 de

1260 857 1453 893 Paeanibus
1470 857 1528 893 bis
1553 856 1731 893 laudatur
1751 869 1811 905 ap.
1830 857 2062 893 Athenaeum.
2079 856 2134 891 Ex
2148 856 2304 903 reliquis

1260 915 1408 963 scriptis
1438 927 1521 963 quae
1541 916 1651 951 Semo
1681 915 1916 959 tribuuntur,
1939 915 2055 959 nihil,
2074 913 2181 961 quod
2197 920 2303 949 certo

1255 972 1402 1019 judicio
1435 975 1624 1022 assignare
1648 974 1694 1008 iis
1716 973 1855 1021 possis,
1894 980 2080 1008 servatum
2105 971 2301 1007 habemus.

1261 1032 1436 1068 Ceterum
1454 1033 1550 1068 liber
1566 1034 1622 1068 De
1642 1032 1824 1080 Pergamo
1850 1031 1993 1067 indicio
2014 1038 2088 1076 est,
2108 1037 2306 1066 auctorem

1263 1090 1403 1126 diutius
1425 1098 1613 1127 versatum
1632 1102 1710 1126 esse
1738 1090 1924 1140 Pergami,
1941 1088 2112 1127 discendi
2139 1089 2200 1126 vel
2228 1087 2304 1124 do-

1262 1149 1372 1186 cendi
1389 1162 1512 1186 causa.

1679 1245 1883 1284 ΔΗΛῙΑΣ.

1578 1341 1609 1376 Ε
1635 1340 1784 1376 LIBRO
1811 1305 1968 1376 PIiIMO
1975 1365 1983 1372 .

1769 1438 1802 1464 1.

1315 1502 1514 1538 Athenaeus
1533 1503 1636 1546 XIV,
1650 1514 1689 1550 p.
1714 1501 1803 1547 637,
1825 1501 1853 1536 B
1872 1511 1881 1538 Ξ
1901 1500 2022 1548 Σῆμος
2044 1497 2079 1535 δὲ
2099 1499 2117 1535 ὁ
2130 1497 2255 1543 Δήλιος
2270 1498 2307 1535 ἔν

1261 1557 1392 1610 πρώτῳ
1423 1557 1596 1605 Δηλιάδος
1619 1559 1695 1608 (sc.
1719 1557 1871 1596 Φοίνικα
1891 1557 1930 1595 τὸ
1959 1556 2104 1608 ὄργανον
2135 1555 2306 1602 κληθῆναί

1263 1618 1368 1669 φησι)
1400 1615 1456 1653 διὰ
1478 1615 1517 1654 τὸ
1538 1617 1576 1653 ἐκ
1609 1619 1668 1654 τοῦ
1690 1617 1726 1654 ἐν
1741 1615 1847 1669 Δήλῳ
1877 1615 2026 1665 φοίνικος
2053 1613 2131 1658 τοὺς
2148 1616 2308 1665 ἀγκῶνας

1263 1677 1368 1713 αὐτοῦ
1385 1673 1652 1727 ἐξεργάσασθαι.

1768 1746 1802 1769 2.

1317 1809 1566 1859 Harpocratio
1591 1821 1601 1848 τ
1627 1807 1782 1855 Ἑκάτης
1818 1811 1933 1855 νῆσος.
1973 1810 2176 1860 Λυκοῦργος
2203 1806 2307 1846 Κατὰ

1265 1867 1530 1919 Μενεσαίχμου.
1562 1866 1639 1918 Πρὸ
1674 1869 1735 1912 τῆς
1768 1865 1884 1913 Δήλου
1910 1865 2023 1904 κεῖταί
2041 1882 2074 1904 τι
2109 1865 2304 1918 νησύδριον,

1267 1925 1352 1978 ὅπερ
1370 1925 1431 1963 ὑπ’
1457 1924 1554 1962 ἐνίων
1571 1926 1732 1963 καλεῖται
1748 1923 2003 1976 Ψαμμητίχη,
2032 1926 2078 1967 ὡς
2096 1923 2307 1974 Φανόδημος

1265 1986 1300 2021 ἐν
1336 1984 1368 2021 α’
1400 1984 1600 2029 Δηλιακῶν.
1634 1982 1887 2035 Ψαμμητίχην
1925 1982 1960 2020 δὲ
1987 1981 2176 2030 κεκλῆσθαί
2204 1997 2309 2036 φησιν

1265 2044 1283 2080 ὃ
1303 2041 1424 2093 Σημὸς
1444 2044 1478 2079 ἐν
1494 2044 1538 2094 τῇ
1559 2041 1592 2079 α’
1613 2041 1670 2080 διὰ
1690 2040 1728 2079 τὸ
1743 2047 1814 2085 τοῖς
1830 2041 2034 2094 ψαμμήτοις
2051 2044 2223 2093 τιμᾶσθαι
2241 2039 2304 2087 τὴν

1267 2100 1359 2138 θεόν·
1375 2099 1553 2153 ψάμμητα
1571 2100 1600 2137 δ’
1621 2099 1694 2137 ἐστὶ
1709 2100 1866 2151 ψαιστῶν
1883 2114 1934 2142 τις
1950 2098 2037 2138 ἰδέα.

1320 2158 1564 2210 Ψαμμητύχη
1599 2160 1687 2197 cod.
1722 2161 1751 2195 B
1786 2167 1823 2196 et
1851 2160 2030 2197 Favorin.
2069 2166 2108 2196 et
2138 2158 2311 2195 Eudocia

1265 2233 1304 2268 p.
1320 2224 1406 2263 144,
1422 2215 1658 2268 Ψαμμητίχη
1677 2218 1766 2255 cod.
1785 2220 1832 2254 D.
1852 2218 1985 2254 Suidas
1997 2218 2112 2254 habet
2126 2215 2309 2266 Ψαμμίτη

1271 2278 1396 2327 (quod
1421 2277 1698 2326 praeferendum
1724 2289 1798 2313 esse
1823 2277 2086 2324 Bernhardyus
2104 2276 2254 2325 censet)
2273 2283 2312 2312 et

1266 2337 1446 2384 deinceps
1461 2333 1681 2387 ψαμμίτοις..
1710 2334 1889 2386 ψάμμιτα.
1903 2335 2138 2371 Phanodemi
2157 2342 2195 2370 et
2212 2335 2310 2371 Semi

1265 2395 1497 2430 mentionem
1512 2394 1654 2428 omittit
1665 2394 1761 2428 sicut
1775 2405 1837 2443 ap.
1855 2394 2198 2440 Harpocrationem
2217 2394 2307 2430 cod.

1265 2454 1310 2490 B.
1336 2473 1390 2481 —
1411 2452 1565 2488 Siebelis
1588 2451 1638 2487 ad
1661 2451 1794 2500 fragm.
1823 2451 2057 2487 Phanodemi
2082 2464 2124 2500 p.
2149 2451 2172 2487 6
2197 2451 2311 2488 scribi

1266 2512 1428 2548 voluit...
1440 2510 1485 2552 ὡς
1501 2507 1726 2558 Φανόδημος.
1737 2507 1798 2547 Ἐν
1813 2507 1848 2546 δὲ
1865 2507 1899 2545 α’
1910 2509 2096 2555 Δηλιακῶν
2108 2509 2167 2548 Ψ.
2187 2509 2312 2554 κεκλῆ·

1267 2566 1347 2604 σθαί
1359 2581 1461 2619 φησιν
1479 2568 1497 2604 ὁ
1509 2568 1629 2616 Σῆμος
1645 2564 1702 2604 διὰ
1720 2564 1759 2604 τὸ
1775 2567 1855 2605 κτλ.
1874 2567 2086 2616 Simplicius
2098 2567 2198 2604 foret
2215 2569 2309 2604 scri-

1307 2682 1348 2722 (*)
1367 2681 1506 2714 Cononis
1525 2681 1684 2719 Νησιάδος
1696 2681 1827 2714 tertium
1840 2681 1950 2714 laudat
1968 2682 2067 2714 schol.
2086 2681 2190 2722 Apoll.
2204 2681 2309 2714 Rhod.

1268 2729 1315 2760 lbi
1331 2727 1494 2760 Reinesius
1515 2728 1556 2760 ad
1576 2729 1663 2761 Suid.
1685 2729 1707 2760 l.
1725 2729 1747 2760 l.
1763 2738 1814 2769 ap.
1835 2729 1952 2760 Bernh.
1973 2729 2058 2761 Semi
2082 2737 2198 2760 nomen
2221 2729 2310 2760 exci-

1194 2803 1201 2810 ,
1266 2775 1349 2807 disse
1359 2776 1451 2815 putat
1465 2775 1526 2815 (V.
1543 2777 1611 2806 not.
1627 2775 1667 2806 ad
1683 2777 1805 2807 Conon.
1825 2775 1863 2807 fr.
1881 2775 1932 2815 3).
1949 2775 2037 2807 Idem
2054 2775 2234 2815 suspicatur
2249 2777 2308 2807 Se-

1266 2831 1355 2853 mum
1366 2823 1511 2853 nostrum
1526 2822 1657 2853 sortasse
1671 2822 1807 2854 eundem
1821 2830 1889 2853 esse
1899 2830 1972 2853 cum
1983 2824 2070 2854 Simo
2082 2825 2127 2863 τῷ
2137 2823 2308 2866 ἁρμονικῷ,

1266 2869 1358 2908 cnjus
1375 2868 1520 2899 meminit
1537 2868 1732 2909 Porphyrius
1743 2869 1777 2899 in
1789 2868 1856 2900 Vit.
1871 2869 2005 2908 Pythag.
2021 2877 2053 2908 p.
2072 2873 2122 2900 85.

202 2966 280 2995 Post
293 2965 409 2996 Ninum
426 2967 568 3006 regnavit
592 2968 756 3008 Thurras,
773 2977 871 3008 quem
895 2970 984 3008 pater
1001 2969 1070 3009 ejus
1094 2971 1205 3000 Zames
1266 2968 1413 2999 mentum
1432 2967 1611 3007 musicum,
1638 2968 1837 3000 nominatum
1851 2976 1918 2999 esse
1939 2968 1985 2999 ait
2004 2977 2044 3000 ex
2058 2976 2115 3008 eo,
2133 2968 2220 3008 quod
2237 2969 2309 3000 bra·

160 3014 258 3046 Rheae
274 3015 370 3046 frater
388 3019 521 3048 Martem
541 3018 580 3049 de
606 3021 705 3051 Marte
720 3020 845 3059 planeta
862 3020 1052 3052 nominavit.
1076 3022 1117 3052 Et
1134 3021 1205 3061 post
1264 3019 1335 3050 chia
1347 3019 1398 3051 vel
1409 3020 1483 3060 Juga
1497 3019 1582 3051 illius
1600 3027 1639 3052 ex
1657 3020 1763 3059 palma
1779 3019 1895 3051 arbore
1916 3027 1989 3060 quae
2005 3019 2076 3052 Deli
2100 3020 2149 3052 est
2165 3020 2311 3053 confecta

160 3065 284 3097 obitum
301 3067 410 3099 Martis
423 3069 565 3107 regnavit
580 3071 703 3102 Lames.
721 3072 762 3102 Et
778 3072 848 3111 post
862 3073 982 3103 Lamen
993 3072 1126 3112 Assyriis
1142 3071 1204 3103 im-

161 3118 286 3159 peravit
301 3119 543 3160 sardanapallus
560 3131 710 3163 magnus,
739 3133 835 3164 quem
851 3126 984 3156 Perseus
999 3125 1102 3157 Danai
1121 3124 1205 3157 filius

162 3171 291 3210 occidit,
306 3180 435 3210 regnum
451 3174 582 3213 Assyriis
595 3175 726 3215 ademit,
735 3176 863 3217 ipseque
876 3187 1009 3224 regnans
1020 3177 1061 3210 de
1073 3187 1130 3210 suo
1144 3187 1203 3210 no-

1264 3071 1341 3103 sint.

1769 3121 1804 3154 2.

1308 3187 1443 3220 Hecates
1464 3187 1577 3220 insula.
1599 3190 1762 3229 Lycurgus
1786 3187 1904 3220 Contra
1919 3187 2200 3220 Menesaechmum.
2226 3189 2311 3221 Ante

163 3222 249 3253 mine
265 3223 373 3254 Persas
383 3224 571 3256 nominavit.
588 3226 700 3258 Literis
714 3227 784 3259 haec
796 3228 992 3270 consignavit
1004 3231 1206 3263 semeronius
1264 3239 1382 3271 Delum
1409 3240 1470 3271 sita
1493 3241 1541 3272 est
1570 3248 1670 3280 parva
1695 3239 1820 3279 insula,
1840 3247 1914 3279 quae
1947 3247 1966 3270 a
1991 3238 2154 3270 nonnullis
2175 3241 2310 3271 vocatur

164 3272 371 3315 Babylonius,
387 3275 517 3308 natione
533 3278 646 3308 Persa.

587 3347 782 3387 DELlAS.

211 3436 238 3464 t.
248 3433 360 3465 Semus
369 3434 476 3467 Delius
486 3435 517 3467 iu
531 3436 667 3470 Deliadis
680 3437 761 3471 libro
770 3439 873 3480 primo
882 3441 1076 3483 Phoenicem,
1088 3443 1205 3477 instru-

1267 3291 1500 3324 Psammetiche
1520 3291 1592 3333 (vel
1619 3292 1833 3332 Psammite),
1857 3292 1894 3323 ut
1910 3290 2133 3322 Phanodemus
2150 3291 2182 3322 in
2204 3291 2308 3332 primo

1267 3343 1520 3384 (Deliacorum).
1551 3343 1806 3375 Psammetichen
1832 3351 1909 3374 vero
1939 3341 2046 3373 vocari
2069 3342 2115 3374 ait
2136 3344 2249 3375 semus
2275 3342 2307 3373 in

1267 3397 1368 3437 primo
1387 3396 1615 3438 [Deliaeorum]
1626 3421 1634 3435 ,
1649 3396 1736 3437 quod
1752 3397 1870 3428 Hecate
1885 3395 1943 3427 dea
1957 3396 2141 3435 psammetis
2162 3395 2204 3428 ibi
2219 3395 2306 3428 cola—

1267 3450 1332 3480 tur.
1347 3449 1427 3481 sunt
1444 3449 1551 3480 autem
1564 3449 1738 3488 psammeta
1752 3456 1850 3488 genus
1863 3447 2092 3487 placentarum.
