2326 3724
119 214 189 247 1⁴2

113 295 163 346 τῷ
191 294 404 347 Ἀναστοισίῳ
435 295 594 349 ζωγρίαι·
623 296 640 335 ὃ
669 298 823 345 μάλιστα
851 298 910 338 τόν
934 315 971 338 τε
1002 301 1149 352 βασιλέα

650 210 923 252 EUSTATHII
952 213 1336 257 EPIPHANIENSIS
1366 217 1694 260 FRAGMENTA.

1214 302 1439 342 Ἀναστασίου
1455 305 1715 350 καταλελοιπὼς
1733 306 1923 359 βασιλείας.
1946 309 2003 349 Cf.
2027 308 2249 361 Theophan-

114 352 190 395 τούς
218 368 255 390 τε
278 353 484 398 Βυζαντίους
507 356 755 408 τεθεράπευκε,
773 357 943 410 θριάμὸου
966 358 1063 405 δίκην
1083 358 1149 396 ἀνὰ
1209 375 1249 411 p.
1273 376 1346 398 222
1364 376 1422 412 sq.
1441 365 1606 414 Procop.
1628 367 1722 405 Bell.
1748 369 1848 406 Pers.
1869 370 1909 414 Ι,
1928 381 1965 415 7,
1986 369 2043 407 De
2058 370 2153 406 aedif.
2174 371 2250 415 ΙΙΙ,

111 409 174 454 τὰς
202 411 394 464 λεωφόρους
425 415 486 459 τῆς
517 412 650 458 πόλεως
670 415 737 453 ἀνά
766 431 802 453 τε
827 414 888 462 τὴν
916 414 1151 468 ἱπποδρομίαν

112 469 282 520 Λογγίνου
297 485 334 508 τε
355 469 415 508 καὶ
433 470 547 510 Ἴνδου
565 472 864 525 περιενεχθέντων,
883 474 942 511 καὶ
958 476 1026 512 τῶν
1041 476 1079 512 ἐκ
1098 489 1152 512 σι-

112 527 216 579 δήρου
233 529 473 579 πεποιημένων
491 530 646 569 ἁλύσεων
666 531 732 570 ἀνὰ
748 531 826 576 τοὺς
843 532 990 584 αὐχένας
1007 533 1067 570 καὶ
1085 533 1148 577 τὰς

114 586 234 638 χεῖρας
254 587 574 639 περιὸεὸλημένων.
598 589 775 629 Ἐντεῦθεν
806 590 865 629 καὶ
885 591 929 628 τὰ
951 590 1149 640 καλούμενα

111 644 231 703 πρώην
252 645 433 698 Ἰσαυρικὰ
454 653 524 690 τοῖς
553 649 744 700 βασιλικοῖς
764 647 927 700 ἐνηνέχθη
950 650 1150 701 θησαυροῖς·

110 704 152 748 ἠν
168 701 202 739 δὲ
221 703 288 755 ἄρα
304 707 404 742 τοῦτο
416 705 557 757 χρυσίον
573 706 606 749 ἐς
625 704 770 744 ἕκαστον
786 706 858 749 ἔτος
874 707 942 750 τοῖς
960 707 1148 759 βαρὸάροις

111 761 381 811 χορηγούμενον,
397 763 682 815 πεντακισχιλίας
698 763 796 802 ἕλκον
812 764 944 816 λίτρας.
963 766 1018 804 Cf.
1033 767 1151 803 Theo-

109 820 225 868 phan.
247 834 286 869 p.
309 822 398 858 216.
416 828 502 866 224.
524 824 739 861 Tillemont.
754 825 779 862 l.
795 825 822 862 l.
838 838 878 873 p.
898 824 989 872 549.

163 879 258 927 Cap.
286 878 350 918 36.
379 878 641 929 Ἐπεκώμασαν
660 881 722 918 οὐκ
742 881 788 923 εἷς
806 879 844 917 τὸ
870 883 1024 918 συνοῖσον
1057 879 1153 933 σφίσι

111 934 202 972 κατὰ
219 938 280 981 τῆς
298 935 502 986 Ῥωμαϊκῆς
520 937 739 988 ἐπικρατείας
759 937 817 975 καὶ
833 939 863 975 οἱ
880 938 1048 983 Σκηνῗται
1065 938 1149 991 βάρ·

112 992 276 1045 6αροι,τοί
288 1009 324 1031 τε
339 997 400 1041 τῆς
414 994 524 1043 μέσης
539 997 605 1032 τῶν
620 998 788 1045 ποταμῶν
802 995 846 1032 τά
860 1011 897 1032 τε
909 998 968 1042 τῆς
983 996 1151 1043 Φοινίκης

110 1052 275 1103 ἑκατέρας
294 1051 353 1090 καὶ
381 1052 424 1090 τὰ
452 1054 697 1092 Παλαιστίνων
717 1053 920 1102 ληισάμενοι
940 1054 1147 1105 πράγματα.

106 1106 221 1161 Οῗπερ
239 1113 354 1154 κακῶς
368 1110 464 1163 παρὰ
481 1114 547 1149 τῶν
562 1115 762 1163 ἑκασταχοῦ
782 1113 1065 1164 στρατηγούντων
1081 1129 1151 1151 πα-

109 1166 242 1216 θόντες,
261 1167 400 1220 ὕστερον
421 1167 483 1214 τὴν
509 1169 660 1220 ἡσυχίαν
683 1170 828 1220 ἤγαγον,
850 1170 935 1222 πρὸς
953 1171 1151 1221 Ῥωμαίους

108 1225 279 1263 πασσυδεὶ
299 1226 537 1276 σπεισάμενοι.
560 1229 617 1268 Cf.
643 1230 866 1278 Theophan.
890 1243 932 1278 p.
964 1243 1037 1276 217
1065 1243 1148 1279 sq.;

107 1285 275 1320 Nonnosi
299 1287 390 1323 Exc.
424 1299 486 1334 ap.
515 1287 713 1334 Photium3
741 1289 957 1326 Tillemont.
984 1301 1026 1337 p.
1057 1288 1146 1327 351.

162 1343 256 1391 Cap.
279 1343 341 1389 37.
360 1342 463 1380 Ἀλλὰ
480 1342 540 1380 καὶ1
556 1342 693 1396 Πέρσαι
712 1344 1063 1396 παρασπονδήσαντες
1083 1345 1149 1383 ὑπὸ

109 1399 259 1451 Καὸάδῃ
292 1402 341 1451 τῷ
376 1402 536 1451 βασιλεῖ,
567 1401 626 1439 καὶ
647 1401 690 1439 τὰ
721 1403 831 1439 οἷκεῒα
862 1403 1149 1447 καταλελοιπότες

53 1490 62 1498 ,
108 1456 196 1505 ἤθη,
220 1461 344 1510 πρῶτα
375 1457 436 1509 μὲν
467 1459 654 1511 Ἀρμενίοις
682 1461 972 1512 ἐπεστράτευσαν,
997 1462 1057 1499 καὶ
1081 1477 1147 1499 πο-

107 1515 236 1567 λίχνιον
269 1515 413 1562 ἐπίκλην
441 1517 730 1556 Θεοδοσιούπολιν
760 1518 911 1570 ἑλόντες,
932 1522 977 1563 ὡς
1002 1519 1147 1569 Ἄμιδαν

107 1574 210 1611 πόλιν
226 1574 355 1625 ὀχυρὰν
370 1577 431 1621 τῆς
447 1575 556 1625 μέσης
568 1578 635 1613 τῶν
654 1579 821 1627 ποταμῶν
837 1579 1073 1628 ἀφικνοῦνται,
1088 1578 1148 1616 καὶ

109 1631 240 1678 ταύτην
261 1633 592 1685 ἐκπολιορκήσαντες
609 1628 708 1672 εἷλον.
729 1634 799 1673 Καὶ
815 1630 909 1679 αὖθις
922 1639 940 1674 ὁ
957 1635 1148 1686 Ῥωμαίων

109 1689 270 1741 βασιλεὺς
297 1692 437 1733 πολλοῖς
457 1691 670 1730 ἀνενεώσατο
698 1693 826 1736 πόνοις.
853 1693 898 1732 Εἴ
920 1709 969 1746 τῳ
994 1693 1030 1731 δὲ
1050 1694 1146 1746 φίλον

106 1749 240 1791 λεπτῶς
259 1747 302 1786 τὰ
315 1750 394 1801 περὶ
408 1749 536 1787 τούτων
551 1749 676 1787 εἰδέναι
692 1750 751 1788 καὶ
768 1754 810 1802 τῇ
827 1751 985 1803 ἀκριὸείᾳ
1003 1752 1144 1790 πάντων

107 1806 309 1853 ἐπεξελθεῖν,
325 1807 507 1860 Ἐὗσταθίῳ
528 1801 565 1845 εὖ
585 1808 681 1858 μάλα
702 1811 815 1860 σοφῶς
835 1810 922 1859 μετὰ
941 1812 1068 1848 πολλοῦ
1085 1814 1143 1848 τοῦ

106 1863 209 1902 πόνου
227 1863 286 1902 καὶ
305 1867 365 1911 τῆς
385 1866 418 1908 ἐς
438 1865 524 1916 ἅγαν
544 1867 714 1918 κομψείας
730 1867 910 1919 ἱστόρηταί
926 1883 962 1905 τε
983 1867 1042 1906 καὶ
1063 1883 1147 1918 συγ-

105 1922 317 1973 γέγραπται·
348 1922 384 1967 ὃς
413 1922 516 1976 μέχρι
547 1927 607 1970 τῆς
636 1927 769 1977 γραφῆς
787 1925 915 1972 ταύτης
943 1926 1143 1978 ἱστορήσας,

105 1985 175 2025 τοῖς
208 1982 394 2020 ἀπελθοῦσι
431 1983 708 2034 συναριθμεῖται,
745 1983 939 2022 δωδέκατον
973 1984 1048 2028 ἔτος
1086 1988 1147 2032 τῆς

1213 420 1234 456 5
1248 435 1257 466 3
1275 422 1484 460 Marcellin.
1500 422 1639 460 Chron.
1655 424 1704 460 ad
1721 437 1783 463 an.
1803 425 1876 462 502
1899 426 2046 476 (Probo
2059 435 2097 464 et
2107 429 2252 464 Avieno

1212 491 1307 515 coss.
1320 478 1355 528 >3
1374 480 1588 518 Tillemont.
1606 495 1645 531 p.
1665 481 1738 519 560
1752 496 1809 533 sq.

1685 584 1722 618 7.

1263 656 1401 692 Malala
1415 669 1454 705 p.
1483 655 1557 705 398
1569 684 1579 702 ,
1603 670 1617 693 1
1629 669 1644 693 1
1669 657 1729 696 ed.
1746 659 1865 696 Bonn.
1889 671 1898 695 t
1918 657 2000 696 Ἐπὶ
2015 657 2051 697 δὲ
2064 661 2127 706 τῆς
2144 659 2250 698 attor»

1214 711 1468 763 (Ἀναστασίου)
1484 713 1873 768 βασιλείας-παρελήφθη
1882 713 2022 766 Ἄμιδα,
2038 717 2250 767 μητρόπολις

1212 769 1321 821 ὀχυρὰ
1343 770 1434 809 πάνυ
1460 774 1520 815 τῆς
1546 773 1837 823 Μεσοποταμίας,
1854 773 1914 811 καὶ
1942 774 2251 823 Θεοδοσιούπολις,

1212 827 1359 880 πολέμῳ
1388 830 1558 881 ληφθεῖσα
1590 829 1656 867 ὑπὸ
1687 831 1856 879 Κωάδου,
1888 832 2056 884 βασιλέως
2085 836 2248 886 Περσῶν,

1213 887 1414 930 ἐπελθόντος
1451 891 1511 926 τοῦ
1557 888 1727 939 βασιλέως
1765 889 1854 938 μετὰ
1891 891 2068 940 δυνάμεως
2103 893 2246 939 πολλῆς.

1212 942 1349 983 Ἔλαὸε
1383 945 1419 983 δὲ
1446 946 1694 998 παραλήπτους
1727 949 1745 985 ὁ
1781 948 1882 992 αὐτὸς
1914 949 2074 1000 βασιλεὺς
2102 951 2248 1002 Περσῶν

1212 1005 1493 1052 Κωνσταντῑνον,
1516 1005 1708 1057 στρατηγὸν
1729 1005 1915 1056 Ῥωμαίων
1934 1008 2092 1059 δυνατὸν,
2115 1008 2250 1062 φυλάτ-

1212 1077 1313 1099 τοντα
1338 1062 1400 1109 τὴν
1427 1062 1533 1109 αὐτὴν
1551 1063 1853 1111 Θεοδοσιούπολιν,
1876 1065 1935 1102 καὶ
1956 1066 2079 1109 ἄλλους
2103 1065 2138 1104 δὲ
2160 1067 2251 1104 πολ-

1213 1119 1291 1164 λούς
1301 1136 1310 1144 ·
1329 1119 1450 1164 οἵτινες
1464 1121 1523 1159 καὶ
1542 1122 1768 1168 ἐτελεύτησαν
1783 1125 1817 1160 ἐν
1833 1125 1902 1166 τοῖς
1916 1125 2098 1176 Περσικοῖς
2114 1123 2248 1176 μέρεσι.

1214 1179 1286 1217 Καὶ
1311 1181 1561 1233 ἐπεστράτευσε
1582 1180 1672 1218 κατὰ
1698 1182 1841 1232 Περσῶν
1861 1182 2005 1226 ὁ,αὗτὸς
2029 1182 2250 1228 Ἀναστᾶσιος

1212 1237 1390 1288 βασιλεὺς,
1415 1238 1555 1291 πέμψας
1582 1238 1793 1290 Ἄρεόὸινδον
1824 1238 1881 1277 τὸν
1906 1239 2132 1293 Δαγαλαΐφου
2161 1239 2247 1288 υἱὸν,

1210 1296 1452 1347 στρατηλάτην
1471 1297 1657 1344 ἀνατολῆς,
1674 1297 1731 1334 τὸν
1749 1296 1856 1349 ἄνδρα
1873 1297 2081 1346 Ἰουλιάνας,
2095 1299 2154 1337 καὶ
2172 1301 2250 1339 Πα-

1208 1352 1350 1404 τρίκιον,
1382 1354 1626 1407 στρατηλάτην
1657 1358 1716 1392 τοῦ
1749 1355 1902 1406 μεγάλου
1938 1356 2165 1410 πραισέντου,
2187 1356 2248 1396 καὶ

1210 1411 1383 1460 Ὑπάτην,
1406 1412 1650 1465 στρατηλάτην
1673 1413 1881 1466 πραισέντου
1895 1443 1906 1465 ,
1925 1414 1984 1452 τὸν
1999 1415 2070 1453 υἱὸν
2091 1417 2245 1454 Σεκουν-

1210 1469 1302 1508 δίνου
1335 1474 1394 1508 τοῦ
1426 1470 1627 1523 πατρικίου,
1656 1471 1716 1509 καὶ
1752 1472 1810 1509 τὸν
1849 1471 2029 1524 πατρίκιον
2060 1473 2247 1520 Ἀππίονα,

1208 1528 1357 1575 ποιήσας
1375 1528 1476 1567 αὐτὸν
1494 1529 1646 1581 ἔπαρχον
1662 1532 1730 1567 τῶν
1746 1530 1964 1582 πραιτωρίων
1979 1532 2164 1580 ἀνατολῆς,
2185 1531 2246 1570 καὶ

1209 1588 1339 1633 πλῆθος
1365 1587 1504 1640 ἄπειρον
1526 1594 1688 1639 στρατιᾶς
1709 1588 1783 1637 μετ’
1803 1589 1916 1627 αὐτῶν
1943 1592 2083 1636 πεζικῆς
2101 1589 2162 1628 καὶ
2188 1591 2247 1628 ἱπ-

1207 1648 1312 1691 πικῆς
1329 1645 1519 1695 δυνάμεως.
1546 1645 1614 1684 Καὶ
1635 1645 1821 1684 συνέὸαλον
1840 1649 1915 1697 μετ’
1931 1647 2091 1694 ἀλλήλων
2113 1647 2158 1685 τὰ
2177 1649 2246 1698 ἄμ-

1208 1702 1333 1753 φότερα
1355 1703 1539 1753 τάγματα,
1558 1703 1617 1741 καὶ
1638 1703 1840 1756 ἐσφάγησαν
1861 1704 1982 1742 πολλοὶ
1995 1705 2054 1742 καὶ
2071 1704 2191 1743 ἔπεσον
2211 1703 2246 1750 ἐξ

1207 1760 1410 1812 ἀμφοτέρων
1440 1763 1507 1799 τῶν
1537 1764 1666 1813 μερῶν.
1691 1762 1780 1814 Περὶ
1808 1756 1847 1799 οὗ
1878 1762 2029 1812 πολέμου
2053 1763 2245 1807 Εὐστάθιος

1206 1821 1223 1855 ὁ
1239 1818 1435 1868 σοφώτατος
1455 1819 1689 1872 χρονογράφος
1709 1820 1966 1873 συνεγράψατο·
1995 1820 2087 1864 ὅστις
2102 1820 2162 1859 καὶ
2182 1822 2244 1858 εὖ·

1206 1876 1289 1920 θέως
1319 1876 1538 1926 ἐτελεύτησε,
1565 1877 1654 1928 μήτε
1681 1880 1727 1922 εἷς
1753 1872 1882 1917 τέλειον
1903 1878 1965 1925 τὴν
1983 1878 2116 1918 ἔκθεσιν
2139 1879 2244 1917 αὐτοῦ

1206 1935 1383 1980 συντάξας.

104 2093 349 2134 linopolitannm
365 2102 555 2134 magnopere
572 2094 738 2133 recreavit,
752 2103 854 2134 quum
869 2094 1030 2134 Longinus
1047 2096 1079 2126 et
1094 2097 1146 2126 ln-

104 2144 178 2183 ‹les‚
197 2146 350 2184 tanquam
378 2145 409 2175 in
428 2144 613 2185 triumphali
632 2153 764 2185 pompa,
782 2154 838 2185 per
859 2145 946 2177 vicos
962 2146 1050 2178 urbis
1069 2146 1146 2178 etin

106 2195 192 2227 circo
210 2195 467 2235 traducerentur,
483 2198 612 2228 catenas
629 2197 746 2228 ferreas
762 2196 843 2228 collo
866 2205 903 2228 ac
923 2197 1069 2228 manibus
1082 2197 1145 2228 cir-

105 2248 281 2287 cumjectas
295 2249 467 2288 gestantes.
511 2251 559 2280 Ex
575 2258 614 2280 eo
630 2251 774 2289 tempore
800 2258 950 2290 munera,
967 2259 1041 2290 quae
1055 2259 1145 2282 voea-

105 2299 224 2331 bantur
240 2299 398 2339 isaurum,
420 2300 453 2331 in
466 2300 615 2340 principis
631 2301 780 2332 aerarium
798 2301 905 2332 inferri
930 2310 1065 2341 coepere.
1109 2301 1145 2333 ld

106 2352 175 2382 erat
198 2359 333 2390 aurum,
359 2351 443 2390 quod
479 2351 623 2383 barbaris
651 2353 824 2392 quotannis
855 2352 1068 2393 pendebatur,
1103 2353 1143 2384 li-

106 2402 237 2433 brarum
250 2402 369 2433 seilicet
385 2402 525 2442 quinque
541 2403 652 2434 millia.

149 2452 212 2485 Sed
237 2455 268 2484 et
284 2453 408 2484 barbari
420 2462 501 2493 quos
523 2454 666 2485 Scenitas
678 2455 812 2494 vocant,
826 2462 890 2485 non
909 2455 976 2487 sine
989 2464 1046 2487 suo
1061 2455 1141 2496 ipso·

106 2513 181 2536 rum
197 2505 314 2536 damno
330 2504 526 2536 insultarunt
542 2505 674 2545 imperio
699 2508 843 2537 Romano
855 2529 864 2545 ,
884 2507 1145 2547 Mesopotamiam

106 2559 140 2588 et
162 2558 332 2596 utramque
353 2556 524 2587 Phoenicen
547 2558 578 2588 et
599 2557 797 2588 Palaestinam
814 2557 991 2596 provincias
1007 2558 1145 2598 depopu-

106 2607 174 2639 lati.
189 2608 311 2640 Verum
330 2615 348 2638 a
362 2606 496 2638 ducibus
509 2608 677 2646 Romanis,
704 2608 759 2648 qui
779 2607 810 2639 in
824 2608 954 2648 singulis
972 2609 1145 2649 provinciis

106 2659 216 2698 erant,
244 2659 332 2699 gravi
356 2657 447 2690 clade
473 2659 597 2699 affecti,
620 2659 824 2699 postmodum
853 2660 1020 2700 quievere,
1041 2669 1143 2701 quum

107 2711 255 2742 universa
277 2719 352 2750 gens
365 2718 475 2750 pacem
493 2718 567 2741 cum
587 2711 737 2742 Romanis
752 2711 890 2743 fecisset.

149 2764 254 2793 Persae
275 2770 421 2801 quoque,
438 2762 587 2801 regnante
601 2761 685 2802 apud
698 2762 780 2802 ipsos
796 2761 923 2794 cabade
935 2785 943 2800 ,
972 2761 1074 2793 soedus
1092 2771 1145 2793 ru-

106 2823 194 2855 pere,
207 2817 252 2854 et,
263 2814 379 2845 relictis
389 2815 522 2854 propriis
534 2814 671 2854 sedibus,
681 2815 818 2854 primum
832 2816 864 2846 in
878 2815 1060 2846 Armeniam
1070 2824 1143 2846 eum

110 2865 253 2897 exercitu
272 2866 467 2897 invaserunt.
492 2868 662 2906 Quumque
682 2867 869 2907 oppidulum
882 2866 1144 2906 Tlieodosiopolin

107 2917 281 2957 cepissent,
297 2916 444 2948 Amidam
458 2925 579 2955 versuS,
591 2926 663 2956 quae
674 2917 751 2950 urbs
766 2917 1001 2958 Mesopotamiae
1013 2920 1059 2949 est
1069 2918 1145 2949 satis

108 2968 233 3000 munita
244 2992 252 3007 ,
268 2968 328 2999 iter
343 2968 453 2999 secere.
499 2970 588 2999 llane
601 2977 728 3008 quoque
744 2969 893 3001 diuturna
905 2968 1066 3000 obsidione
1081 2969 1143 3001 cin·

109 3021 195 3051 ctam
219 3019 348 3051 tandem
367 3020 530 3059 ceperunt.
557 3019 618 3051 Sed
643 3020 814 3059 imperator
826 3022 1056 3059 Romanorum,
1079 3029 1143 3052 non

107 3072 175 3103 sine
189 3080 301 3111 inagno
311 3071 437 3111 labore,
453 3080 523 3103 eam
537 3072 704 3112 postmodo
720 3073 919 3104 instauravit.
938 3072 1059 3110 Quodsi
1072 3073 1144 3113 quis

107 3123 230 3163 singula
255 3127 406 3154 accurate
430 3123 518 3162 cupit
541 3131 749 3164 cognoscere,
766 3125 798 3156 et
813 3124 994 3164 diligentem
1015 3125 1143 3168 cuncto-

107 3183 199 3213 rum,
214 3183 289 3214 quae
310 3176 397 3215 gesta
415 3176 506 3213 sunt,
532 3175 745 3206 narrationem
770 3176 946 3216 perlegere,
974 3175 1000 3207 is
1029 3177 1142 3207 Eusta-

107 3226 212 3259 thium
238 3227 340 3271 legat,
364 3227 419 3268 qui
443 3227 694 3261 luculentissime
721 3229 754 3261 et
778 3237 904 3261 summo
929 3237 1004 3260 cum
1032 3228 1140 3262 labore

1207 2095 1410 2136 maximaque
1426 2096 1581 2135 elegantia
1598 2096 1713 2127 harum
1729 2105 1836 2128 rerum
1860 2096 2024 2128 historiam
2044 2095 2241 2137 conscripsit.

1207 2147 1270 2183 Qui
1287 2156 1387 2187 quum
1399 2155 1499 2187 usque
1514 2147 1555 2178 ad
1565 2147 1634 2179 haec
1648 2149 1792 2188 tempora
1802 2148 1965 2179 historiam
1978 2156 2068 2180 suam
2081 2147 2240 2188 perduxis-

1205 2200 1270 2237 set,
1288 2199 1423 2230 excessit
1438 2207 1455 2231 e
1474 2199 1558 2239 vita,
1574 2208 1625 2232 res
1636 2201 1738 2240 gestas
1750 2208 1835 2232 anno
1852 2199 1979 2240 imperii
1994 2199 2150 2233 Anastasii
2164 2199 2241 2232 duo·

1205 2250 1330 2282 decimo
1343 2252 1541 2291 persecutus.

1697 2324 1731 2357 7.

1247 2400 1414 2432 Anastasio
1428 2400 1616 2441 imperante,
1637 2402 1802 2433 Persarum
1816 2409 1875 2434 rex
1885 2399 2006 2432 coades
2025 2400 2037 2441 (
2051 2399 2240 2441 cabades),

1204 2452 1322 2492 ingenti
1337 2453 1479 2483 exercitu
1492 2454 1677 2492 instructus,
1694 2446 1956 2493 Tlieodosidpolin
1967 2454 2065 2493 atque
2074 2452 2222 2485 Amidam
2230 2475 2240 2493 ‚

1205 2503 1451 2534 munitissimam
1469 2503 1703 2543 Mesopotamiae
1722 2503 1930 2543 metropolin,
1950 2502 2034 2534 hello
2049 2502 2143 2542 cepit.
2159 2504 2240 2535 con-

1203 2554 1379 2585 stantinum
1396 2562 1524 2594 quoqne
1542 2553 1656 2585 ducem
1682 2555 1898 2585 Romanorum
1913 2553 2120 2586 fortissimum
2136 2554 2170 2585 et
2189 2562 2240 2584 ur·

1206 2604 1252 2636 bis
1268 2605 1597 2645 Theodosiopolitanae
1612 2605 1777 2637 custodem
1788 2630 1797 2645 ,
1812 2613 1887 2636 cum
1903 2605 2046 2646 pluribus
2058 2605 2128 2636 aliis
2147 2604 2242 2645 capti,-

1203 2665 1280 2687 vum
1299 2655 1433 2687 abduxit
1448 2679 1456 2695 ‚
1472 2655 1525 2695 qni
1540 2655 1623 2686 diem
1640 2664 1733 2687 suum
1750 2665 1860 2688 omnes
1876 2657 1907 2687 in
1932 2655 2060 2688 Perside
2080 2655 2238 2687 obierunt.

1206 2708 1379 2747 Imperator
1391 2706 1501 2746 itaque
1515 2707 1700 2738 Anastasius
1714 2707 1832 2739 bellum
1849 2707 1949 2739 Persis
1963 2707 2088 2747 intulit,
2101 2706 2134 2738 in
2147 2714 2240 2747 expe·

1202 2760 1356 2791 ditionem
1370 2759 1452 2790 lianc
1471 2759 1573 2791 missis
1588 2759 1766 2790 Areobindo
1792 2759 1976 2800 Dagalaiphi
1996 2759 2061 2790 tilio
2073 2781 2083 2797 ,
2103 2757 2240 2792 Julianoe

1203 2811 1336 2851 conjuge
1358 2812 1390 2842 et
1413 2810 1552 2842 militnm
1577 2810 1610 2841 in
1632 2810 1762 2842 Oriente
1787 2810 1955 2850 magistro,
1981 2809 2117 2841 Patricio
2135 2809 2240 2848 inagni

1204 2862 1374 2895 Praesentis
1394 2861 1494 2901 duce,
1520 2863 1551 2893 et
1569 2862 1692 2901 Hypata
1714 2861 1882 2893 Secundini
1906 2860 2029 2901 patricii
2051 2860 2132 2900 tilio,
2152 2861 2239 2892 Prae·

1202 2914 1301 2946 sentis
1325 2913 1446 2944 militioe
1468 2912 1637 2952 magistro,
1657 2912 1690 2943 et
1711 2912 1852 2952 Appione
1873 2912 2023 2952 patricio,
2039 2919 2136 2951 quem
2156 2918 2239 2950 prae·

1203 2966 1285 2999 torio
1301 2966 1333 2998 in
1358 2966 1487 2998 Oriente
1503 2965 1690 3005 praefectum
1712 2964 1878 2996 constituit
1895 2974 1903 2995 :
1923 2964 2037 2995 horum
2062 2963 2123 2994 sub
2138 2962 2239 2996 ductu

1203 3019 1380 3052 exercitum
1405 3018 1509 3050 emisit
1525 3017 1722 3058 pedestribus
1743 3017 1776 3048 et
1791 3016 1991 3056 equestribus
2005 3014 2104 3055 copiis
2121 3013 2238 3045 instru-

1202 3072 1390 3105 ctissimum.
1405 3071 1519 3103 Proelio
1532 3071 1639 3102 autem
1653 3068 1823 3101 commisso
1837 3066 2063 3109 quamplurimi
2079 3066 2238 3106 utrimque

1201 3123 1396 3156 ceciderunt.
1425 3123 1502 3154 Belli
1525 3122 1632 3153 autem
1658 3121 1754 3161 hujus
1775 3119 1938 3151 historiam
1963 3126 2096 3150 exorsus
2119 3118 2168 3150 est
2191 3125 2238 3148 sat

1201 3175 1413 3216 pientissimus
1424 3173 1607 3206 Eustathius
1619 3171 1896 3212 chronographus3
1910 3178 2008 3211 quam
2018 3171 2126 3202 tamen
2135 3171 2238 3200 morte

1201 3229 1443 3270 praeoccupatus
1466 3226 1506 3259 ad
1524 3226 1648 3259 exitum
1670 3233 1736 3257 non
1756 3223 1917 3265 perduxit.
