2372 3704
1017 209 1352 250 FRAGMENTA.

101 307 174 339 νος,
189 291 223 337 ἐξ
243 286 282 331 οὗ
298 291 359 333 καὶ
374 293 486 330 παῖδα
505 292 667 345 Τιὸέριον
684 287 776 347 εἶχεν
789 310 798 319 ·
813 289 889 334 εἶτα
905 296 939 340 ς’
959 299 1076 347 μηνῶν
1094 299 1151 348 ἐγ-

100 353 184 402 γύου
205 349 328 397 οὔσης,
350 350 555 402 ἠναγκάσθη
585 351 706 404 Νέρων
739 355 758 390 ὁ
788 354 918 401 ταύτης
947 354 1057 406 ἀνὴρ,
1082 354 1151 393 εἴτε

101 410 170 447 ὑπὸ
187 412 249 448 τοῦ
274 409 414 462 πρώτου
446 410 640 463 Καίσαρος,
669 410 738 449 εἴτε
767 411 834 449 ὑπὸ
854 417 914 450 τοῦ
941 413 1151 460 Ὀκταυίου,

102 468 260 508 ἐκδοῦναι
287 468 396 514 αὐτὴν
422 470 535 520 αὐτῷ,
563 471 609 512 ὡς
631 470 760 522 πατήρ.
782 473 815 510 Τ
817 471 963 519 εκούσης
982 466 1040 510 οῧν
1062 474 1151 522 μετὰ

101 526 190 578 τρεῖς
207 529 318 576 μῆνας
335 530 395 564 τοῦ
408 526 524 578 γάμου
534 556 544 574 ,
558 527 597 565 τὸ
616 527 679 578 μὲν
693 529 812 580 τεχθὲν
830 530 967 582 Νέρωνι
979 533 1029 583 τῷ
1043 530 1151 582 πατρὶ

101 585 321 637 ἀπέπεμψεν.
345 585 528 624 Ἐντεῦθεν
554 586 589 623 δὲ
620 587 729 630 αἴτιος
751 587 870 639 γέγονε
898 593 959 627 τοῧ
989 588 1151 640 λέγεσθαι

101 643 307 696 παροιμίαν,
325 661 340 677 α
359 647 430 687 τοῖς
447 646 630 696 εὐτυχοῦσι
650 646 710 684 καὶ
730 646 880 698 τρίμηνα
901 647 1038 685 παιδία.
1055 666 1071 681 υ

153 714 185 740 4.
213 696 325 745 Οῧτος
345 706 507 740 τοσοῦτον
525 703 593 742 ὑπὸ
613 704 752 742 πάντων
771 707 951 755 ἠγαπᾶτο,
977 706 1068 744 ὥστε
1093 706 1152 744 καί

104 775 152 803 τις
169 760 329 799 ἐκέλευσε
347 767 415 804 τοῖς
433 764 557 800 ἑαυτοῦ
578 763 806 814 κληρονόμοις
824 767 948 814 θῦσαι,
967 764 1020 802 ὅτι
1040 767 1151 809 ζῶντα

100 817 158 861 τὸν
178 818 360 858 Σεὸαστὸν
377 819 595 861 καταλείπει.
626 822 860 873 Δυστυχήσας
885 823 920 861 δὲ
941 823 1020 876 περὶ
1038 823 1152 875 γάμον

100 876 160 917 καὶ
178 876 223 916 τὰ
237 879 284 921 εἷς
304 878 432 922 παῖδας
451 878 693 929 ἐκὸεὸηκότα,
711 880 794 919 ἐὸόα
808 897 817 905 ·

183 969 251 1002 Ato’
264 970 381 1011 ὤφελον
395 970 518 1012 ἄγαμός
530 971 557 1003 τ’
570 971 676 1013 ἔμεναι
693 972 805 1014 ἄγονός
818 973 844 1005 τ’
861 973 1046 1009 ἀπολέσθαι.

100 1045 191 1098 Περὶ
215 1045 251 1084 δὲ
278 1046 510 1099 ὄρθογραφίαν
538 1049 765 1096 ἐσπουδάκει,
787 1048 877 1087 ὥστε
901 1049 960 1087 καὶ
992 1049 1153 1102 διάδοχόν

100 1120 166 1143 τινι
185 1107 254 1143 τῶν
275 1105 453 1157 ἀρχόντων
472 1105 646 1160 ἔπεμψεν,
670 1108 722 1145 ὅτι
742 1109 837 1160 αὐτῷ
857 1107 1070 1146 ἐπιστέλλων
1090 1111 1152 1156 τῆς

101 1164 210 1216 ὀρθῶς
227 1163 374 1215 ἐχούσης
389 1165 524 1216 ἐσφάλη
544 1169 693 1218 γραφῆς.

154 1235 186 1262 5.
217 1222 353 1261 Τούτου
383 1222 468 1261 ποτὲ
500 1223 716 1274 δικάζοντος,
749 1223 808 1262 καὶ
838 1226 978 1262 πολλῶν
1007 1224 1152 1263 θάνατον

102 1281 461 1334 καταψηφισαμένου,
483 1282 654 1328 Μηκήνας
668 1298 718 1326 τις
735 1281 820 1335 ἀνὴρ
838 1283 941 1336 σοφὸς
961 1283 1153 1334 ἀγαπώμε-

100 1354 156 1384 νος
178 1342 236 1378 ὕπ’
267 1341 397 1391 αὐτοῦ,
430 1339 479 1391 μὴ
508 1341 696 1391 δυνάμενος
723 1343 878 1394 ἐντυχεῖν
906 1344 1000 1395 αὐτῷ
1029 1342 1086 1380 διὰ
1113 1342 1153 1380 τὸ

100 1400 250 1446 πλῆθος,
275 1398 425 1451 ἔγραψεν
451 1401 486 1437 ἐν
506 1399 621 1452 χάρτῃ
649 1419 666 1434 «
699 1400 888 1448 ἀνάστηθι,
909 1401 1036 1451 δήμιε,
1059 1419 1074 1435 n
1094 1402 1153 1440 καὶ

101 1457 346 1508 σημηνάμενος
362 1456 498 1510 ἔρριψεν
517 1460 551 1495 ἐν
570 1460 620 1511 τῷ
635 1457 756 1511 κόλπῳ
779 1460 896 1498 αὐτοῦ.
924 1458 1043 1511 “Οπερ
1063 1462 1152 1497 ἀνα-

100 1515 199 1567 γνοὺς
227 1518 354 1559 ἐκεῖνος
386 1516 533 1563 ἀνέστη,
554 1517 613 1554 καὶ
639 1517 817 1555 ἐκέλευσεν
842 1519 994 1569 ἀργῆσαι
1013 1517 1058 1556 τὰ
1078 1534 1152 1570 κρι-

103 1577 217 1615 θέντα.
239 1574 342 1619 Τινός
370 1590 454 1613 ποτε
484 1579 552 1613 τῶν
573 1577 928 1628 συστρατευσαμένων
949 1579 1043 1631 αὐτῷ
1073 1579 1152 1625 δεη-

100 1633 213 1678 θέντος
230 1637 294 1681 τῆς
313 1636 359 1678 εἷς
378 1634 418 1672 τὸ
436 1635 680 1687 βουλευτήριον
702 1637 806 1674 αὐτοῦ
823 1637 1016 1688 παρουσίας
1028 1667 1039 1687 ,
1059 1631 1152 1675 εἶπεν

102 1692 203 1736 αὐτὸς
229 1692 292 1743 μὲν
323 1694 570 1745 ἀσχολεῖσθαι,
600 1693 784 1747 ἐπιτρέψαι
807 1694 843 1732 δέ
870 1710 936 1732 τινι
955 1698 1024 1733 τῶν
1046 1695 1153 1747 φίλων

99 1749 357 1803 παραγενέσθαι
378 1751 438 1790 καὶ
460 1751 520 1798 τὴν
539 1751 661 1804 χρείαν
691 1753 897 1803 πληρῶσαι·
921 1752 981 1791 καὶ
1001 1752 1036 1797 ὃς
1056 1756 1153 1805 ὀργι-

101 1810 192 1853 σθεὶς
212 1808 300 1864 ἔφη,
320 1828 337 1844 «ι
354 1809 451 1861 Ἐγὼ
473 1810 536 1861 μέν
555 1826 607 1848 τοι
634 1810 754 1854 ὁσάκις
773 1815 834 1858 τῆς
853 1814 937 1862 ἐμῆς
956 1813 1152 1864 ἐπικουρίας

101 1868 264 1918 ἐδεήθης,
288 1869 351 1907 οὐκ
372 1868 475 1908 ἄλλον
500 1871 574 1908 ἀντ’
596 1871 680 1919 ἐμοῦ
704 1870 859 1922 ἔπεμψα.
885 1889 899 1904 u
922 1870 1154 1924 Ἐρυθριάσας

101 1921 159 1965 οἷν
175 1930 193 1965 ὁ
210 1929 351 1979 Καῖσαρ
375 1928 433 1966 καὶ
451 1930 650 1974 συναπῆλθε
671 1929 730 1967 καὶ
747 1929 948 1981 συνέπραξε.

154 1999 184 2026 6.
214 1985 404 2032 Μανιώδης
432 1986 468 2024 δὲ
488 1981 529 2034 ἦν
552 1987 633 2039 περὶ
662 1987 723 2031 τὰς
752 1987 934 2039 ἀλλοτρίας
965 1994 1152 2039 γυναῖκας,

100 2046 146 2088 ὥς
165 2043 322 2087 καὶτοὺς
343 2043 469 2096 ἄνδρας
498 2047 610 2082 αὐτῶν
637 2045 854 2098 ἐξυπηρετεῖν
881 2049 930 2099 τῷ
962 2046 1149 2096 μιάσματι.

102 2102 231 2142 Ἦνίκα
255 2103 323 2154 γὰρ
351 2102 481 2155 ἤρχετό
515 2119 565 2146 τις
597 2106 666 2142 τῶν
704 2107 895 2156 βουλευτῶν
926 2105 1007 2156 πρὸς
1038 2107 1152 2154 αὐτὸν,

101 2160 234 2214 ὡραίαν
255 2160 346 2213 ἔχων
367 2164 533 2211 γυναῖκα,
554 2161 689 2212 ἔπεμπε
710 2162 795 2214 πρὸς
827 2162 930 2200 αὐτὸν
951 2163 1007 2201 τὸν
1029 2166 1152 2202 οἰκεῖον

102 2219 296 2267 δακτύλιον,
320 2219 380 2257 καὶ
398 2218 494 2266 ἠξίου
518 2219 684 2269 ἐμὸαλεῖν
703 2218 766 2266 τὴν
787 2220 943 2271 γαμετὴν
964 2223 998 2258 ἐν
1019 2223 1068 2274 τῷ
1087 2236 1151 2258 κα-

102 2277 262 2330 ταστέγῳ
290 2277 434 2331 φορείῲ,
451 2277 510 2316 καὶ
531 2278 869 2328 κατασημηνάμενον
897 2273 991 2324 αὖθις
1008 2283 1066 2318 τὸν
1089 2281 1149 2317 δα·

103 2336 240 2375 κτύλιον
262 2336 495 2389 ἀντιπέμψαι·
514 2337 574 2375 καὶ
590 2337 696 2380 οὕτως
713 2337 897 2389 δεχόμενος
917 2338 978 2384 τὴν
1005 2344 1151 2388 γυναῖκα

104 2396 138 2439 ἐν
155 2397 205 2448 τῷ
222 2395 348 2448 φορείῳ
363 2395 578 2446 ἀσελγαίνων
599 2396 781 2449 ἐσφράγιζε
795 2397 854 2434 καὶ
876 2395 1148 2436 ἀνταπέστελλε.

105 2452 198 2492 Ποτὲ
221 2457 301 2504 γοῦν
322 2453 482 2492 ἐκέλευσέ
501 2470 567 2492 τινι
586 2455 649 2501 τὴν
675 2454 850 2504 ὃμευνέτιν
878 2457 973 2508 αὐτῷ
994 2455 1148 2508 πέμψαι.

2179 226 2255 260 569

1214 297 1261 337 ‘O
1278 297 1314 336 δὲ
1337 298 1386 348 μὴ
1408 297 1594 348 δυνάμενος
1608 301 1791 348 ἀντειπεῖν,
1805 301 2019 356 ἀπωδύρετο.
2032 304 2205 350 Ἐπιστὰς
2220 305 2257 344 δὲ

1213 358 1232 394 ὁ
1245 356 1473 408 Ἀθηνόδωρος
1489 359 1507 394 ὁ
1525 356 1778 410 Ἀλεξανδρεὺς,
1797 359 1834 397 ὃν
1856 363 1902 404 ὡς
1916 362 2019 415 σοφὸν
2033 363 2087 401 ἀεὶ
2101 363 2258 404 σύνοικον

1213 414 1274 453 καὶ
1289 414 1496 452 διδάσκαλον
1512 414 1612 466 ἔσχεν
1629 418 1646 453 ὃ
1663 418 1821 470 Καῖσαρ,
1837 418 1896 456 καὶ
1912 418 1974 466 τὴν
1994 422 2107 459 αἰτίαν
2125 422 2258 472 μαθὼν,

1214 472 1335 510 ἑαυτὸν
1355 472 1484 522 ᾔτησεν
1502 473 1668 522 ἐμὸαλεῖν
1689 477 1738 526 τῷ
1759 475 1902 528 φορείῳ,
1922 477 1981 515 καὶ
2000 481 2259 530 κατασημηνά-

1215 546 1315 580 μενον
1343 532 1548 569 ἀποστεῖλαι
1582 532 1711 583 γυμνὸν
1737 532 1829 586 ξίφος
1854 536 2111 587 ἐπιφερόμενον.
2146 539 2260 578 Ἀπα-

1213 590 1354 641 χθέντος
1371 589 1424 638 δὲ,
1444 591 1554 627 δοκῶν
1574 592 1592 628 ὁ
1609 591 1750 644 Καῖσαρ
1765 591 1828 638 τὴν
1846 596 1904 630 τοῦ
1924 596 2154 644 συγκλητικοῦ
2173 592 2261 635 εἶναι

1213 655 1382 699 γυναῖκα,
1413 648 1554 691 κλείσας
1580 648 1642 692 τὰς
1667 650 1769 702 θύρας
1794 649 1920 702 ἀνέῳξε
1948 651 1987 689 τὸ
2023 656 2169 706 φορεῖον,
2199 655 2260 693 καὶ

1214 706 1346 759 ἐξέθορε
1368 707 1510 759 ξιφήρης
1526 709 1543 744 ὃ
1561 706 1810 760 Ἀθηνόδωρος,
1831 709 1891 746 καὶ
1910 709 2001 748 πάνυ
2017 711 2074 748 τὸν
2097 710 2260 765 Καίσαρα

1214 765 1427 812 κατέπληξε·
1457 765 1593 804 δεδιότα
1622 765 1658 804 δὲ
1688 766 1791 804 αὐτὸν
1824 768 2108 818 ἀνακτησάμενος
2138 773 2263 816 ἐκεῖνος

1214 830 1285 868 τοῖς
1306 825 1480 876 μεγίστοις
1496 823 1608 877 ὅρκοις
1627 824 1815 872 κατέδησε,
1832 827 2000 876 μηδέποτ’
2021 827 2146 867 ἄλλοτε
2161 834 2262 869 τοῦτο

1214 882 1358 935 πρᾶξαι.
1385 882 1454 922 Ὃν
1487 887 1646 921 τοσοῦτον
1674 884 1961 935 ὓπερηγάπησεν,
1981 886 2069 924 ὥστε
2089 887 2152 933 τὴν
2178 888 2264 939 σύγ-

1213 943 1340 988 κλητον
1362 940 1567 992 συναγαγὼν
1599 941 1658 980 καὶ
1678 942 1791 980 πολλὰ
1811 942 1869 981 τὸν
1895 943 2127 996 Ἀθηνόδωρον
2149 947 2263 997 ἐγκω-

1216 1000 1365 1050 μιάσας,
1384 999 1444 1038 καὶ
1461 1003 1561 1037 τοῦτο
1582 1001 1807 1051 προσέθηκεν,
1827 1003 1873 1045 ὡς
1891 1001 1997 1040 κακὸν
2016 1002 2089 1054 βίον
2105 1003 2265 1056 ἐσχηκὼς

1214 1058 1281 1096 ὑπὸ
1304 1057 1537 1110 Ἀθηνοδώρου
1558 1058 1805 1111 ἐπηνωρθώθη.

1267 1131 1295 1156 7.
1314 1111 1425 1160 Οὗτος
1442 1120 1459 1155 ὁ
1474 1115 1656 1169 φιλόσοφος
1668 1115 1762 1163 ἠξίου
1779 1117 1835 1155 τὸν
1851 1118 2016 1171 Καίσαρα
2035 1123 2263 1172 συγχωρῆσαι

1216 1177 1309 1228 αὐτῷ
1327 1177 1374 1218 εἷς
1392 1174 1455 1221 τὴν
1475 1175 1633 1227 πατρίδα
1652 1177 1864 1217 ἐπανελθεῖν.
1897 1177 1968 1216 Καὶ
1999 1178 2097 1227 μόλις
2122 1179 2263 1226 πείσας,

1216 1233 1456 1284 ἀσπαζόμενος
1484 1234 1602 1283 αὐτὸν,
1623 1233 1794 1287 ἐπικύψας
1819 1234 1904 1287 πρὸς
1924 1235 1962 1273 τὸ
1989 1230 2045 1279 οἷς
2072 1237 2264 1289 παρεκάλει

1214 1290 1272 1328 ἵνα
1291 1291 1409 1334 ὁσάκις
1420 1293 1583 1343 ὄργισθῇ,
1599 1290 1647 1343 μὴ
1667 1292 1833 1345 πρότερον
1854 1293 2003 1345 κελεύσῃ
2021 1293 2060 1332 τὸ
2079 1294 2264 1347 πρακτέον,

1214 1348 1294 1400 πρὶν
1326 1348 1365 1387 ἂν
1386 1349 1463 1386 καθ’
1483 1348 1604 1387 ἑαυτὸν
1631 1349 1809 1401 ἀριθμήσῃ
1840 1349 1885 1396 τὰ
1906 1351 2016 1403 [κδ’]
2049 1352 2262 1404 γράμματα·

1215 1407 1290 1456 ᾔδει
1306 1407 1373 1459 γὰρ
1395 1409 1498 1445 αὐτοῦ
1530 1407 1569 1445 τὸ
1590 1407 1757 1458 ὀξύθυμον
1786 1408 1846 1446 καὶ
1862 1409 2134 1458 εὖμετάὸλητον.
2162 1411 2205 1450 Ὁ
2226 1411 2261 1450 δὲ

1219 1468 1356 1518 Καῖσαρ
1374 1465 1614 1516 ἀσπαζόμενος
1647 1466 1711 1518 ἔφη
1725 1497 1734 1514 ,
1752 1485 1766 1499 «
1789 1461 1879 1518 Εὖγε
1898 1467 2101 1518 ὑπέμνησάς
2124 1485 2167 1518 με
2181 1498 2191 1516 ,
2217 1472 2263 1513 ὡς

1216 1524 1341 1571 ἀτελὴς
1369 1524 1458 1574 εἰμὶ,
1486 1524 1599 1562 καὶού
1621 1524 1840 1576 συγχωρήσω
1860 1541 1914 1563 σοι
1935 1526 2019 1570 τέως
2039 1530 2098 1574 τῆς
2119 1530 2263 1579 ἐνεγκα-

1218 1582 1323 1632 μένης
1355 1584 1530 1628 ἐπιὸἧναι.
1567 1600 1581 1616 ³³
1607 1584 1858 1635 Παρεγγύησεν
1879 1587 1896 1621 ὁ
1917 1586 2056 1635 Καῖσαρ
2077 1585 2133 1624 ἵνα
2164 1589 2198 1625 ἐν
2219 1591 2263 1639 τῇ

1214 1643 1358 1693 τελευτῇ
1373 1644 1476 1680 αὐτοῦ
1497 1640 1694 1693 κροτῆσωσι
1714 1642 1774 1680 καὶ
1789 1643 1996 1693 γελάσωσιν,
2011 1646 2055 1688 ὡς
2072 1644 2130 1682 ἐπὶ
2154 1645 2262 1695 μίμου

1215 1703 1378 1754 τελευτῇ,
1408 1700 1565 1748 δηλονότι
1599 1700 1841 1740 ἀποσκώπτων
1874 1703 1920 1746 εἷς
1959 1701 2016 1740 τὸν
2048 1703 2260 1754 ἀνθρώπινον

1219 1759 1303 1811 βίον.

1706 1851 1725 1884 7
1731 1852 1754 1887 9
1762 1866 1770 1876 ·

1614 1942 1856 1979 TIBERIUS.

1268 2046 1361 2086 Exc.
1391 2050 1444 2084 De
1465 2049 1552 2084 virt.
1580 2060 1621 2095 p.
1646 2046 1716 2082 801
1747 2060 1754 2082 :
1776 2043 1863 2084 ‘'Ott
1883 2045 2042 2097 Τιὸέριος
2060 2047 2078 2083 ὁ
2098 2047 2260 2097 βασιλεὺς

1215 2104 1403 2155 Ῥωμαίων
1422 2105 1585 2156 ἰδιωτάτη
1608 2102 1706 2156 φύσει
1723 2103 1903 2155 ἐκέχρητο·
1928 2103 2005 2142 οὔτε
2025 2103 2090 2156 γὰρ
2112 2098 2159 2142 ὧν
2178 2107 2258 2143 ἐπε-

1218 2162 1318 2212 θύμει
1340 2162 1579 2214 προσεποιεῒτό
1599 2178 1653 2210 τι,
1675 2162 1734 2200 καὶ
1754 2156 1801 2200 ὧν
1826 2161 1940 2212 ἔλεγεν
1968 2161 2064 2200 οὐδὲν
2086 2166 2132 2207 ὡς
2151 2164 2258 2201 εἰπεῖν

1214 2221 1392 2259 ἐίούλετο·
1448 2222 1525 2259 ἀλλ’
1564 2220 1832 2264 ἐναντιωτάτους
1871 2223 1914 2272 τῇ
1948 2222 2148 2273 προαιρέσει
2181 2221 2259 2266 τοὺς

1213 2281 1333 2331 λόγους
1349 2280 1552 2330 ποιούμενος
1570 2287 1639 2318 πᾶν
1657 2279 1724 2335 [τε]
1746 2280 1763 2318 ὃ
1789 2281 1903 2318 ἐπόθει
1922 2282 2060 2332 ἠρνεῖτο
2072 2312 2082 2328 ,
2104 2281 2164 2319 καὶ
2187 2288 2257 2320 πᾶν

1213 2339 1230 2377 ὃ
1242 2339 1354 2389 ἐμίσει
1365 2339 1575 2392 προετίθετο.
1637 2341 1680 2390 (2)
1697 2341 1858 2382 Τοιοῦτος
1870 2339 1910 2384 δή
1921 2355 1972 2382 τις
1982 2337 2029 2377 ὢν
2041 2338 2119 2383 τοὺς
2129 2339 2256 2392 ἄρχον·

1212 2413 1274 2440 τας
1290 2396 1346 2440 οὒς
1363 2397 1449 2448 ὑπὲρ
1465 2396 1503 2434 τὸ
1519 2396 1789 2446 διατεταγμένον
1807 2396 2050 2445 λαμὸάνοντας
2064 2396 2216 2448 εὕρισκεν
2234 2396 2256 2444 ἢ

1212 2455 1322 2493 καὶτὰ
1331 2455 1483 2505 δημόσια
1493 2455 1767 2507 σφετερίζοντας,
1782 2455 1935 2501 ἐκόλαζε,
1948 2454 2074 2506 λέγων·
2094 2474 2109 2489 «
2129 2455 2258 2507 Κείρε-

102 2566 252 2603 XLVIII,
269 2574 299 2597 c.
316 2568 367 2597 44.
386 2566 434 2598 Cf.
453 2568 583 2597 sueton.
600 2567 670 2598 Oct.
686 2571 735 2598 62.
752 2567 861 2598 Tiber.
881 2576 909 2599 c.
926 2567 1116 2607 43Vellejus
1130 2569 1178 2607 II,
1190 2570 1248 2607 943
1266 2567 1371 2599 Aurel.
1386 2568 1471 2600 vict.
1491 2568 1573 2607 Epit.
1591 2569 1620 2598 4.
1637 2569 1698 2598 Res
1710 2567 1847 2606 pertinet
1859 2566 1899 2598 ad
1913 2575 1965 2598 an.
1984 2569 2034 2598 38.
2052 2587 2092 2594 -
2106 2568 2178 2599 ὑπὸ
2192 2570 2258 2598 τοῦ

101 2613 258 2653 πρώτου
278 2612 502 2654 Καίσαρος]
521 2613 690 2651 Quomodo
711 2614 771 2645 hoc
784 2613 889 2646 dicere
904 2616 1016 2645 auctor
1029 2615 1187 2655 potuerit,
1209 2614 1293 2646 haud
1316 2614 1417 2654 capio.
1435 2631 1479 2640 »-
1502 2616 1543 2650 ὡς
1561 2613 1684 2654 πατήρ]
1710 2614 1770 2645 Dio
1783 2614 1804 2645 1.
1821 2613 1841 2644 I.
1863 2626 1871 2645 ε
1895 2614 2039 2650 ἐξέδωκεν
2058 2613 2152 2652 αὐτὴν
2169 2614 2258 2649 αὐτὸς

102 2659 120 2690 ὁ
141 2659 216 2699 ἀνὴρ
233 2659 337 2699 ὥσπερ
353 2670 397 2695 τις
410 2660 523 2700 πατήρ.
538 2680 578 2686 -
592 2661 726 2692 ἐντεῦθεν
745 2662 811 2692 κτλ.
825 2661 836 2702 ]
854 2662 912 2693 Dio
932 2674 940 2694 ε
958 2664 1082 2703 Καῖσαρ
1094 2664 1129 2694 τὸ
1142 2662 1283 2702 γεννηθὲν
1300 2661 1410 2701 Λιουίᾳ
1423 2664 1462 2702 τῇ
1476 2661 1587 2692 ἑαυτοῦ
1604 2662 1726 2700 γυναικὶ
1743 2660 1865 2692 παιδίον
1881 2661 1999 2701 Νέρωνι
2015 2663 2060 2700 τῷ
2074 2662 2164 2701 πατρὶ
2181 2661 2256 2691 ἁπέ-

102 2705 195 2738 δωκε.
214 2706 275 2737 Καὶ
293 2705 406 2742 ἐκεῖνος
427 2707 577 2738 τελευτῶν
596 2708 633 2739 οὐ
656 2710 762 2748 πολλῷ
779 2709 907 2749 ὕστερον
934 2709 1097 2749 ἐπίτροπον
1111 2709 1163 2740 καὶ
1178 2708 1279 2748 τούτῳ
1292 2708 1347 2738 καὶ
1369 2711 1415 2748 τῷ
1437 2707 1568 2748 Τιὸερίῳ
1587 2708 1678 2739 αὐτὸν
1695 2708 1747 2738 τὸν
1764 2707 1909 2747 Καίσαρα
1925 2707 2097 2738 κατέλιπεν.
2112 2707 2149 2738 'O
2165 2706 2191 2738 δ’
2204 2705 2256 2737 οὖν

102 2753 207 2794 ὅμιλος
221 2751 298 2783 ἄλλα
309 2762 342 2783 τε
356 2753 406 2783 ἐπὶ
423 2753 524 2793 τούτῳ
537 2755 637 2785 πολλὰ
647 2755 808 2795 διεθρΰλλει
819 2779 828 2792 ,
842 2755 894 2785 καὶ
905 2757 968 2790 τοῖς
982 2755 1146 2795 εὐτυχοῦσι
1167 2754 1298 2798 τρίμηνα
1311 2754 1419 2787 παιδία
1434 2756 1597 2794 γεννᾶσθαι
1611 2754 1711 2793 ἔλεγεν
1725 2762 1733 2769 ·
1748 2754 1830 2783 ὥστε
1843 2753 1895 2783 καὶ
1911 2753 1939 2788 ἐς
1952 2753 2120 2793 παροιμίαν
2136 2754 2172 2784 τὸ
2185 2752 2257 2788 ἔπος

101 2802 317 2840 προχωρῆσαι.
331 2816 374 2821 -
386 2798 405 2839 §
417 2801 447 2830 4.
461 2800 538 2831 Οὗτ
548 2811 585 2836 ος
607 2801 651 2832 τό
662 2813 682 2832 σ
692 2803 898 2833 οῦτονκτλ.
910 2801 922 2842 ]
934 2810 965 2832 v.
978 2804 1109 2833 sueton.
1122 2804 1192 2833 oet.
1203 2811 1231 2832 e.
1250 2806 1300 2834 59.
1318 2818 1358 2824 —
1373 2802 1415 2832 δυ
1426 2802 1549 2841 στυχή
1559 2813 1578 2832 σ
1588 2812 1629 2837 ας
1646 2801 1704 2841 δὲ]
1717 2808 1746 2830 v.
1766 2802 1896 2831 sueton.
1913 2802 1986 2831 Oct.
2004 2805 2055 2832 65.
2069 2817 2109 2823 —-
2123 2800 2139 2830 δ
2150 2811 2158 2830 ι
2168 2799 2210 2830 άδ
2220 2810 2255 2830 ο-

103 2846 173 2887 χόν
194 2857 271 2877 τινι
282 2844 293 2886 ]
304 2846 331 2877 δ.
345 2857 413 2877 τινα
423 2870 432 2884 ,
444 2847 495 2878 cni
509 2848 758 2888 suprascriptum
775 2851 821 2880 est
834 2850 905 2888 τινὶ,
918 2848 989 2880 cod.
1003 2851 1049 2880 De
1065 2857 1098 2879 re
1111 2848 1184 2879 vide
1195 2850 1326 2879 Sueton.
1341 2855 1369 2878 c.
1387 2851 1436 2880 68.
1449 2847 1519 2888 -§
1539 2853 1568 2878 5.
1586 2848 1735 2879 Τούτου
1752 2847 1801 2877 vel
1818 2857 1835 2877 τ
1845 2849 1888 2876 οῦ
1904 2847 2023 2877 αὐτοῦ
2037 2857 2083 2877 πο
2093 2844 2144 2885 τὲ]
2158 2849 2256 2876 ταῦτα

102 2891 179 2923 ποτὲ
198 2891 311 2923 codex.
334 2893 413 2927 Quae
429 2892 489 2923 hoc
511 2894 651 2932 segmine
664 2895 812 2933 leguntur
826 2894 936 2926 iisdem
953 2903 1045 2934 poene
1063 2894 1168 2925 verbis
1185 2894 1280 2925 habet
1293 2895 1409 2926 Chron.
1425 2898 1528 2926 Anon.
1544 2895 1614 2926 cod.
1632 2895 1718 2925 Paris
1731 2895 1790 2925 954
1807 2893 1837 2923 in
1857 2895 1963 2925 cram.
1986 2898 2045 2925 Au.
2061 2895 2094 2924 'II
2105 2917 2113 2930 ‚
2129 2902 2161 2932 p.
2182 2894 2253 2923 276.

103 2938 253 2975 Μηκήνας
272 2939 338 2969 κτλ.
353 2938 364 2980 ]
379 2939 520 2977 Μηκίνας
537 2941 608 2972 cod.
629 2943 676 2972 De
693 2950 726 2973 re
742 2951 774 2973 V.
792 2942 850 2973 Dio
864 2944 952 2974 Cass.
977 2944 1044 2981 LV,
1060 2945 1090 2974 7.
1112 2944 1225 2973 Zonar.
1244 2950 1264 2981 p
1291 2944 1370 2978 638,
1390 2943 1426 2972 G.
1441 2961 1483 2968 -
1495 2944 1538 2973 Τι
1550 2941 1614 2978 νὸς
1633 2951 1731 2972 ποτε
1746 2941 1814 2971 κτλ
1826 2939 1850 2980 ’]
1865 2939 1936 2971 vide
1948 2942 2062 2971 Zonar.
2079 2948 2109 2979 p.
2127 2942 2199 2977 538,
2216 2943 2253 2970 Α.

103 3003 144 3017 ᾳ-
163 2984 182 3025 §
205 2989 234 3016 6.
260 2987 373 3017 Paucis
390 2986 459 3018 haec
476 2989 650 3028 tanguntur
671 2989 704 3020 in
730 2991 847 3020 nostris
871 2988 982 3020 Dionis
997 2988 1091 3019 codd.
1118 2988 1192 3020 libr.
1211 2990 1290 3026 LVI,
1306 2990 1358 3019 43.
1377 2989 1490 3019 Fusius
1507 2997 1572 3018 rem
1596 2989 1705 3018 narrat
1729 2988 1871 3017 Zonaras
1896 2995 1927 3025 p.
1947 2988 2024 3024 544,
2041 2986 2074 3016 B.
2094 2984 2141 3016 Cf.
2157 2983 2254 3015 etiam

104 3032 225 3063 Chron.
240 3032 310 3063 cod.
328 3035 385 3064 854
399 3057 408 3069 ,
427 3043 459 3073 p.
480 3038 540 3067 276
555 3035 605 3066 ed.
631 3037 739 3067 Cram.
756 3053 798 3059 --
816 3035 835 3076 §
853 3038 882 3067 7.
900 3035 1029 3067 Eisdem
1048 3035 1152 3067 verbis
1166 3035 1236 3066 hoec
1248 3036 1357 3065 narrat
1370 3034 1489 3066 Chron.
1508 3037 1666 3074 Anonym.
1682 3034 1704 3065 1.
1720 3034 1741 3065 l.
1758 3033 1807 3064 Cf.
1832 3032 1994 3064 Plutarch.
2016 3031 2252 3072 Apophthegm.

103 3080 200 3118 Regg.
221 3087 253 3118 p.
273 3082 395 3117 207,D.
412 3081 472 3112 Dio
489 3083 577 3113 Cass.
595 3084 671 3121 LII,
688 3086 739 3115 37.

146 3127 199 3156 Fr.
223 3128 275 3157 79.
306 3127 394 3158 Idem
411 3130 599 3169 excerptum
622 3130 655 3160 In
680 3129 809 3161 brevius
833 3128 994 3161 contraxit
1018 3128 1133 3160 suidas
1155 3136 1186 3159 v,
1206 3127 1355 3168 Τιὸέριος.
1379 3146 1420 3154 --
1439 3127 1457 3168 §
1475 3132 1503 3159 1.
1528 3127 1634 3158 Prima
1654 3127 1724 3158 haec
1739 3135 1841 3166 usque
1855 3125 1895 3157 ad
1921 3126 1938 3157 ὃ
1955 3125 2054 3166 ἐμίσει
2077 3124 2253 3164 προετίθετο

105 3171 264 3211 exscripta
279 3174 354 3203 sunt
375 3181 417 3204 ex
438 3174 541 3205 Dione
556 3177 644 3207 Cass.
669 3177 775 3212 LVII,
797 3178 809 3207 1
828 3175 899 3206 init.
913 3172 1127 3213 -λὸγους]
1143 3173 1188 3204 sic
1210 3173 1282 3204 dedi
1304 3182 1321 3204 e
1344 3174 1445 3205 Dione
1462 3182 1518 3213 pro
1539 3174 1722 3214 λογισμοὺς,
1739 3172 1824 3212 quod
1846 3171 1949 3203 codex
1970 3173 2076 3202 noster
2092 3172 2124 3200 et
2139 3169 2253 3200 suidas

105 3218 259 3255 exhibent
271 3219 366 3259 culpa
379 3221 585 3260 excerptoris.
605 3224 679 3253 Mox
694 3225 775 3263 part.
788 3234 821 3254 τε
831 3232 869 3254 ex
881 3222 992 3254 eodem
1010 3221 1108 3257 Dione
1124 3220 1243 3251 addidi.
1258 3238 1298 3242 -
1310 3232 1333 3251 π
1342 3221 1467 3261 ροετίθ
1476 3219 1560 3260 ετο]
1575 3220 1682 3259 scripsi
1701 3228 1758 3259 pro
1773 3219 1968 3260 προσετίθετο
1978 3241 1987 3255 ,
2005 3216 2091 3257 quod
2106 3215 2207 3247 codex
2220 3217 2252 3244 et

106 3265 237 3304 suidas3
253 3267 339 3297 certe
352 3266 397 3298 ita
410 3268 548 3299 scribere
561 3272 730 3309 excerptor
745 3271 887 3308 poterat;
905 3276 1100 3309 quamquain
1117 3267 1199 3306 apud
1219 3266 1352 3297 Dionem
1374 3269 1422 3298 est
1436 3276 1444 3297 ε
1462 3267 1652 3307 προετείνετο
1669 3265 1901 3307 (προσετείνετο
1924 3273 1991 3295 var.
2008 3265 2078 3295 lect.
2089 3263 2120 3302 );
2135 3261 2248 3313 quodsi

108 3312 169 3343 hoc
183 3311 287 3351 ipsum
302 3314 411 3344 nostro
430 3322 558 3354 quoque
573 3315 644 3346 loco
661 3316 784 3347 restitui
801 3315 909 3354 malis,
927 3315 1005 3345 nihil
1023 3314 1173 3352 refragor.
1190 3313 1359 3352 vulgatam
1377 3313 1576 3354 προσετίθετο
1592 3313 1721 3353 quidam
1739 3313 1864 3343 firmare
1877 3311 2066 3342 studuerunt
2082 3306 2248 3358 scribendo

107 3359 208 3399 τούτῳ
233 3369 374 3399 προσετ.,
399 3362 446 3390 nti
464 3363 512 3391 est
529 3361 560 3391 in
578 3361 686 3392 Suidae
711 3362 893 3399 codicibus,
918 3369 982 3391 non
1006 3359 1134 3399 optimis
1152 3359 1301 3399 quidem,
1319 3360 1373 3392 sed
1390 3361 1545 3401 plurimis.
1561 3378 1602 3383 —-
1615 3360 1634 3401 §
1648 3365 1680 3392 2.
1707 3362 1932 3395 Τοιοῦτος...
1955 3353 2099 3397 λέγων]
2118 3356 2178 3385 Pro
2200 3353 2248 3384 lus

107 3405 220 3441 Suidas
235 3405 393 3446 abrupte:
414 3407 484 3442 τοὺς
496 3408 631 3448 περισσὰ
651 3408 831 3449 ἐπαίροντας
854 3408 1003 3448 ἄρχοντας
1026 3406 1151 3443 ἐκόλαζε
1173 3408 1284 3447 λέγων.
