2326 3724
18 277 35 308 Ι

977 193 1159 234 FRAGM
1167 194 1308 233 ENTA.

73 287 191 339 με’ναις
208 288 302 341 αὐτῷ
315 285 396 339 περὶ
412 286 474 332 τῆς
490 282 626 335 εἰρήνης
643 281 786 334 ἐμμένοι
802 280 1006 329 συνθήκαις,
1026 280 1118 319 κατὰ

73 345 110 386 δὲ
126 349 195 385 τῶν
220 348 344 385 ἑαυτοῦ
364 359 401 384 τε
417 343 478 382 καὶ
495 341 686 393 Ῥωμαίων
703 341 879 391 πολεμίων
899 339 1117 385 Σκλαὸηνῶν

70 407 196 458 χωρῶν
209 406 272 444 οὐκ
285 403 445 458 ἀφέξεται
457 405 517 440 τοῦ
530 401 630 455 ἔργου
644 403 706 447 τῆς
718 398 957 452 γεφυρώσεως·
974 399 1003 435 εἷ
1018 397 1055 436 δέ
1067 414 1119 442 τις

71 464 238 517 θαρρήσοι
266 461 458 514 Ῥωμαίων
481 459 516 498 ἓν
536 462 617 511 γοῦν
645 460 784 511 ἀφεῖναι
811 457 909 510 βέλος
929 456 1021 495 κατὰ
1050 459 1119 495 τῶν

71 521 338 576 ἐπιχειρούντων
351 518 524 572 πηγνύναι
534 517 599 565 τὴν
611 517 776 570 γέφυραν,
790 516 973 568 γινώσκειν
985 516 1120 564 αὐτοὺς,

71 584 117 625 ὣς
133 581 231 619 αὐτοὶ
247 583 310 627 τῆς
325 578 438 623 αἰτίας
455 580 518 626 τῆς
536 579 605 616 τῶν
623 577 780 614 σπονδῶν
797 574 948 628 ἤρξαντο
964 574 1120 614 καταλύ·

73 653 160 683 σεως
172 668 183 687 ,
203 639 263 677 καὶ
279 638 318 677 τὸ
337 639 510 684 ἐντεῦθεν,
526 634 588 673 ἅτε
608 634 924 684 ἐκπολεμώσαντας
944 632 1068 677 αὐτοὺς
1081 632 1121 671 τὸ

73 697 231 750 Ἀὅάρων
263 692 373 745 ἔθνος,
397 695 446 747 μὴ
472 694 691 748 μέμφεσθαι,
715 692 737 732 ὅ
757 709 791 732 τι
822 692 863 732 ἂν
889 695 974 745 παρ’
1005 694 1120 731 αὐτῶν

35 791 45 803 ,
72 759 95 803 ἡ
107 755 298 807 Ῥωμαίων
313 755 481 807 ἡγεμονία
496 753 606 805 πάθῃ.
622 754 748 792 Ταῦτα
763 751 935 796 δείσαντες
949 753 979 790 οἱ
992 753 1026 790 ἐν
1041 753 1121 804 Σιγ-

72 814 192 867 γηδόνι
218 814 297 858 τοὺς
315 813 437 868 ὅρκους
454 815 535 864 γοῦν
553 812 657 850 αὐτὸν
679 810 825 861 ὀμνύναι
848 813 1119 864 προεκαλοῦντο.

75 873 150 914 Καὶ
168 872 203 918 ὃς
221 872 423 926 παραυτίκα
441 871 518 915 τούς
542 886 580 910 τε
601 869 805 924 Ἀὅαρικοὺς
830 869 964 922 ὤμνυεν
986 870 1124 922 ὅρκους,

74 930 167 984 ξίφος
188 932 413 982 σπασάμενος
434 930 495 970 καὶ
520 929 787 983 ἐπαρασάμενος
802 931 916 983 ἑαυτῷ
935 945 974 968 τε
993 929 1053 968 καὶ
1074 932 1123 979 τῷ

75 988 233 1043 Ἀὅάρων
254 989 342 1028 ἔθνει
360 988 488 1039 παντὶ,
509 990 574 1035 ὡς,
592 989 623 1026 εἷ
641 986 734 1026 κατὰ
751 987 941 1038 Ῥωμαίων
955 1002 988 1025 τι
1005 1002 1125 1039 μηχα-

77 1047 229 1099 νώμενος
245 1051 412 1102 γεφυροῦν
429 1046 627 1100 βουλεύοιτο
641 1046 699 1085 τὸν
715 1045 822 1094 Σάον,
841 1045 908 1084 ὑπὸ
925 1044 1041 1099 ξίφους
1062 1044 1124 1097 μὲν

73 1107 183 1146 αὖτόν
202 1122 241 1146 τε
261 1107 322 1146 καὶ
351 1107 390 1145 τὸ
417 1106 574 1160 Ἀδάρων
595 1105 688 1144 ἅπαν
709 1104 902 1152 ἀναλωθείη
923 1105 1043 1158 φῦλον,
1068 1104 1125 1142 τὸν

77 1165 114 1204 δὲ
133 1165 277 1219 οὐρανὸν
302 1165 431 1204 ἄνωθεν
450 1166 565 1208 αὐτοῖς
585 1164 644 1204 καὶ
661 1164 719 1203 τὸν
738 1163 796 1202 ἐπὶ
812 1166 874 1202 τοῦ
891 1164 1036 1216 οὐρανοῦ
1053 1163 1127 1201 θεὸν

76 1227 147 1278 πῦρ
163 1224 371 1278 ἐπαφήσειν,
395 1223 517 1263 καὶτὰ
540 1223 640 1277 πέριξ
653 1223 716 1277 ὅρη
736 1222 798 1261 καὶ
824 1221 886 1267 τὰς
908 1221 994 1266 ὅλας
1013 1223 1128 1266 αὐτοῖς

78 1284 340 1331 ἐπιπεσεῖσθαι,
371 1282 432 1321 καὶ
463 1282 521 1322 τὸν
546 1282 641 1322 Σάον
670 1281 830 1332 ποταμὸν
856 1279 1126 1333 ὑπερὸλύσαντα

78 1342 312 1395 συγκαλύψειν
335 1341 472 1387 αὐτούς.
502 1343 662 1382 Τοιαῦτα
688 1340 912 1394 βαρὸαρικῶς
937 1338 1128 1391 ἀπομοσά-

79 1416 179 1452 μενος
208 1404 227 1440 6
253 1401 434 1453 Χαγάνος,
461 1418 477 1436 α
498 1402 590 1452 Νῦν,
622 1399 708 1454 ἔφη,
737 1400 796 1438 καὶ
822 1399 901 1443 τοὺς
929 1398 1129 1450 Ῥωμαίους

78 1459 200 1514 ὅρκους
219 1459 368 1511 ὀμνύναι
389 1459 574 1512 βούλομαι.
594 1477 609 1494 u
625 1459 698 1499 Καὶ
712 1458 788 1509 ἅμα
801 1459 880 1512 ᾔτει
895 1460 980 1511 παρ’
1002 1459 1129 1505 αὐτῶν,

18 1538 22 1542 ’
77 1519 111 1557 τί
147 1519 189 1566 δὴ
213 1518 338 1558 πιστόν
360 1534 397 1557 τε
416 1518 476 1557 καὶ
503 1517 696 1569 σεὸάσμιον
724 1517 818 1570 ἔχειν
843 1517 1026 1567 νομίζοιεν,
1051 1519 1129 1554 καθ’

80 1571 120 1617 οὗ
139 1577 218 1622 τοὺς
244 1576 416 1629 ὀμνύντας
433 1576 496 1624 τὴν
525 1580 587 1615 τοῦ
610 1580 687 1616 θεοῦ
715 1579 831 1627 μῆνιν,
857 1574 899 1623 ἢν
925 1576 1130 1628 ἐπιορκοῒεν,

79 1637 142 1675 οὐκ
166 1636 402 1689 ἐκφεύξεσθαι.
437 1637 668 1690 Παραχρῆμα
695 1629 754 1674 οῦν
780 1638 798 1674 6
825 1638 888 1682 τῆς
917 1633 1131 1686 Σιγγηδόνος

79 1695 213 1739 πόλεως
225 1696 289 1743 τὴν
304 1695 570 1749 ἀρχιερωσύνην
582 1694 707 1734 διέπων
718 1695 781 1740 τὰς
789 1695 974 1739 θεσπεσίας
989 1695 1131 1747 βίὸλους

81 1755 175 1808 αὐτῷ
201 1753 258 1793 διὰ
287 1757 356 1793 τῶν
372 1756 416 1794 ,ἐν
448 1754 544 1807 μέσῳ
571 1753 633 1799 τὰς
662 1754 826 1807 ἀγγελίας
857 1753 1130 1805 διακομιζόντων

83 1811 328 1868 [ἐνεχείρισε].
353 1813 424 1853 Καὶ
442 1813 497 1862 ὃς,
519 1813 741 1867 δολερώτατά
760 1830 832 1858 πως
848 1813 1129 1866 ἐπικρυψάμενος

80 1872 137 1911 τὸν
158 1876 252 1921 νοῦν,
271 1868 456 1911 ἀνίσταταί
471 1888 508 1910 τε
529 1874 568 1910 ἐκ
583 1876 645 1920 τῆς
667 1872 856 1926 καθέδρας,
874 1872 935 1911 καὶ
951 1871 1012 1910 σὺν
1032 1871 1131 1925 φόὸῳ

80 1931 181 1977 δῆθεν
209 1931 330 1984 πολλῷ
349 1930 408 1969 καὶ
436 1931 636 1981 σεὸάσματι
662 1935 775 1969 ταῦτα
801 1930 1132 1983 προσποιησάμενος

2140 206 2216 240 265

1186 283 1246 318 τοῦ
1270 279 1489 325 λαλήσαντος
1516 279 1560 318 τὰ
1587 281 1622 318 ἐν
1650 281 1724 324 ταῖς
1750 281 1864 332 ἁγίαις
1892 282 2064 336 διφθέραις
2087 283 2228 335 ῥήματα

1177 341 1273 386 θεοῦ,
1290 337 1399 389 μηδὲν
1414 338 1515 390 [τῶν]
1531 338 1723 390 εἰρημένων
1739 339 1822 390 παρ’
1843 341 1947 379 αὐτοῦ
1968 342 2227 394 διαψεύσεσθαι.

1177 397 1329 449 Δέχεται
1348 400 1529 448 τοιγαροῦν
1550 399 1568 435 6
1588 398 1701 443 Σῆθος
1717 396 1795 441 τοὺς
1811 402 1895 450 παρ’
1917 401 2021 437 αὐτοῦ
2040 399 2204 452 πρέσὸεις
2217 429 2226 447 ,

1179 455 1239 494 καὶ
1260 455 1467 494 ἀποστέλλει
1489 457 1537 499 εἷς
1557 454 1619 501 τὴν
1643 454 1807 507 βασιλίδα
1821 455 1974 509 Τιὸερίῳ
1989 459 2039 510 τῷ
2053 458 2225 511 αὖτοκρά·

1178 530 1265 567 τορι.
1280 514 1378 559 Ἕως
1393 515 1429 553 δὲ
1447 512 1482 552 οἵ
1492 530 1527 552 τε
1543 513 1706 567 πρέσὸεις
1720 513 1782 560 τὴν
1800 515 1863 566 [εἷς
1877 513 1955 566 τὴν]
1973 516 2229 567 βασιλεύουσαν

1179 575 1279 613 πόλιν
1302 573 1379 612 ὁδὸν
1412 573 1563 622 διήνυον,
1594 572 1654 611 καὶ
1682 575 1700 610 6
1730 572 1954 625 αὐτοκράτωρ
1976 573 2101 623 ἔμελλε
2119 578 2231 613 ταῦτα

1181 632 1408 680 ἀκούσεσθαι,
1436 634 1454 670 6
1475 630 1639 683 Χαγάνος
1668 632 1702 669 ἐν
1729 631 1826 684 μέσῳ
1853 631 2091 682 διαμελλήσας
2119 632 2230 678 οὐδὲν,

1186 691 1285 744 πάσῃ
1313 691 1447 743 σπουδῇ
1480 690 1541 729 καὶ
1576 689 1803 743 πολυχειρίᾳ,
1830 690 2021 740 συμπάσης
2047 692 2141 743 αὐτῷ
2172 694 2233 738 τ’ῆς

1185 750 1358 803 Ἀὸάρων,
1381 751 1428 794 ὥς
1447 751 1572 800 εἰπεῖν,
1593 755 1759 801 στρατιᾶς
1783 749 2050 799 συμπονούσης,
2069 749 2232 803 ἐγεφύρου

1181 811 1239 848 τὸν
1257 808 1425 859 ποταμὸν,
1448 811 1557 847 θεῖναι
1577 807 1705 861 (πέρας
1725 810 1892 846 ἐπιθεῖναι
1909 810 2042 860 Nieb.)
2064 807 2232 861 βουλόμε-

1185 884 1238 913 νος
1252 868 1334 922 πρὶν
1352 867 1374 915 ἢ
1394 870 1412 906 6
1428 867 1653 920 αὐτοκράτωρ
1670 868 1777 905 αὐτοῦ
1793 867 1983 914 συννοήσας
1996 867 2036 906 τὸ
2054 867 2233 920 βούλευμα

1186 926 1393 966 διακωλύειν
1414 926 1519 966 αὐτὸν
1537 928 1577 965 ἐκ
1594 929 1662 964 τῶν
1685 924 1830 965 ἐνόντων
1849 925 2084 979 ἐπιχειρήσοι.

1677 1022 1742 1064 64.

1239 1111 1388 1147 Ibidem
1422 1123 1464 1159 p.
1510 1109 1715 1159 129—131
1755 1123 1765 1146 z
1798 1107 1886 1148 (Ότι
1918 1108 2139 1162 ἀφικομένων
2167 1112 2234 1148 τῶν

1188 1167 1371 1221 πρέσὸεων
1389 1170 1458 1206 τῶν
1477 1167 1636 1220 Ἀὅάρων
1654 1169 1702 1212 εἷς
1724 1166 1788 1215 τὴν
1807 1167 1994 1220 βασιλίδα,
2016 1167 2077 1206 καὶ
2098 1167 2236 1206 αἰτούν-

1188 1243 1256 1265 των
1272 1226 1330 1265 τὸν
1351 1227 1592 1280 αὐτοκράτορα
1614 1227 1884 1279 παρασκευάσαι
1902 1226 1963 1270 τὰς
1987 1230 2070 1270 ναῦς
2090 1229 2139 1280 τῷ
2155 1229 2234 1267 Χα-

1188 1284 1284 1339 γάνῳ
1301 1285 1362 1324 καὶ
1381 1289 1425 1339 τῇ
1445 1291 1594 1339 στρατιᾶΙ
1613 1288 1682 1324 τῶν
1704 1285 1861 1338 Ἀὅάρων
1873 1287 1907 1328 ἐς
1923 1285 1981 1323 τὸν
1999 1284 2138 1338 Ἴστρον
2154 1287 2235 1324 δια-

1191 1343 1370 1397 ὅησομένῃ
1391 1343 1484 1382 κατὰ
1518 1344 1735 1392 Σκλαὸηνῶν
1763 1345 1978 1397 (θαρροῦντα
1996 1343 2065 1396 γὰρ
2084 1343 2152 1392 ἤδη
2179 1343 2236 1383 τὸν

1189 1403 1355 1454 Χαγάνον
1376 1405 1408 1447 ἐς
1434 1402 1497 1450 τὴν
1517 1403 1635 1456 φιλίαν
1654 1402 1718 1449 τὴν
1745 1404 1849 1441 αὐτοῦ
1874 1402 1938 1449 τὴν
1957 1401 2111 1455 γέφυράν
2140 1418 2178 1441 τε
2203 1403 2237 1446 ἐς

1189 1461 1247 1499 τὸν
1268 1462 1362 1501 Σάον
1382 1461 1587 1515 ἐργάζεσθαι
1603 1460 1775 1511 ποταμὸν,
1790 1463 1850 1499 καὶ
1863 1460 2047 1513 βούλεσθαι
2070 1459 2147 1505 τοὺς
2164 1475 2238 1499 κοι-

1190 1518 1268 1564 νοὺς
1287 1519 1427 1573 ἐχθροὺς
1438 1522 1543 1559 αὐτοῦ
1553 1537 1590 1559 τε
1598 1521 1659 1559 καὶ
1673 1519 1863 1571 Ῥωμαίων
1874 1518 2105 1567 Σκλαὸηνοὺς
2119 1519 2236 1572 ἐκτρί-

1188 1581 1292 1632 ψαι),
1312 1584 1423 1618 ταῦτα
1447 1579 1735 1630 ἀπαγγειλάντων
1755 1578 1852 1623 εὐθὺς
1875 1578 1938 1630 μὲν
1957 1577 1997 1616 τὸ
2023 1577 2238 1631 ἐπιχείρημα

1188 1637 1249 1676 καὶ
1261 1637 1324 1684 τὴν
1345 1637 1479 1677 ἔννοιαν
1494 1642 1555 1677 τοῦ
1572 1636 1738 1690 Χαγάνου
1756 1637 1878 1689 διέγνω
1895 1639 2013 1690 σαφῶς
2030 1639 2048 1675 6
2068 1636 2240 1689 αὐτοκρά-

1189 1712 1273 1750 τωρ,
1295 1698 1341 1740 ὧς
1358 1696 1422 1743 τὴν
1438 1697 1539 1734 πόλιν
1558 1696 1598 1735 τὸ
1618 1697 1766 1749 Σίρμιον
1797 1695 1922 1741 ἐξελεῖν
1944 1695 2152 1746 βουλόμενος
2177 1696 2239 1747 ἐρ-

1191 1755 1332 1807 γάζοιτο
1348 1754 1410 1802 τὴν
1431 1755 1599 1808 γέφυραν,
1619 1757 1847 1794 ἀποκωλῦσαι
1863 1753 2073 1807 βουλόμενος
2090 1752 2152 1801 τὴν
2170 1756 2238 1791 τῶν

1160 1845 1162 1853 ,
1191 1812 1391 1866 ἀναγκαίων
1422 1814 1638 1866 εἷσκομιδὴν,
1657 1813 1750 1858 ὅπως
1775 1815 1869 1867 λιμῷ
1889 1812 2151 1866 παραστήσοιτο
2175 1811 2239 1859 τὴν

1192 1874 1307 1913 πόλιν.
1365 1874 1418 1911 Οὐ
1446 1871 1514 1926 γὰρ
1551 1876 1593 1920 ἠν
1628 1872 1841 1926 ἀποχρώσας
1870 1871 2031 1915 δαπάνας
2062 1873 2096 1915 ἐς
2130 1870 2239 1918 αὐτὴν

1194 1930 1499 1984 προαποθέμενος,
1518 1934 1561 1983 τῇ
1579 1931 1782 1982 συνεστώσῃ
1809 1930 1893 1983 πρὸς
1923 1929 2087 1982 Ἀδάρους
2117 1928 2239 1982 εἰρήνῃ

81 1989 267 2042 δέχεσθαι,
284 1989 345 2028 καὶ
356 1990 603 2043 προσκυνήσας·
613 1990 880 2043 προθυμότατα,
898 1989 1022 2041 ὄμνυσι
1036 1988 1130 2028 κατὰ

82 2059 2239 2071 .----.-..------.

79 2109 162 2142 opus
175 2102 280 2141 pontis
300 2100 506 2133 construendi
535 2101 804 2134 intermissurum.
831 2101 954 2139 Quodsi
979 2101 1051 2142 quis
1073 2103 1130 2134 Ro-

79 2161 251 2184 manorum
272 2152 390 2185 audeat
414 2153 466 2185 vel
484 2161 586 2184 unum
613 2153 714 2185 telum
743 2152 902 2192 conjicere
932 2152 966 2184 in
990 2161 1044 2185 eos
1076 2152 1131 2192 qui

81 2204 170 2246 ponti
194 2203 384 2236 aediiicando
409 2213 541 2236 manum
563 2204 792 2245 admoverent,
812 2204 853 2236 ab
878 2204 953 2245 ipsis
975 2204 1131 2236 foederum

82 2257 306 2290 violandorum
318 2257 446 2290 initium
467 2258 587 2290 factum
604 2266 690 2298 esse,
711 2258 894 2290 meminisse
910 2267 964 2290 eos
980 2257 1087 2298 jussit,
1101 2259 1133 2290 et

80 2318 183 2350 quum
196 2309 254 2350 ipsi
269 2313 389 2342 Avares
412 2310 445 2342 in
461 2309 583 2342 bellum
597 2309 808 2351 impulissent,
826 2310 851 2342 si
877 2310 956 2350 quid
978 2310 1052 2342 inde
1064 2312 1132 2342 Ro·

81 2370 251 2394 manorum
267 2370 317 2394 res
329 2362 459 2402 publica
469 2362 651 2394 detrimenti
662 2363 799 2403 ceperit,
813 2362 854 2394 de
866 2371 904 2394 eo
917 2362 1009 2403 queri
1019 2362 1130 2394 vetuit.

84 2415 152 2447 Hoc
164 2413 258 2446 veriti
277 2415 412 2446 Romani
427 2415 482 2455 qui
496 2414 674 2455 singedone
694 2415 802 2453 erant,
813 2414 1000 2454 Chaganum
1015 2413 1056 2445 ad
1069 2413 1132 2454 jus·

25 2484 33 2492 ·
81 2465 255 2506 iurandum
276 2468 506 2506 provocarunt.
524 2468 636 2507 ltaque
653 2466 821 2498 confestim
841 2466 975 2498 Avarico
994 2467 1056 2498 ritu
1068 2466 1133 2506 jus·

82 2517 255 2558 jurandum
269 2517 308 2549 ad
323 2517 409 2550 hunc
425 2517 559 2550 modum
586 2518 745 2558 praestitit.
768 2521 852 2550 Ense
868 2518 997 2558 educto,
1027 2518 1086 2550 sibi
1103 2519 1135 2550 et

84 2573 224 2602 Avarum
239 2570 325 2610 genti
339 2570 409 2602 dira
424 2573 472 2603 aet
486 2570 699 2611 imprecatus,
717 2571 744 2602 si
766 2571 844 2611 quid
871 2570 946 2602 mali
964 2572 1133 2603 commini-

85 2625 229 2655 sceretur
239 2623 392 2655 Romanis
404 2623 437 2655 in
449 2632 499 2663 eo,
511 2623 599 2665 quod
612 2625 742 2664 pontem
759 2633 854 2665 super
867 2626 928 2657 Sao
944 2623 1076 2656 flumine
1086 2625 1134 2656 sa-

85 2684 157 2707 cere
169 2676 363 2715 susceperit,
377 2677 414 2707 ut
429 2675 496 2717 ipse
512 2677 545 2708 et
561 2675 709 2707 universa
723 2684 800 2716 gens
817 2675 858 2707 ad
883 2676 1135 2708 internecionem

85 2735 186 2768 usque
198 2727 282 2759 ferro
296 2727 431 2768 periret,
457 2727 577 2758 coelum
603 2735 642 2759 ex
659 2727 724 2759 alto
743 2736 838 2768 super
859 2727 934 2768 ipsis
946 2752 955 2767 ,
974 2728 1006 2760 et
1030 2730 1133 2769 Deus,

85 2778 184 2820 quiin
196 2778 277 2810 coelo
291 2779 356 2818 est,
369 2777 476 2818 ignem
493 2777 702 2819 immitteret,
717 2779 807 2811 silvae
823 2780 856 2812 et
878 2781 1003 2812 montes
1015 2788 1091 2812 casu
1105 2783 1137 2813 et

86 2831 178 2863 ruina
189 2831 260 2864 illos
272 2831 455 2864 obtererent
464 2856 473 2872 ,
487 2832 521 2864 et
533 2833 614 2864 Saus
633 2831 752 2864 fluvius
767 2832 980 2865 inundatione
993 2842 1048 2866 eos
1060 2834 1136 2866 sub-

87 2885 253 2923 mergeret.
272 2885 351 2916 Haec
360 2883 415 2916 ubi
429 2883 565 2916 barbaro
582 2893 672 2916 more
687 2884 859 2925 Cbaganus
869 2885 996 2924 emisit,
1019 2899 1034 2914 n
1046 2888 1137 2918 Nunc

88 2943 157 2975 ego,
182 2934 299 2975 inquit,
316 2934 543 2975 iusiurandum
563 2937 784 2968 Romanorum
809 2936 920 2976 jurare
943 2937 1028 2969 volo.
1054 2939 1137 2970 Tum

89 2986 238 3027 quaesivit
259 2995 300 3018 ex
322 2987 414 3028 ipsis,
438 2987 518 3028 quid
530 2989 612 3019 esset
624 2987 709 3028 quod
732 2990 882 3020 sanctum
903 2989 936 3020 et
955 2989 1138 3030 religiosum

89 3039 254 3078 ducerent,
271 3048 327 3080 per
336 3040 423 3081 quod
439 3040 596 3080 jurantes,
619 3040 646 3071 si
663 3041 823 3081 fallerent,
838 3041 888 3072 dei
913 3041 992 3073 iram
1007 3043 1139 3075 minime

90 3092 265 3124 evitaturos
281 3092 458 3124 crederent.
476 3094 560 3124 Tum
570 3092 626 3132 qui
642 3092 675 3124 in
691 3092 871 3133 Singedone
885 3093 964 3125 urbe
977 3102 1137 3126 summam

90 3152 254 3176 sacrorum
269 3146 460 3186 potestatem
472 3144 610 3176 habebat
620 3168 628 3183 ‚
652 3145 759 3177 statim
773 3148 883 3178 sancta
899 3146 998 3178 Biblia
1019 3155 1073 3187 per
1088 3146 1137 3178 in-

90 3196 274 3238 ternuntios
297 3196 382 3228 tradi
403 3190 511 3237 jussit,
541 3197 581 3228 Et
613 3196 666 3228 ille
682 3197 812 3237 quidem
828 3198 993 3229 occultans
1014 3207 1050 3230 ea
1066 3208 1139 3240 quae

92 3249 199 3280 mente
227 3248 394 3288 volvebat,
427 3248 530 3280 multo
550 3256 625 3280 cum
649 3249 790 3281 tremore
805 3251 837 3281 et
862 3258 1065 3290 magnacum
1093 3259 1140 3282 re·

92 3301 235 3332 verentia
253 3309 286 3333 se
298 3310 335 3333 ea
355 3301 516 3342 suscipere
530 3301 703 3342 simulans,
726 3302 870 3342 procedit
882 3311 900 3335 e
915 3303 1084 3343 cathedra,
1108 3305 1140 3335 et

93 3351 188 3383 alacri
203 3353 310 3384 animo
330 3353 363 3384 in
380 3362 484 3394 genua
500 3354 710 3394 provolutus,
734 3354 857 3394 juravit
874 3364 929 3395 per
952 3355 1068 3395 deum,
1085 3357 1139 3397 qui

94 3412 255 3437 sacrorum
269 3402 423 3438 librorum
437 3406 536 3440 verba
546 3406 714 3447 emisisset,
726 3415 760 3439 se
776 3403 808 3439 in
825 3407 915 3440 nullo
928 3417 1052 3448 eorum,
1067 3418 1140 3449 qua·

1192 1991 1346 2043 θαρρῶν.
1404 1989 1560 2042 Ἀπορῶν
1581 1989 1616 2028 δὲ
1631 1995 1819 2042 στρατιᾶς,
1839 1987 1879 2027 οὔ
1905 2004 1938 2026 τι
1960 1987 2054 2038 λέγω
2068 1987 2156 2040 πρὸς
2176 1987 2239 2033 τὴν

1191 2100 1342 2140 dixisset,
1362 2101 1490 2133 mentiri
1506 2103 1539 2133 et
1556 2101 1676 2133 fallere.
1691 2102 1805 2141 Itaque
1827 2100 1943 2133 sethus
1967 2098 2098 2131 admisit
2122 2098 2243 2139 legatos

1191 2152 1232 2184 ab
1246 2162 1284 2184 eo
1297 2153 1409 2185 missos
1418 2150 1470 2191 ‚et
1482 2152 1522 2184 ad
1537 2153 1763 2193 imperatorem
1776 2151 1939 2184 Tiberium
1950 2151 1983 2182 in
1993 2150 2112 2191 regiam
2127 2151 2240 2183 urbem

1191 2204 1376 2236 transmisit.
1387 2205 1473 2235 Dum
1485 2203 1580 2244 legati
1590 2203 1649 2235 iter
1659 2203 1826 2244 peragunt,
1841 2203 1873 2234 et
1882 2202 2054 2242 imperator
2063 2210 2118 2233 eos
2127 2200 2242 2232 admit-

1191 2257 1259 2289 tere
1269 2258 1378 2298 parat,
1392 2257 1563 2297 chaganus
1573 2257 1694 2289 interea
1705 2264 1786 2297 opus
1797 2263 1864 2287 non
1884 2254 2066 2294 intermisit,
2085 2254 2141 2287 sed
2154 2255 2243 2286 omni

1191 2318 1290 2351 cura,
1309 2309 1415 2342 studio
1434 2301 1467 2342 et
1491 2309 1673 2350 diligentia,
1690 2310 1760 2342 toto
1785 2311 1928 2341 Avarum
1944 2307 2088 2340 exercitu
2111 2307 2144 2339 in
2169 2315 2242 2339 eam

1192 2370 1260 2394 rem
1287 2361 1513 2401 incumbente,
1546 2363 1678 2402 pontem
1705 2369 1801 2402 super
1834 2362 1896 2393 Sao
1924 2359 2057 2391 flumine
2092 2358 2240 2391 absolvit.

1193 2415 1317 2447 Etenim
1336 2415 1487 2455 perticere
1497 2423 1578 2455 opus
1588 2415 1764 2452 statuerat,
1779 2413 1954 2453 antequam
1965 2420 2003 2444 ea
2016 2419 2066 2444 res
2075 2411 2118 2457 ad
2138 2411 2241 2452 impe-

1193 2468 1307 2500 ratoris
1319 2467 1534 2508 cognitionem
1548 2466 1690 2506 veniret,
1705 2474 1766 2506 ne,
1782 2466 1810 2498 si
1826 2465 1975 2506 resciret,
1998 2464 2243 2498 aedificationem

1192 2521 1370 2554 disturbare
1386 2522 1536 2554 tentaret.

1237 2627 1351 2667 ltaque
1366 2626 1500 2667 profecti
1519 2628 1663 2658 Avarum
1683 2624 1783 2666 legati·
1794 2624 1827 2657 in
1842 2624 1962 2665 regiam
1981 2622 2113 2662 urbem,
2130 2622 2171 2654 ab
2186 2622 2243 2654 im-

1194 2682 1341 2719 peratore
1351 2678 1525 2719 petierunt,
1536 2679 1574 2710 ut
1584 2686 1682 2710 naves
1692 2677 1888 2718 praepararet
1898 2676 2049 2716 Chagano
2058 2676 2090 2706 et
2100 2677 2243 2706 Avarum

1193 2723 1373 2770 exercitui,
1400 2730 1519 2771 quibus
1543 2731 1625 2762 lstro
1647 2729 1783 2768 trajecto
1807 2728 1841 2760 in
1873 2728 2039 2761 Sclavinos
2064 2728 2241 2759 moverent.

1197 2781 1326 2815 Etenim
1351 2782 1539 2823 Chaganum
1553 2805 1562 2822 ,
1589 2780 1741 2813 fidentem
1765 2779 1905 2812 amicitia
1921 2788 1994 2820 quae
2016 2778 2061 2810 illi
2086 2787 2160 2809 cum
2177 2780 2244 2810 Ro-

1198 2834 1302 2866 manis
1317 2835 1405 2872 erat,
1426 2833 1494 2873 jam
1512 2833 1644 2874 pontem
1659 2833 1784 2864 struere
1799 2840 1896 2872 super
1908 2832 1970 2863 Sao
1984 2829 2115 2861 flumine
2130 2838 2244 2870 propo-

1197 2888 1361 2928 situmque
1380 2887 1517 2926 habere,
1545 2893 1736 2918 communes
1751 2893 1827 2917 suos
1852 2884 1959 2916 hostes
1974 2885 2007 2915 et
2023 2884 2243 2915 Romanorum

1197 2942 1364 2973 conterere
1381 2941 1414 2972 et
1431 2939 1636 2974 labefactare.
1662 2940 1740 2971 Haec
1753 2938 1864 2979 legatis
1876 2935 2118 2974 nuntiantibus,
2134 2934 2244 2967 statim

1197 2996 1306 3034 aperte
1331 2994 1504 3034 imperator
1525 2991 1677 3033 cognovit
1698 2992 1851 3023 conatum
1869 2992 1902 3023 et
1920 2991 2062 3022 mentem
2089 2987 2243 3028 Chagani.

1198 3047 1307 3083 Quum
1327 3045 1413 3077 enim
1426 3044 1544 3085 oppido
1557 3044 1674 3076 Sirmio
1687 3042 1783 3084 potiri
1796 3043 1943 3083 cuperet,
1959 3042 2090 3082 pontem
2108 3039 2243 3077 fecerat,

1198 3098 1235 3127 ut
1251 3096 1361 3137 oppidi
1376 3096 1498 3128 incolas
1513 3095 1661 3127 omnium
1683 3103 1793 3127 rerum
1814 3095 1997 3126 commeatu
2018 3090 2245 3123 intercluderet

1198 3149 1230 3180 et
1252 3148 1335 3180 same
1346 3147 1386 3179 ad
1399 3147 1595 3180 deditionem
1611 3147 1829 3188 compelleret.
1849 3147 1932 3178 Nam
1951 3152 2055 3186 quum
2071 3143 2244 3182 imperator

1199 3200 1330 3232 minime
1346 3200 1415 3240 paci
1429 3209 1504 3232 cum
1518 3200 1676 3233 Avaribus
1691 3198 1877 3239 compositae
1890 3197 2067 3234 diffideret,
2081 3195 2115 3226 in
2131 3193 2244 3225 urbem

1199 3254 1400 3284 commeatus
1416 3251 1457 3283 ad
1473 3251 1675 3284 obsidionem
1693 3249 1895 3283 tolerandam
1912 3249 2043 3281 idoneos
2059 3245 2166 3278 invehi
2179 3252 2243 3275 non

1199 3304 1380 3335 curaverat.
1403 3304 1563 3335 Praeterea
1588 3302 1714 3343 copias,
1746 3311 1812 3333 non
1844 3300 1925 3345 dico..
1940 3302 2014 3340 quae
2041 3297 2117 3330 satis
2140 3295 2244 3327 essent

1199 3355 1239 3387 ad
1257 3354 1468 3387 resistendum
1483 3354 1657 3393 Avaribus,
1670 3352 1726 3386 sed
1743 3361 1785 3385 ne
1800 3352 1949 3384 minimas
1967 3348 2096 3390 quidem
2113 3345 2243 3377 omnino

1203 3407 1352 3440 habebat.
1387 3407 1514 3440 Etenim
1542 3415 1653 3439 omnes
1677 3405 1855 3445 exercitus,
1886 3412 1967 3444 quos
1992 3398 2239 3440 conscripserat,
