2326 3724
979 239 1314 281 FRAGMENTA.

234 353 597 413 AGATHON
641 354 927 414 SAMIUS.

462 470 705 509 ΣΚΥΘΙΚΑ.

348 562 379 597 E
406 561 556 598 uano
584 560 822 613 SECUNDO.

565 659 599 682 1.

113 721 302 758 Plutarch.
319 722 375 757 De
394 719 485 759 fluv.
505 734 540 757 c.
566 720 651 767 14,5
673 735 681 757 :
709 722 880 759 Γεννᾶται
900 719 931 758 δ’
956 722 991 759 ἐν
1011 721 1107 774 αὐτῷ

61 778 73 828 (
92 777 242 817 Τανάϊδι
257 776 267 829 )
286 777 415 830 βοτάνη
427 808 437 828 ,
451 780 494 830 τῇ
515 778 686 830 διαλέκτῳ
699 781 766 816 τῶν
783 778 971 831 βαρὸάρων
984 778 1108 832 Φρύξα

63 835 277 887 καλουμένη,
294 834 379 889 ὅπερ
397 835 736 888 μεθερμηνευόμενόν
767 839 841 875 ἐστι
864 837 1107 889 μισοπόνηρος·

59 894 207 948 πηγάνῳ
226 894 263 933 δέ
282 896 355 950 ἔστι
372 894 584 946 παρόμοιος,
601 895 644 942 ἣν
662 897 694 934 οἱ
710 895 873 949 πρόγόνοι
891 899 1109 949 κρατοῦντες,

59 953 157 992 οὐδὲν
181 953 246 992 ὑπὸ
279 956 457 1007 μητρυιῶν
485 955 706 992 ἀδικοῦνται·
728 955 884 1005 μάλιστα
918 954 952 993 δὲ
985 954 1109 1007 φύεται

58 1010 156 1063 παρὰ
174 1010 303 1064 Βορέου
325 1012 668 1064 προσαγορευόμενον
698 1012 835 1067 ἄντρον.
859 1012 1106 1065 Συλλεγομένη

58 1069 96 1108 δέ
124 1071 198 1109 ἐστι
231 1069 430 1123 ψυχροτέρα
460 1070 592 1123 χιόνος·
614 1069 696 1110 ὅταν
721 1071 759 1110 δέ
784 1088 851 1111 τινι
879 1074 917 1111 ἐκ
937 1077 1108 1124 μητρυιᾶς

56 1127 226 1175 ἐπιὸουλὴ
253 1128 418 1180 γένηται,
439 1128 569 1182 φλόγας
589 1129 794 1168 ἀναδίδωσι·
815 1130 875 1169 καὶ
903 1133 1004 1169 τοῦτο
1024 1129 1109 1169 σύσ-

58 1200 170 1236 σημον
204 1185 341 1238 ἔχοντες
371 1187 402 1225 οἳ
433 1185 642 1240 φοὸούμενοι
680 1187 743 1232 τὰς
780 1186 1108 1241 ἐπιγεγαμημένας,

57 1243 254 1283 ἐκκλίνουσι
281 1247 349 1283 τῶν
371 1245 600 1296 ἐπικειμένων
624 1245 740 1300 φόὸων
769 1247 830 1291 τὰς
850 1247 1025 1298 ἀνάγκας·
1044 1261 1108 1284 κα-

60 1301 127 1348 θὼς
146 1304 280 1357 ἱστορεῖ
297 1303 451 1355 Ἀγάθων
467 1306 486 1342 ὁ
503 1304 638 1355 Σάμιος
651 1307 686 1344 ἐν
710 1304 744 1358 β’
764 1307 958 1345 Σκυθικῶν.

384 1403 775 1456 [ΑΙΓΥΠΤΙΑΚΑῩ]

565 1498 603 1521 2.

110 1564 334 1600 Plutarchus
353 1565 440 1603 Par.
462 1565 556 1602 min.
580 1577 614 1603 c.
637 1563 686 1601 38
704 1577 712 1600 :
735 1561 896 1613 Βούσιρις
909 1591 919 1611 ,
932 1563 1015 1605 παῖς
1032 1563 1108 1601 Πο-

58 1622 217 1665 σειδῶνος
253 1620 314 1660 καὶ
348 1621 517 1668 Ἀνίππης
539 1625 602 1669 τῆς
629 1622 783 1668 Νείλου,
812 1619 892 1664 τοὺς
911 1621 1104 1673 παριόντας

57 1679 198 1733 ὓπούλῳ
228 1679 403 1734 φιλοξενίᾳ
437 1680 600 1720 κατέθυε·
630 1682 780 1730 μετῆλθε
806 1681 835 1717 δ’
868 1679 971 1717 αὐτὸν
994 1682 1016 1726 ἡ
1037 1682 1107 1717 τῶν

56 1738 353 1786 τετελευτηκότων
387 1737 545 1789 νέμεσις·
575 1738 756 1791 ἹΙρακλῆς
779 1737 846 1790 γὰρ
865 1737 1033 1782 ἐπιτεθεὶς
1058 1739 1107 1790 τῷ

58 1796 201 1850 ῥοπάλῳ
220 1797 433 1851 διεχρήσατο
446 1812 454 1821 ·
476 1799 522 1841 ὥς
542 1797 696 1849 Ἀγάθων
715 1796 860 1846 Σάμιος.

303 1895 512 1934 ΠΟΝΤΟΥ
542 1894 859 1934 ΠΕΡΙΠΛΟΥΣ.

556 1984 590 2016 3.

109 2047 236 2086 Schol.
258 2048 377 2084 Paris.
394 2049 578 2097 Apollon.
601 2048 732 2086 Rhod.
751 2049 804 2096 ΙΙ,
824 2046 921 2083 1015
939 2058 948 2084 ε
970 2044 1106 2097 Ἱερὸν

56 2103 96 2143 δέ
110 2107 201 2143 ἔστιν
231 2104 340 2155 ὄνομα
354 2105 465 2158 ὄρους.
496 2104 652 2152 Καθήκει
672 2104 708 2143 δὲ
734 2105 773 2143 τὸ
790 2105 866 2157 ὄρος
886 2106 932 2147 εἷς
951 2104 1010 2141 τὸν
1038 2102 1108 2142 Εὔ-

444 2238 709 2279 SCYTHICA.

566 2348 599 2380 1.

97 2424 248 2456 Provenit
263 2423 297 2456 in
306 2424 407 2456 Tanai
417 2423 516 2456 herba
528 2432 601 2465 quae
614 2432 632 2456 a
647 2423 791 2456 barbaris
802 2423 946 2464 phryxa
962 2422 1108 2461 vocatur,

57 2475 87 2508 id
104 2477 164 2515 oet,
188 2477 215 2508 si
231 2476 310 2508 velis
333 2475 412 2508 illud
440 2476 637 2508 vocabulum
659 2475 882 2517 interpretari,
909 2475 1012 2506 malos
1033 2474 1108 2506 odio

57 2537 261 2570 prosequens.
279 2529 371 2562 Rutae
387 2529 499 2561 similis
513 2530 579 2568 est,
590 2530 623 2561 et
638 2529 664 2561 si
677 2537 695 2560 a
718 2528 870 2569 privignis
892 2528 1107 2569 possideatur,

56 2588 260 2621 nequaquam
287 2581 332 2613 eis
359 2589 507 2612 novercae
533 2580 662 2612 officere
689 2582 833 2621 possunt.
867 2580 1006 2614 Maxime
1032 2587 1108 2611 vero

57 2632 206 2672 provenit
224 2632 257 2664 iu
273 2633 383 2672 antro,
410 2631 496 2673 quod
521 2632 640 2664 vocant
664 2633 794 2670 Boreae,
817 2632 1016 2672 collectaque
1032 2631 1105 2663 nive

57 2682 199 2724 frigidior
220 2684 285 2723 est3
303 2685 337 2716 at
353 2693 454 2723 quum
470 2683 598 2715 cuidam
614 2685 768 2725 parantur
784 2683 905 2715 insidiae
917 2692 935 2714 a
948 2691 1087 2714 noverca
1097 2706 1106 2721 ,

58 2733 203 2766 flammas
227 2734 312 2774 edit;
341 2735 427 2775 quod
454 2735 607 2767 indicium
632 2735 688 2776 qui
719 2735 964 2776 superinductas
990 2743 1107 2766 uxores

57 2784 190 2825 timent,
215 2785 385 2825 habentes,
409 2786 606 2819 imminentis
633 2787 758 2818 timoris
786 2786 1008 2818 necessitatem
1039 2786 1107 2818 evi-

57 2838 147 2878 tant,
167 2840 204 2870 ut
221 2840 358 2871 testatur
380 2839 525 2880 Agathou
539 2839 666 2872 Samius
686 2839 829 2872 secundo
842 2842 961 2872 Rerum
978 2838 1106 2878 Scythi-

59 2896 181 2921 carum.

396 2986 745 3037 (AEGYPTIACA.
763 2986 773 3037 )

561 3089 597 3120 2.

101 3162 221 3195 Busiris
232 3164 370 3204 Neptuni
381 3165 413 3196 et
426 3164 559 3206 Auippae
569 3165 640 3197 Nilo
651 3164 765 3204 genitae
778 3164 864 3196 filius
878 3166 1106 3205 praetereuntes

61 3212 210 3246 simulata
223 3214 435 3255 hospitalitate
448 3218 598 3257 exceptos
623 3216 795 3248 mactabat.
812 3216 873 3249 Sed
892 3217 922 3247 iu
943 3225 1016 3248 eum
1038 3225 1104 3247 ma-

63 3265 222 3297 ctatorum
240 3266 321 3298 ultio
340 3267 526 3300 vindicavit.
552 3268 705 3299 Hercules
720 3268 805 3299 enim
821 3266 950 3299 insidias
967 3268 1106 3300 sentiens

62 3316 151 3348 clava
164 3326 237 3349 eum
247 3318 416 3351 interfecit.
441 3322 490 3351 Ex
500 3319 662 3360 Agathone
675 3319 791 3351 Samio.

2137 263 2205 296 291

1177 321 1282 366 ξεινον
1303 322 1451 360 Πόντον.
1486 323 1676 374 Μέμνηται
1707 327 1812 365 αὐτοῦ
1834 329 2008 377 Κτησίας,
2031 330 2091 368 καὶ
2108 332 2216 371 Σουΐ-

1174 380 1234 423 δας
1251 381 1286 418 ἐν
1306 379 1337 432 β’
1354 380 1434 433 περὶ
1454 380 1532 425 τοὺς
1547 383 1752 433 λεγομένους
1773 386 1990 438 Μάκρωνας·
2013 390 2216 441 ἀκριὸέστε-

1175 453 1230 490 ρον
1255 437 1290 476 δὲ
1317 438 1468 490 Ἀγάθων
1501 441 1536 477 ἐν
1570 443 1619 493 τῷ
1651 445 1710 480 τοῦ
1738 443 1872 482 Πόντου
1898 445 2076 498 περίπλῳ,
2104 446 2140 491 ὃς
2156 449 2216 487 καὶ

1172 496 1315 549 ἀπέχειν
1336 496 1420 536 αὐτό
1440 513 1525 551 φησι
1545 499 1704 543 σταδίους
1720 501 1844 540 ἑκατὸν
1861 506 1922 548 τῆς
1941 505 2213 556 Τραπεζοῦντος.

1172 557 1340 603 Samium
1373 565 1570 595 auctorem
1599 561 1794 610 intelligo,
1829 563 1858 597 si
1883 570 1985 599 recte
2018 576 2056 600 se
2080 577 2220 601 nomen

1171 616 1306 662 habet3
1339 617 1396 652 sin
1427 618 1574 663 minus,
1606 619 1821 668 scripserim
1856 617 2011 671 Ἄνδρων
2038 621 2105 670 (v.
2142 626 2218 659 Au-

1172 673 1285 710 dron.
1309 674 1357 712 fr.
1383 674 1472 724 10).

1488 783 1610 821 ΠΕΡΙ
1641 784 1906 824 ΠΟΤΑΜΩΝ.

1677 879 1697 918 4
1707 903 1715 912 .

1460 953 1489 988 Ε
1507 954 1658 990 LIBRO
1687 954 1927 992 SECUNDO.

1226 1051 1415 1088 Plutarch.
1436 1053 1493 1087 De
1511 1050 1604 1089 fluv.
1628 1051 1674 1087 18
1691 1064 1700 1089 :
1722 1047 1864 1103 Ἴναχος
1885 1052 2044 1103 ποταμός
2067 1053 2140 1092 ἐστι
2161 1056 2222 1100 τ’ἧς

1172 1105 1328 1159 Ἀργείας
1343 1107 1482 1159 χώρας·
1505 1108 1662 1146 ἐκαλεῖτο
1694 1107 1730 1146 δὲ
1751 1108 1790 1147 τὸ
1810 1109 1977 1163 πρότερον
1998 1111 2218 1164 Καρμάνωρ.

1171 1163 1449 1215 Ἀλιάκμων’δὲ,
1473 1168 1522 1218 τῷ
1544 1165 1635 1217 γένει
1661 1166 1865 1220 Τιρύνθιος,
1886 1170 1922 1207 ἓν
1959 1171 2008 1222 τῷ
2032 1170 2222 1223 Κακκυγίῳ

1170 1224 1369 1274 ποιμαίνων
1385 1222 1478 1277 ὄρει,
1498 1224 1557 1262 καὶ
1579 1227 1658 1263 κατ’
1681 1226 1824 1277 ἄγνοιαν
1841 1229 1884 1279 τῇ
1907 1226 1994 1280 Ῥέᾳ
2017 1228 2222 1279 συγγινόμε-

1170 1297 1226 1320 νον
1255 1282 1313 1320 τὸν
1336 1282 1405 1322 Δία
1437 1282 1672 1334 θεασάμενος,
1702 1284 1862 1335 ἐμμανὴς
1883 1286 2036 1337 ἐγένετο,
2061 1285 2120 1324 καὶ
2140 1288 2219 1337 μεθ’

1169 1343 1279 1392 ὁρμῆς
1308 1341 1476 1393 ἐνεχθεὶς,
1509 1341 1636 1380 ἔὸαλεν
1666 1341 1789 1380 ἑαυτὸν
1808 1345 1855 1387 εἰς
1881 1345 2039 1395 ποταμὸν
2063 1345 2220 1397 Καρμά-

1168 1414 1270 1451 νορα·
1288 1398 1323 1441 ὃς
1340 1400 1403 1437 ἀπ’
1421 1401 1526 1438 αὐτοῦ
1546 1399 1746 1451 Ἃλιάκμων
1763 1403 2031 1452 μετωνομάσθη·
2050 1418 2221 1456 προσηγο-

1171 1457 1273 1509 ρεύθη
1291 1457 1322 1496 δ’
1337 1455 1477 1509 Ἴναχος
1501 1460 1546 1496 δι’
1568 1459 1682 1497 αἰτίαν
1702 1459 1882 1508 τοιαύτην.
1902 1459 2066 1513 Ἴναχος,
2090 1461 2222 1500 Ὠκεα·

1171 1520 1229 1554 νοῦ
1258 1521 1359 1564 παῖς,
1393 1516 1582 1568 φθαρείσης
1615 1520 1678 1563 τῆς
1710 1519 1878 1570 θυγατρὸς
1904 1520 2009 1557 αὐτοῦ
2041 1519 2129 1563 Ἰοῦς
2155 1520 2220 1558 ὑπὸ

1170 1574 1268 1623 Διὸς,
1285 1575 1343 1613 τὸν
1361 1574 1434 1612 θεὸν
1456 1575 1678 1628 βλασφήμοις
1701 1577 1890 1628 λοιδορίαις
1917 1576 2135 1624 ἐπέπληττε,
2153 1593 2221 1616 κα-

1168 1633 1268 1671 τόπιν
1292 1634 1490 1671 ἀκολουθῶν
1504 1649 1512 1658 ·
1533 1636 1551 1671 ὁ
1580 1635 1608 1671 δ’
1640 1633 1923 1682 ἀναξιοπαθήσας
1945 1636 2101 1688 ἔπεμψεν
2123 1638 2218 1688 αὐτῷ

1170 1691 1362 1745 Τισιφόνην
1376 1722 1386 1738 ,
1416 1691 1498 1741 μίαν
1518 1695 1586 1730 τῶν
1617 1692 1807 1744 Ἐριννύων
1820 1710 1829 1718 ·
1851 1696 1909 1748 ἀφ’
1927 1689 1967 1742 ἧς
1991 1694 2218 1747 ἐξοιστρηλα-

1168 1749 1332 1801 τούμενος
1361 1750 1486 1788 ἔὸαλεν
1515 1750 1635 1789 ἑαυτὸν
1657 1753 1704 1795 εἷς
1727 1752 1886 1803 ποταμὸν
1914 1752 2148 1802 Ἁλιάκμονα,
2183 1753 2219 1797 ὃς

1172 1810 1232 1847 ἀπ’
1254 1810 1360 1847 αὐτοῦ
1376 1807 1521 1861 Ἴναχος
1542 1811 1811 1860 μετωνομάσθη.
1836 1802 2008 1850 Γέννᾶται
2025 1813 2055 1850 δ’
2074 1813 2108 1849 ἐν
2124 1813 2218 1864 αὐτῷ

1172 1867 1301 1920 βοτάνη
1315 1897 1325 1915 ,
1362 1867 1506 1920 Κύουρα
1544 1868 1765 1919 καλουμένη,
1802 1870 1948 1923 πηγάνῳ
1986 1870 2194 1923 προσόμοιος
2209 1883 2217 1892 ·

1170 1928 1213 1974 ἣν
1236 1928 1272 1965 αἱ
1307 1932 1490 1978 γυναῖκες,
1524 1926 1607 1965 ὅταν
1642 1929 1830 1972 ἀκινδύνως
1862 1931 2034 1982 ἐκτρῶσαι
2069 1929 2221 1976 θελήσω-

1174 2001 1241 2033 σιν,
1270 1987 1304 2024 ἒν
1327 1984 1409 2037 οἴνῳ
1441 1985 1675 2037 βεὸρεγμένην
1705 1987 1775 2031 τοῖς
1800 1989 1969 2040 ὀμφαλοῖς
1994 1987 2219 2028 ἐπιτιθέασιν.

1172 2045 1335 2094 (Eadem
1349 2075 1358 2093 ,
1377 2045 1531 2081 laudato
1554 2047 1749 2095 Agathone
1762 2073 1772 2092 ‚
1797 2047 1965 2083 Stobaeus
1983 2048 2086 2083 Flor.
2123 2059 2230 2092 100,-

1176 2116 1236 2141 ιο.
1259 2102 1272 2153 )

1469 2240 1627 2279 ΡΟΝΤΙ
1657 2240 1916 2280 PERIPLUS.

1678 2329 1713 2361 3.

1209 2386 1343 2420 Hierum
1365 2389 1556 2430 (Sacrum)
1574 2390 1623 2421 est
1643 2397 1763 2421 nomeu
1785 2390 1922 2430 montis,
1942 2390 1998 2430 qui
2023 2390 2056 2421 in
2080 2390 2219 2422 Pontum

1167 2438 1330 2471 Euxinum
1355 2440 1508 2472 excurrit.
1527 2440 1675 2473 Meminit
1701 2441 1771 2481 ejus
1790 2441 1912 2473 Ctesias
1930 2443 1963 2473 et
1976 2441 2091 2474 suidas
2114 2441 2147 2473 in
2167 2450 2219 2474 se·

1167 2491 1292 2532 cundo,
1310 2492 1395 2524 circa
1419 2495 1607 2526 Macronum
1637 2494 1795 2534 regionem
1814 2501 1882 2526 esse
1900 2493 2007 2534 aiens;
2037 2494 2219 2526 accuratius

1166 2551 1244 2575 vero
1257 2545 1405 2584 Agathou
1422 2545 1453 2576 in
1464 2544 1557 2577 Ponti
1569 2545 1694 2586 Periplo
1706 2569 1716 2585 ,
1729 2546 1784 2585 qui
1796 2548 1911 2586 praeter
1923 2546 1985 2577 alia
1997 2546 2096 2578 etiam
2111 2545 2219 2578 stadiis

1167 2598 1297 2627 centum
1312 2604 1387 2628 eum
1400 2605 1420 2629 a
1433 2598 1634 2638 Trapezunte
1647 2596 1765 2629 distare
1779 2596 1868 2629 dicit.

1539 2694 1607 2733 DE
1632 2693 1850 2733 FLUVIIS.

1672 2782 1709 2814 4.

1208 2840 1346 2872 Inachus
1367 2841 1491 2881 Argivae
1519 2842 1657 2882 regionis
1688 2841 1805 2873 fluvius
1832 2843 1898 2880 est,
1931 2843 2108 2874 Carmanor
2123 2843 2218 2874 antea

1165 2892 1291 2933 dictus,
1309 2893 1425 2925 deinde
1444 2894 1650 2934 Haliacmon,
1671 2894 1731 2926 hac
1752 2894 1792 2926 de
1814 2903 1920 2926 causa.
1939 2895 2216 2934 Haliacmonssl'i-

1166 2946 1313 2986 rynthius
1332 2955 1464 2986 genere,
1482 2956 1583 2987 quum
1593 2947 1626 2979 iu
1646 2947 1804 2987 coccygio
1820 2947 1929 2979 monte
1942 2949 2096 2987 pasceret,
2114 2948 2146 2979 et
2162 2955 2218 2987 per

1165 2997 1323 3029 inscitiam
1343 3000 1456 3030 Jovem
1473 3007 1549 3030 cum
1567 2999 1655 3031 Rhea
1672 3008 1740 3031 rem
1757 2999 1928 3031 habentem
1950 2999 2097 3039 vidisset,
2116 2999 2215 3031 furio-

1164 3059 1218 3082 sus
1230 3051 1349 3091 evasit,
1367 3052 1399 3082 et
1408 3060 1482 3083 cum
1494 3051 1614 3092 impetu
1630 3052 1754 3084 delatus
1766 3060 1800 3084 se
1815 3051 1921 3092 ipsum
1940 3052 1973 3083 in
1990 3051 2123 3083 fluvium
2142 3053 2215 3083 Car·

1165 3110 1297 3133 manora
1321 3102 1553 3142 praecipitavit,
1576 3103 1632 3143 qui
1661 3103 1701 3135 ab
1723 3111 1761 3134 eo
1787 3103 1974 3135 Haliacmon
1994 3103 2130 3134 vocatus
2152 3103 2211 3133 est.

1165 3153 1302 3184 Inachus
1315 3154 1423 3184 autem
1434 3153 1539 3184 dictus
1550 3154 1683 3185 tandem
1699 3155 1747 3186 est
1756 3154 1797 3186 oh
1808 3154 1889 3185 hauc
1903 3162 2044 3185 causam.
2064 3153 2211 3191 Inachus,

1168 3205 1285 3236 oceani
1300 3205 1333 3245 ἢ,
1347 3205 1486 3237 vitiataa
1502 3208 1584 3237 Jove
1601 3206 1664 3238 lilia
1677 3215 1735 3238 sua
1749 3209 1796 3246 10,
1813 3206 1908 3238 deum
1919 3205 2042 3245 injuriis
2055 3206 2086 3236 et
2097 3206 2211 3235 contu·

1167 3256 1269 3287 meliis
1288 3256 1471 3296 increpabat
1484 3266 1502 3288 a
1521 3259 1610 3298 tergo
1634 3267 1791 3298 sequens,
1810 3266 1924 3298 quum,
1950 3266 2014 3287 non
2038 3256 2121 3296 potis
2136 3250 2223 3286 talia*

1166 3307 1231 3347 pati
1244 3308 1263 3338 J
1267 3306 1402 3346 uppiter,
1417 3307 1622 3348 Tisiphonen,
1633 3309 1801 3340 Furiarum
1812 3317 1908 3339 unam
1918 3332 1927 3347 ‚
1945 3307 1985 3338 ad
1999 3307 2100 3346 ipsum
2112 3305 2208 3342 misit,

1166 3365 1184 3388 a
1197 3366 1260 3396 qua
1272 3358 1454 3390 stimulatus
1468 3367 1502 3390 se
1517 3359 1653 3399 conjecit
1674 3360 1706 3391 iu
1726 3360 1860 3390 ssuvium
1878 3358 2081 3390 Haliacmona
2092 3380 2100 3395 ‚
2114 3364 2208 3395 quem

1167 3408 1207 3439 ab
1223 3416 1260 3439 eo
1285 3410 1393 3448 postea
1418 3418 1573 3442 vocavere
1599 3411 1763 3443 lnachum.
1784 3409 1931 3442 Nascitur
1954 3408 1985 3439 in
2010 3408 2077 3447 ipso
2099 3406 2207 3443 herba,

2026 3505 2064 3527 19.
