2372 3704
1046 202 1110 241 FR
1119 202 1357 245 AGMENTA
1366 237 1374 246 .

139 281 335 334 Ὀλυμπίου
355 281 542 328 ἀνέστησεν
568 281 730 332 ἄγαλμα·
748 284 903 323 ἐντεῧοέν
923 301 960 323 τε
979 287 1024 329 ὡς
1043 286 1100 325 ἐπὶ
1119 287 1181 334 τὴν

139 341 342 393 Σαμάρειαν
357 341 494 388 ἀνῆλθε,
505 339 565 377 καὶ
579 339 658 396 Διὸς
673 339 778 385 ξενίου
792 341 931 392 τέμενος
941 343 1180 395 ᾠκοδόμησεν.

137 399 209 439 Καὶ
233 395 394 442 Ματθίας
426 397 617 448 Ἀσμωνίου
653 405 736 443 παῖς
762 399 824 446 τὴν
867 401 1040 453 ἱερατείαν
1059 404 1181 455 παρεί-

133 457 242 510 ληφεν
262 459 297 495 ἐν
317 455 573 508 Ἰερουσαλὴμ,
600 457 660 495 καὶ
679 457 757 502 τοὺς
775 458 949 512 Ἀντιόχου
970 461 1183 511 στρατηγοὺς

133 514 355 568 διεχρήσατο.
371 514 461 554 Ἀλλ’
476 517 494 553 ὁ
513 514 575 566 μὲν
595 515 664 554 ἀπὸ
684 517 887 570 Σαμαρείας
906 517 1009 556 οἴκων
1020 521 1054 566 *,
1075 520 1179 558 αὐτόν

132 589 170 612 τε
185 574 243 612 τὸν
264 574 426 613 Ματθίαν
448 575 603 626 ἀναιρεῖ,
624 574 685 627 καὶ
703 574 781 619 τοὺς
798 577 1002 627 λεγομένους
1024 580 1181 616 Μακκαὲ

133 631 252 676 ὅαίους
272 632 428 680 κολάζει,
445 632 484 671 τό
508 648 546 670 τε
565 632 655 685 ἱερὸν
683 633 845 686 χοιρείοις
865 633 993 686 αἵμασι
1015 636 1179 687 βεὸηλοῖ,

131 693 191 728 καὶ
219 691 435 743 στρατηγοὺς
453 690 557 735 ἰδίους
588 690 707 744 ἄρχειν
736 695 795 730 τοῦ
817 692 931 737 ἔθνους
957 693 1177 741 καθίστησιν.

131 747 243 792 Αὐτός
270 765 306 787 τε
337 747 395 787 ἐπὶ
424 748 487 797 τὴν
515 749 645 801 Συρίαν
675 749 825 788 ἀνελθὼν
859 750 1090 801 μεταλλάττει
1120 751 1178 790 τὸν

131 806 225 859 βίον,
257 806 432 860 Ἀντιόχου
458 811 518 846 τοῦ
544 807 746 861 Εὐπάτορος
776 807 838 856 τὴν
871 808 982 862 ἀρχὴν
1014 809 1177 855 διαδεξα-

130 865 246 916 μένου.

181 1005 280 1043 Ibid.
298 1018 340 1055 p.
369 1018 383 1043 1
396 1019 411 1042 1
441 1020 449 1043 ε
472 1004 618 1052 Ἐπειδὴ
638 1005 674 1044 δὲ
694 1005 894 1059 Δημήτριος
912 1005 1087 1059 Ἀντιόχου
1116 1010 1177 1046 τοῦ

128 1062 343 1115 Ἐπιφανοῦς
362 1062 431 1108 υἱὸς
457 1064 554 1116 παρὰ
586 1064 777 1114 Ῥωμαίοις
804 1064 999 1116 ὁμηρεύων,
1021 1066 1081 1103 τὸν
1116 1069 1176 1104 τοῦ

125 1120 256 1173 πατρὸς
286 1120 430 1160 ἐπύθετο
459 1121 616 1170 θάνατον,
635 1124 694 1160 καὶ
715 1121 776 1169 τὴν
802 1123 983 1175 βασιλείαν
1009 1122 1094 1175 πρὸς
1114 1127 1175 1161 τοῦ

125 1179 329 1232 Εὐπάτορος
341 1180 572 1232 ἁρπαγεῖσαν,
588 1181 765 1224 ἱκετεύσας
780 1181 844 1228 τὴν
861 1181 1000 1234 βουλὴν,
1013 1181 1072 1220 καὶ
1088 1183 1175 1220 πολ-

125 1239 189 1284 λ’ῆς
217 1239 415 1290 ἐπικουρίας
443 1238 575 1291 τυχὼν,
601 1239 658 1277 ἐπὶ
678 1239 740 1287 τὴν
761 1240 893 1292 Συρίαν
925 1241 1172 1293 ἐπανέρχεται.

126 1296 199 1335 Καὶ
214 1297 432 1336 κατακτείνει
453 1297 516 1348 μὲν
532 1298 590 1336 τὸν
607 1298 797 1351 Εὐπάτορα
815 1299 885 1336 δύω
904 1298 1014 1337 ἔτεσιν
1029 1301 1169 1351 ἐπιτρυ-

125 1354 304 1407 φήσαντα,
327 1356 569 1407 ἇναλαμὸάνει
600 1357 667 1407 [δὲ]
689 1355 752 1403 τὴν
774 1357 954 1408 βασιλείαν
968 1374 976 1382 ·
996 1357 1056 1396 καὶ
1081 1358 1172 1409 σύμ-

125 1429 239 1466 μαχος
251 1418 313 1452 τοῦ
331 1414 521 1465 Ῥωμαίων
534 1414 651 1466 γένους
667 1415 816 1463 κληθεὶς,
832 1415 976 1468 βεὸαίας
988 1416 1171 1463 ἀπήλαυσε

122 1475 184 1520 τῆς
199 1472 400 1523 ἡγεμονίας.
418 1473 621 1517 Ἐνιαυτοὺς
638 1473 672 1512 δὲ
692 1474 722 1526 β’
737 1474 822 1526 πρὸς
838 1481 907 1519 τοῖς
925 1475 1007 1513 δέκα
1030 1475 1171 1526 βιώσας,

121 1531 180 1570 ὑπ’
201 1531 422 1584 Ἀλεξάνδρου
442 1532 697 1586 δολοφονεῖται,
719 1537 779 1571 τοῦ
801 1534 861 1572 καὶ
880 1534 943 1581 τὴν
963 1533 1077 1587 ἀρχὴν
1097 1535 1170 1573 δια-

121 1589 321 1640 δεξαμένου.
424 1596 429 1601 '

615 1652 677 1689 60.

172 1714 273 1755 Ibid.
298 1728 340 1765 p.
375 1727 418 1752 11
449 1711 567 1754 εὍτι
593 1714 685 1753 κατὰ
704 1714 766 1761 τὴν
796 1714 952 1768 Ἷὸηρίαν
984 1715 1169 1769 Βορίανθος

119 1772 227 1826 (deb.
249 1771 455 1824 Βυρίατθος)
474 1766 516 1820 ἦν
534 1773 620 1825 ἀνὴρ
641 1773 774 1826 ἀφανὴς
787 1773 826 1811 τὸ
842 1773 955 1825 γένος,
973 1774 1113 1821 εὐτελής
1129 1790 1167 1812 τε

117 1830 179 1878 τὴν
207 1832 443 1881 ἐπιτήδευσιν,
465 1830 560 1870 οὐδὲν
580 1830 632 1869 ὅτι
658 1831 706 1881 μὴ
727 1830 858 1882 ποιμὴν
877 1831 915 1870 τὸ
937 1832 1015 1870 κατ’
1037 1833 1167 1884 ἀρχάς·

117 1884 212 1933 οὗτος
231 1889 320 1940 μετὰ
337 1893 447 1927 ταῦτα
473 1891 661 1942 λῃστρικοῦ
681 1906 770 1934 τινος
791 1892 949 1941 ἡγήσατο
969 1890 1144 1941 τάγματος
1156 1907 1164 1915 ·

115 1951 312 1988 τελευταῖον
325 1948 498 1994 τοσαύτην
516 1949 744 2001 περιεὸάλετο
759 1948 918 2000 δύναμιν,
937 1949 996 1986 καὶ
1011 1953 1164 1987 τοσαῦτα

116 2007 325 2054 κοινωνῆσαί
341 2009 371 2045 οἱ
389 2010 449 2053 τῆς
466 2007 714 2059 ἐπιχειρήσεως
729 2007 888 2045 ἀνέπεισε
903 2008 997 2058 γένη,
1013 2010 1059 2052 ὡς
1074 2007 1164 2052 ἀξιό-

2204 230 2280 264 559

1245 306 1358 343 μαχος
1369 296 1570 342 νομισθῆναι
1583 294 1784 346 Ῥωμαίοις,
1792 300 1909 345 ἱκανός
1921 317 1958 340 τε
1968 304 2051 356 πρὸς
2062 303 2124 352 τὴν
2134 307 2284 360 ἀρχαίαν

1243 348 1304 386 καὶ
1319 349 1463 403 πάτριον
1478 351 1556 396 τοὺς
1566 350 1597 391 Ἰ
1604 353 1712 406 ὅηρας
1726 357 1958 410 ἐπαναγαγεῖν
1970 364 2161 403 πολιτείαν.
2183 368 2215 405 Π
2219 370 2284 420 ρῶ-

1243 422 1299 450 τος
1320 411 1400 458 γοῦν
1420 409 1563 454 Κόϊντος
1583 412 1743 457 Κεκίλιος
1761 414 1935 461 Μέτελλος
1951 420 2008 458 ἐπὶ
2028 422 2123 461 τόνδε
2137 424 2194 462 τὸν
2216 427 2284 464 πό-

1243 466 1348 516 λεμον
1366 468 1558 520 στρατηγὸς
1574 470 1805 521 ἐκπέμπεται,
1820 473 1884 526 [ὃς]
1904 476 2028 528 ἄριστα
2046 481 2106 519 καὶ
2121 483 2284 529 τῆςῬω·

1244 524 1358 574 μαίων
1372 525 1548 576 δυνάμεως
1562 527 1663 572 ἀξίως
1675 535 1744 573 τοῖς
1755 532 1928 572 ἀποστᾶσι
1945 538 2168 590 Κελτιὸήρων
2179 541 2285 594 προσ·

1243 583 1450 633 επολέμησε.
1469 587 1719 638 Μηκυνομένου
1740 588 1776 627 δὲ
1790 592 1873 643 παρ’
1899 593 2021 631 ἐλπίδα
2040 600 2100 634 τοῦ
2116 599 2271 639 πολέμου

1245 641 1389 686 Κόϊντος
1414 644 1599 693 Πομπήϊος
1626 639 1720 690 αῧθις
1747 649 1940 700 στρατηγὸς
1969 651 2120 706 ἐξέπλει,
2146 636 2220 705 μεθ’
2245 633 2284 697 Si:

1241 699 1387 759 Κόϊντος
1417 701 1578 740 Καιπίων
1600 703 1656 742 ἐπὶ
1676 704 1733 742 τὸν
1764 707 1868 745 αὐτὸν
1891 707 2083 764 ἐξεπέμφθη
2116 714 2281 766 πόλεμον.

1245 760 1313 797 “Ων
1325 761 1479 809 μάλιστα
1493 760 1632 799 πάντων
1644 761 1744 801 ἕνεκα
1764 764 1935 810 δείσαντες
1949 770 1980 806 οἱ
1995 767 2177 823 βάρὸαροι,
2189 774 2285 811 κτείν-

1241 831 1334 854 νουσι
1350 817 1408 856 τὸν
1427 819 1625 871 Βορίανθον,
1643 821 1798 874 τέσσαρα
1818 824 1878 863 καὶ
1905 825 1988 864 δέκα
2019 828 2204 879 Ῥωμαίοις
2224 831 2285 880 ἔτη

1241 875 1401 920 ἐναντίως
1417 877 1687 929 πολεμήσαντα·
1715 881 1824 933 ταύτῃ
1849 884 2084 936 προσάγεσθαι
2100 887 2157 926 τὸν
2174 890 2285 941 ἡγού-

1240 950 1340 984 μενον
1367 938 1428 982 τῆς
1453 936 1657 988 Ῥωμαϊκῆς
1677 947 1840 993 στρατιᾶς
1866 944 1914 986 εἷς
1933 943 2066 983 εὔνοιαν
2087 948 2199 985 αὐτῶν
2225 950 2286 988 καὶ

1239 993 1344 1045 φειδὼ
1364 995 1598 1046 λογισάμενοι.
1628 998 1700 1036 Καὶ
1732 998 1773 1045 δὴ
1801 1001 2002 1053 ἀφικόμενοι
2026 1005 2094 1040 τῶν
2114 1005 2284 1046 αὐθεντῶν

1237 1055 1296 1089 τοῦ
1319 1054 1508 1106 Βοριάνθου
1526 1056 1615 1099 τινὲς
1635 1051 1723 1095 ἆθλα
1739 1059 1807 1095 τῶν
1836 1059 1914 1112 περὶ
1935 1059 1994 1098 τὸν
2018 1060 2126 1112 ἄνδρα
2143 1079 2284 1116 πεπρα-

1236 1109 1372 1161 γμένων
1389 1111 1503 1158 ἠξίουν
1517 1113 1613 1166 παρὰ
1626 1118 1685 1152 τοῦ
1703 1115 1835 1155 ὑπάτου
1849 1117 2063 1167 κομίζεσθαι.
2080 1114 2144 1164 Οἷς
2159 1124 2177 1159 ὁ
2196 1124 2283 1161 Και-

1236 1168 1324 1207 πίων
1347 1170 1592 1222 ἀποκρίνεται,
1613 1173 1784 1223 μηδαμῶς
1803 1168 1890 1212 εἶναι
1917 1175 2108 1226 Ῥωμαίοις
2139 1178 2282 1230 ἔννομον

1236 1228 1446 1266 ἐπαινεῖσθαι
1472 1229 1534 1273 τὰς
1552 1231 1644 1268 κατὰ
1671 1234 1739 1273 τῶν
1761 1237 1963 1285 στρατηγῶν
1984 1241 2055 1280 τοῖς
2077 1237 2282 1290 ἀρχομένοις

1235 1286 1520 1339 ἐπιχειρουμένας
1537 1288 1735 1334 ἐπιδουλάς.

1723 1362 1785 1400 61.

1287 1422 1387 1457 Ibid.
1406 1435 1445 1470 p.
1467 1435 1514 1459 12
1535 1435 1544 1460 :
1563 1421 1648 1462 “Ort
1666 1425 1722 1461 ἐπὶ
1742 1424 1883 1463 ὑπάτων
1898 1425 2004 1466 Γαΐου
2019 1428 2185 1467 Κεκιλίου
2204 1431 2279 1469 Με-

1231 1478 1353 1516 τέλλου
1370 1479 1428 1516 καὶ
1442 1480 1566 1518 Γναίου
1582 1481 1782 1533 Κάρὸωνος,
1805 1484 1862 1521 ἐπὶ
1877 1487 1938 1530 τῆς
1953 1484 2018 1537 ρξζ’
2036 1485 2278 1536 Ὀλυμπιάδος

1232 1539 1249 1575 ὃ
1266 1537 1418 1582 δουλικὸς
1435 1538 1585 1589 πόλεμος
1608 1539 1742 1591 ἐγένετο
1762 1543 1796 1579 ἐν
1817 1544 1977 1595 Σικελίᾳ.
1998 1545 2044 1583 Οἱ
2061 1544 2128 1597 γὰρ
2147 1545 2278 1592 ταύτην

1231 1596 1414 1646 νεμόμενοι
1429 1596 1491 1644 τὴν
1509 1597 1639 1650 χώραν,
1652 1601 1765 1651 πολλῇ
1780 1602 1846 1637 τῶν
1867 1601 2069 1649 ἐπιτηδείων
2086 1605 2279 1657 ἐντρυφῶν-

1230 1669 1285 1697 τες
1303 1654 1466 1707 δαψιλείᾳ
1481 1684 1490 1702 ,
1506 1658 1544 1693 οὐ
1562 1657 1759 1707 σταθμητὸν
1778 1658 1971 1705 ἐκτήσαντο
1988 1659 2116 1699 δούλων
2137 1664 2278 1709 πλῆθος,

1229 1712 1315 1765 πρός
1335 1729 1371 1751 τε
1391 1713 1453 1757 τὰς
1472 1717 1541 1752 τῶν
1561 1716 1677 1766 ἀγρῶν
1705 1716 1929 1762 ἐξασκοῦντες
1949 1719 2033 1757 αὐτὸ
2058 1719 2196 1772 τριὸὰς,
2215 1721 2276 1758 καὶ

1229 1775 1272 1823 τῇ
1296 1772 1475 1824 πανοπλίᾳ
1506 1773 1754 1824 γυμνάζοντες,
1783 1777 1820 1813 οὐ
1850 1776 1952 1826 μόνον
1982 1777 2059 1822 τοὺς
2084 1779 2278 1831 περιοίκους

1228 1830 1415 1879 ἐληίζοντο,
1431 1831 1521 1870 ἀλλὰ
1538 1833 1597 1870 καὶ
1612 1834 1681 1876 τοῖς
1698 1835 1943 1885 διοδευομένοις
1960 1836 2063 1880 ξένοις
2079 1839 2278 1890 ἐπαφιέντες

1228 1889 1383 1936 τούτους,
1402 1893 1470 1928 τῶν
1486 1892 1740 1944 ἐπιφερομένων
1761 1893 1883 1938 αὐτοὺς
1900 1897 2094 1948 ἀφῃροῦντο
2111 1896 2273 1950 φορτίων.

1230 1950 1299 1987 Καὶ
1315 1954 1384 1991 τοῖς
1399 1949 1460 1998 μὲν
1475 1949 1659 2001 δραπέταις
1677 1950 1772 1988 οὐδὲν
1788 1955 1848 1997 τῆς
1867 1953 1961 1996 λείας
1974 1955 2154 2006 παρεῖχον,
2176 1955 2275 1993 αὐτοὶ

1228 2007 1263 2045 δὲ
1280 2008 1417 2045 πολλῶν
1434 2007 1655 2058 γεγενημένοι
1672 2008 1783 2062 κύριοι
1796 2011 2001 2063 χρημάτων,
2021 2013 2184 2064 ἐκράτουν
2206 2029 2274 2064 μα-

115 2133 155 2141 --
167 2114 380 2147 Ἀσιιωνίου
401 2112 512 2154 παῖς]
533 2115 711 2153 Perperam.
730 2113 888 2153 Josephus
901 2115 960 2145 Xll
971 2137 979 2152 ‚
994 2118 1026 2152 6,
1044 2116 1055 2145 1
1075 2126 1083 2145 :
1099 2113 1276 2149 Ματταθίας
1288 2136 1297 2152 ,
1313 2117 1367 2144 τοῦ
1381 2113 1544 2152 Ἰωάννου,
1560 2117 1616 2145 τοῦ
1631 2116 1790 2155 Συμεῶνος
1815 2119 1869 2147 τοῦ
1883 2117 2095 2158 Ἀσαμωναίου
2125 2137 2164 2143 -
2178 2120 2248 2152 τοὺ
2259 2131 2273 2157 ς

115 2161 142 2194 Ἀ
155 2173 208 2193 ντ.
225 2159 494 2202 στρατηγοὺς]
517 2163 580 2195 τοῖς
599 2160 640 2191 Ἀ.
667 2163 848 2202 στρατηγοῖς
870 2160 983 2192 codex.
1007 2160 1137 2200 Josepli.
1158 2161 1215 2191 Xll
1227 2184 1235 2197 ,
1250 2162 1281 2198 7,
1297 2164 1314 2190 2
1330 2168 1337 2189 t
1351 2160 1403 2191 τὸν
1421 2161 1591 2201 στρατηγὸν
1608 2164 1662 2192 τοῦ
1680 2163 1829 2202 βασιλέως
1846 2163 1988 2201 Ἀπελλῆν
2004 2165 2191 2206 διεχρήσατο
2205 2167 2272 2207 μετ’

115 2208 227 2249 ὀλίγων
252 2211 462 2250 στρατιωτῶν.
476 2223 519 2230 -
531 2206 673 2247 οἴκων]
688 2207 782 2239 ἐλθὼν
806 2207 855 2238 vel
880 2208 1004 2247 ὁρμῶν.ο
1021 2208 1172 2238 Ceterum
1186 2215 1260 2245 quae
1272 2208 1449 2245 sequuntur
1462 2207 1502 2237 ab
1519 2207 1648 2238 historia
1661 2208 1844 2240 abhorrent.
1863 2210 1902 2242 V.
1918 2211 2106 2251 Josephum.

157 2257 276 2287 Fr.‘59.
297 2255 388 2286 [nitio
402 2253 498 2292 hujUs
510 2254 571 2285 loci
584 2253 757 2285 dicendum
771 2255 840 2285 erat
856 2263 863 2284 :
887 2254 1014 2291 Ἐπειδὴ
1029 2254 1203 2293 Δημήτριος
1222 2252 1372 2284 Σελεύκου
1394 2257 1451 2283 τοῦ
1462 2253 1672 2294 Φιλοπάτορος
1689 2256 1788 2291 υἱὸς...
1805 2256 1857 2287 τὸν
1867 2259 1922 2287 τοῦ
1935 2254 2088 2298 Ἀντιόχου
2101 2261 2157 2289 τοῦ
2173 2259 2262 2290 'Em-

113 2305 226 2343 φανοῦς
239 2302 368 2333 ἐπύθετο
381 2301 522 2333 θάνατον.
538 2318 581 2323 -
591 2301 734 2338 πολλῆς
758 2300 983 2341 ἐπικουρίας
997 2312 1038 2331 τυ
1049 2311 1069 2341 χ
1081 2301 1129 2330 ὼν
1143 2299 1155 2340 ]
1175 2300 1206 2330 in
1221 2300 1311 2339 Syria
1324 2308 1383 2337 sc.‚
1398 2309 1461 2331 non
1478 2309 1556 2332 vero
1571 2309 1590 2332 a
1604 2301 1773 2342 Romanis3
1797 2311 1872 2334 nam
1894 2303 1976 2335 clam
2004 2306 2107 2336 Roma
2122 2306 2264 2346 aufugit,

112 2350 318 2387 connivente,
335 2350 371 2380 ut
385 2349 521 2387 videtur,
536 2349 661 2379 senatu.
678 2349 716 2379 V.
737 2348 848 2388 Polyb.
864 2349 967 2379 ΧΧΧΙ
979 2372 987 2386 ,
1012 2351 1059 2379 12.
1078 2352 1131 2379 20.
1152 2348 1202 2378 24.
1221 2365 1259 2374 .-
1275 2346 1445 2387 βιώσας]
1462 2346 1534 2378 deb.
1551 2348 1748 2388 βασιλεύσας.
2122 2346 2135 2353 ’

125 2437 128 2439 Α
152 2399 208 2429 Fr.
227 2400 279 2429 60.
298 2395 469 2435 Eutropius
483 2396 538 2434 lv,
559 2397 576 2426 7
601 2408 608 2426 ι
627 2394 755 2426 Eodem
774 2396 922 2434 tempore
936 2394 1097 2426 Metellus
1120 2396 1155 2425 tn
1183 2394 1365 2425 celtiberia
1381 2394 1480 2434 apud
1500 2396 1673 2435 Hispanos
1690 2404 1743 2427 res
1760 2398 1914 2435 eqreqias
1929 2398 2040 2436 qessic.
2059 2399 2224 2430 successit
2239 2401 2269 2430 et

114 2445 149 2482 Q.
179 2444 379 2484 Pompejus,
397 2450 456 2474 nec
478 2441 588 2473 multo
599 2443 677 2481 post
698 2443 734 2478 Q.
752 2449 886 2481 quoque
910 2443 1018 2480 Caepio
1034 2439 1083 2472 ad
1104 2440 1194 2471 idem
1209 2439 1337 2471 bellum
1358 2443 1483 2473 missus
1497 2444 1565 2480 est,
1592 2442 1683 2483 quod
1705 2443 1851 2484 quidam
1874 2446 2026 2476 Viriatus
2050 2447 2173 2477 contra
2203 2448 2267 2478 Ro-

109 2497 230 2521 manos
249 2493 286 2522 in
309 2489 495 2521 Lusitania
520 2487 670 2527 merebat.
695 2489 766 2524 Quo
790 2489 883 2518 metu
906 2489 1059 2519 Viriatus
1083 2495 1106 2517 a
1122 2488 1194 2517 suis
1215 2487 1420 2527 intetsectus
1437 2492 1506 2528 esc,
1521 2498 1629 2531 quum
1649 2491 1929 2531 quattuordecim
1946 2494 2051 2524 annis
2070 2495 2263 2532 Hispanias

110 2536 296 2568 adversum
322 2539 490 2568 Romanos
510 2535 679 2565 movisset.
711 2536 839 2566 Pastor
859 2536 970 2574 primo
987 2533 1068 2574 fuit
1083 2558 1092 2573 ‚
1121 2541 1202 2564 mox
1227 2533 1403 2568 latronum
1432 2536 1507 2568 dux
1525 2547 1536 2568 .-
1565 2539 1735 2577 postremo
1757 2539 1871 2570 tantos
1898 2538 1947 2570 ad
1974 2539 2101 2571 bellum
2121 2541 2267 2580 populos

110 2586 308 2623 concitavit,
333 2585 375 2616 ut
402 2584 553 2615 assertor
574 2584 695 2614 contra
719 2584 886 2614 Romanos
913 2584 1093 2622 Hispaniae
1116 2583 1319 2621 putaretur.
1346 2585 1456 2620 Quum
1482 2584 1719 2623 interfectores
1741 2585 1814 2624 ejus
1847 2588 2030 2625 praemium
2057 2595 2079 2617 a
2106 2588 2264 2626 Caepione

110 2631 246 2663 consule
277 2632 449 2671 peterent,
478 2637 680 2669 responsum
709 2630 777 2667 est,
799 2629 982 2669 nunquam
1012 2631 1176 2661 Romanis
1203 2630 1392 2671 placuisse,
1422 2633 1666 2671 imperatorem
1695 2641 1718 2664 a
1740 2634 1814 2664 suis
1846 2633 2016 2665 militibus
2037 2633 2199 2674 interfici.
2233 2637 2267 2666 ln

111 2679 222 2711 Dionis
239 2682 316 2711 Exc.
342 2678 492 2711 vatican.
517 2687 549 2718 p.
573 2680 632 2710 547
655 2677 707 2709 ed.
726 2678 796 2709 Mai.
815 2677 930 2716 (Dion.
947 2680 1026 2710 tom.
1058 2680 1105 2718 ll,
1121 2688 1152 2719 p.
1177 2684 1216 2711 66
1236 2679 1286 2711 ed.
1306 2681 1342 2710 E.
1374 2679 1475 2717 Gros)
1501 2679 1657 2718 posterior
1679 2680 1775 2719 liujus
1799 2680 1964 2720 fragmenti
1982 2689 2054 2721 pars
2070 2681 2114 2712 ita
2140 2681 2237 2712 habet
2258 2695 2265 2713 t

108 2727 180 2758 ’Ότι
198 2725 376 2762 Καιπίωνος
405 2725 415 2765 (
428 2726 528 2762 Σκηπ.
561 2724 632 2757 cod.
645 2723 656 2764 )
687 2725 866 2765 μαχομένου
882 2728 945 2761 τοῖς
971 2725 1124 2767 ''lenm-w,
1152 2728 1181 2757 οἱ
1200 2726 1348 2768 βάρὸαροι
1372 2729 1481 2757 τοῦτον
1506 2726 1662 2763 δείσαντες
1687 2727 1905 2759 ἀποκτείνουσι
1924 2728 1976 2759 τὸν
2004 2728 2107 2760 αὐτῶν
2137 2729 2268 2769 βασιλέα

109 2775 275 2816 Βορίανθον
287 2785 294 2792 ·
309 2775 353 2805 ὧν
375 2773 555 2814 ἀφικόμενοί
580 2784 657 2810 τινες
678 2774 753 2814 πρὸς
771 2773 937 2804 Καιπίωνα
953 2774 1073 2813 (Σκηπ.
1093 2774 1187 2813 cod.)
1212 2774 1290 2806 ἆθλα
1303 2773 1374 2814 παρ’
1389 2773 1484 2803 αὐτοῦ
1499 2776 1561 2803 τῶν
1580 2774 1805 2814 πεπραγμένων
1822 2774 1926 2805 λαῧεῖν
1940 2774 2054 2812 ἠξίουν.
2079 2775 2116 2806 Ὁ
2132 2775 2164 2806 δὲ
2186 2775 2266 2806 ἀπο-

109 2822 242 2863 κρίνεται
260 2821 408 2862 μηδαμῶς
425 2821 503 2852 εἶναι
520 2820 688 2860 Ῥωμαίοις
701 2814 827 2861 ἔννομον
843 2821 873 2852 ἐν
896 2821 1013 2861 ἐπαίνῳ
1031 2824 1186 2854 ποιεῖσθαι
1199 2823 1253 2858 τὰς
1272 2821 1353 2853 κατὰ
1368 2823 1430 2851 τῶν
1457 2824 1638 2861 στρατηγῶν
1654 2824 1716 2856 τοῖς
1739 2817 1919 2861 ἀρχομένοις
1936 2821 2106 2858 ἐπιὸουλάς.
2124 2822 2267 2862 Denique

108 2870 242 2901 Joannis
255 2869 354 2901 nostri
370 2870 448 2900 Exc.
465 2868 633 2908 exscripsit
643 2868 761 2900 suidas
776 2880 783 2899 :
801 2868 890 2909 Βορί
901 2879 942 2899 αν
952 2869 1023 2904 θος.
1035 2868 1109 2900 Ὅτι
1126 2869 1273 2911 βάρὸαροί
1289 2879 1366 2904 τινες
1380 2867 1532 2898 κτείνουσι
1547 2868 1788 2907 τυραννήσαντα,
1804 2868 1901 2908 ταύτῃ
1915 2869 2126 2909 προσάγεσθαι
2139 2870 2190 2900 τὸν
2204 2872 2266 2900 τῶν

108 2916 273 2958 Ῥωμαίων
295 2916 466 2957 στρατηγὸν
489 2916 653 2956 ἡγούμενοι
668 2916 710 2952 εἰς
728 2915 859 2947 εὔνοιαν.
878 2917 938 2947 Καὶ
953 2916 989 2953 δὴ
1014 2916 1192 2957 ἀφικόμενοι
1208 2921 1271 2948 τῶν
1288 2919 1344 2947 τοῦ
1361 2914 1527 2952 Βοριάνθου
1544 2914 1698 2945 αὐθεντῶν
1720 2925 1857 2950 τινες....
1875 2915 1979 2952 ἠξίουν
1995 2916 2079 2956 παρὰ
2096 2915 2265 2952 Σκιπίωνος

107 2965 298 3004 κομίζεσθαι.
314 2965 351 2995 Ὁ
365 2965 396 2996 δὲ
411 2964 586 3008 Σκιπίων...
601 2963 726 3004 ἔννομον
741 2964 771 2995 ἐν
782 2964 900 3004 ἐπαίνῳ
913 2965 1070 2995 ποιεῖσθαι
1084 2966 1151 2997 κτλ.
1168 2967 1243 2997 Pars
1254 2965 1370 2996 horum
1383 2963 1536 3002 repetitur
1551 2971 1575 2993 s.
1588 2971 1620 2993 v.
1635 2962 1794 2999 ἐπιὸουλή.
1809 2976 1851 2983 -
1863 2963 1912 2994 Bo
1922 2962 1955 3003 ρί
1964 2963 2030 2994 ανθ
2040 2974 2056 2993 ο
2066 2974 2079 2999 ς
2091 2962 2102 3003 ]
2122 2975 2136 2989 «
2149 2965 2264 3000 Quem-

108 3011 282 3043 admodum
298 3013 516 3043 Romanorum
532 3011 658 3042 literam
684 3013 708 3043 V
724 3019 897 3042 consonam
912 3010 944 3041 in
961 3011 1293 3052 nominibuspropriis
1309 3011 1350 3041 ab
1373 3009 1442 3040 aliis
1459 3008 1587 3049 quidem
1607 3009 1743 3040 librariis
1755 3008 1866 3049 graecis
1888 3018 1943 3048 per
1959 3009 2189 3049 diphthongum
2206 3020 2271 3048 ου,.

107 3058 148 3090 ab
163 3059 232 3090 aliis
250 3067 327 3090 vero
343 3067 400 3099 par
422 3059 546 3090 literam
565 3059 584 3099 β
600 3067 779 3099 expressam
795 3067 1018 3099 saepenumero
1041 3059 1186 3091 videmus
1203 3072 1210 3090 z
1233 3058 1279 3088 sic
1293 3058 1323 3088 in
1339 3055 1449 3087 codice
1461 3079 1469 3093 ,
1483 3064 1501 3086 e
1515 3064 1578 3095 quo
1597 3055 1812 3094 fragmentum
1826 3057 1970 3087 nostrum
1987 3056 2099 3087 Suidas
2113 3055 2262 3087 transcri-

107 3106 187 3147 psit,
204 3106 361 3147 Βιρίατθος
375 3106 424 3137 vel
440 3106 603 3147 Βυρίατθος
620 3106 714 3138 scribi
730 3106 884 3138 debuerat
899 3115 908 3137 ε
923 3115 960 3137 ex
975 3115 1040 3145 quo
1057 3106 1192 3149 duarum
1211 3106 1374 3136 literarum
1399 3101 1575 3133 mutatione
1596 3102 1775 3133 inauditum
1795 3110 1912 3132 nomen
1930 3101 2091 3142 Βορίανθος
2110 3103 2157 3132 est
2172 3109 2261 3132 exor-

108 3155 189 3185 tum.
207 3164 223 3180 »
238 3151 528 3192 Schweiyhaeuser.
541 3154 659 3192 Opusc.
676 3154 719 3191 ll,
734 3161 765 3192 p.
785 3155 851 3183 152.
868 3154 913 3183 De
924 3153 1012 3183 -varia
1035 3152 1178 3183 Viriathi
1195 3150 1331 3181 nominis
1342 3149 1498 3188 scriptura
1514 3156 1617 3188 graeca
1633 3148 1793 3190 latinaque
1806 3148 1879 3180 vide
1895 3157 1967 3188 quae
1981 3148 2064 3180 idem
2081 3147 2258 3186 Schweigh.

108 3200 129 3231 Ι.
148 3200 169 3231 Ι.
185 3199 351 3239 congessit.
371 3192 511 3230 Adde‘E.
529 3200 612 3230 Gros
627 3199 667 3230 ad
683 3199 774 3231 Dion.
796 3200 882 3229 Cass.
897 3200 978 3230 tom.
995 3201 1024 3230 ll
1035 3222 1043 3236 ,
1058 3208 1089 3238 p.
1111 3203 1160 3230 50.
1176 3218 1214 3223 —
1234 3199 1268 3227 ln
1282 3204 1352 3235 sqq.
1372 3195 1471 3226 codex
1490 3195 1587 3226 semel
1607 3195 1735 3231 Κόϊντος
1747 3218 1756 3233 ,
1778 3194 1827 3227 bis
1842 3195 1978 3234 Κύντος;
1995 3203 2088 3235 porro
2105 3194 2258 3231 Κικίλιος,

106 3247 140 3278 et
158 3246 305 3283 Σκηπίων
324 3254 380 3286 pro
394 3245 552 3283 Καιπίων,
572 3245 668 3276 obvia
683 3246 798 3286 passim
818 3245 985 3276 nominum
1000 3244 1195 3275 confusione.
1210 3255 1250 3262 -·-
1264 3243 1414 3274 Ceterum
1431 3250 1506 3273 cum
1526 3242 1635 3274 Dionis
1648 3242 1829 3273 narratione
1839 3242 1880 3273 cs.
1896 3244 1988 3274 Oros.
2005 3244 2045 3281 V,
2061 3244 2090 3273 4.
2110 3241 2267 3280 Reliquos

106 3294 275 3333 scriptores
287 3292 328 3324 de
341 3293 491 3332 Caepione
503 3292 594 3323 aliter
611 3293 728 3324 referre
746 3293 881 3323 constat.
898 3293 938 3323 V.
954 3294 1047 3323 Gros.
1067 3290 1087 3321 l.
1105 3291 1125 3321 Ι.
1142 3299 1173 3329 p.
1193 3291 1251 3321 372
1262 3295 1313 3328 sq.

149 3341 202 3371 Fr.
216 3343 267 3371 61.
287 3338 517 3380 Κάρὸωνος]
535 3338 667 3379 Κάρκων
681 3339 795 3371 codex.
811 3340 848 3369 C.
863 3338 1010 3370 Caecilius
1026 3337 1170 3369 Metellus
1188 3338 1220 3368 et
1233 3338 1290 3368 Cn.
1307 3334 1450 3375 Papirius
1465 3334 1571 3367 Carbo
1587 3334 1733 3366 consules
1747 3335 1875 3366 suerunt
1891 3334 1942 3366 ΟΙ.
1959 3333 2051 3375 ζ-ξ-ξὲὲ.
2071 3332 2137 3364 sive
2155 3335 2210 3363 113
2223 3341 2254 3364 a.

107 3388 163 3425 C.,
179 3395 242 3426 quo
258 3395 343 3418 anno
357 3386 476 3417 bellum
496 3386 692 3418 Cimbricum
711 3387 819 3417 ortum
833 3387 892 3418 cst.
917 3385 1038 3417 Servile
1054 3385 1163 3415 autem
1177 3383 1209 3414 in
1228 3382 1334 3414 Sicilia
1347 3382 1468 3414 bellum
1485 3391 1503 3413 a
1520 3381 1704 3413 consulibus
1719 3384 1756 3414 C.
1777 3382 1890 3413 Fulvio
1906 3379 2075 3420 Calpurnio
2096 3380 2205 3410 Pisone
2223 3381 2254 3409 et
2275 3380 2281 3387 ‘

110 3434 143 3465 P.
160 3432 287 3474 Rupilio
303 3434 426 3472 gestum
440 3434 487 3464 est
500 3432 590 3464 annis
607 3434 763 3472 134·132;
779 3433 828 3464 ΟΙ.
856 3436 1027 3472 161,3-162
1038 3455 1047 3471 ,
1064 3435 1092 3462 1.
1110 3431 1208 3471 igitur
1227 3430 1432 3462 vehementer
1445 3431 1584 3461 Joannes
1605 3429 1735 3460 erravit.
1751 3449 1790 3455 -
1803 3428 1960 3459 δούλιον
1975 3424 2140 3465 πλῆθος]
2161 3427 2205 3456 De
2221 3434 2254 3456 re
