2372 3704
592 219 869 267 DINARCHI,
901 219 1147 260 DIOGENIS
1176 220 1415 260 CYZlCENI
1444 221 1775 262 FRAGMENTA.

168 324 183 340 a
207 309 311 345 Alios
323 315 504 344 auctores
524 314 670 344 secutus
689 316 742 345 est
763 310 934 358 Hyginus
955 309 1030 346 fab.
1058 308 1154 353 206,

109 368 176 404 ubi
201 366 402 416 Clymenus
416 379 497 402 non
509 367 607 403 Telei
627 367 693 403 sed
712 368 886 404 Schoenei
902 367 1000 404 filius
1016 367 1158 403 dicitur

111 435 149 464 et
166 439 270 463 suam
286 422 496 474 ipse‘filiam
517 425 673 462 occidit.
695 443 712 458 n
731 426 903 462 Meineke
922 426 970 462 ad
987 426 1155 474 Euphor.

109 498 149 534 p.
175 489 237 532 74.
257 505 311 513 -
323 482 528 534 Δεκτοίδας]
541 482 725 534 Διευχίδας
739 485 911 532 conjecit
923 486 1027 531 Gale,
1051 485 1158 533 quod

109 545 276 593 probant
297 543 528 589 Meinekius‚
559 543 735 593 Legrand
766 551 804 580 et
827 543 1038 580 Passovius.
1057 545 1155 582 Bast.

110 602 231 652 (epist.
252 603 337 638 crit.
359 615 398 650 p.
419 599 516 652 231)
533 602 665 638 maluit
681 600 871 646 Ἀθανάδας
895 600 1157 654 (Ἀμὸρακικῶν

110 659 480 714 auctor).Conjicere
498 662 611 698 etiam
628 663 748 710 possis
761 659 945 714 Ἀρετάδας
960 660 1155 712 ‘Cnidius).

526 785 741 801 ψ

413 879 850 948 DINARCHUS.

162 1006 377 1042 Demetrius
398 1006 554 1054 Magnes
575 1002 662 1056 Περὶ
689 1002 884 1053 ὁμωνύμων
910 1017 973 1054 ap.
993 1005 1156 1052 Dionys.

109 1065 198 1100 Ilal.
218 1065 274 1100 De
287 1064 471 1102 Dinarch.
490 1077 525 1099 c.
550 1076 566 1098 1
590 1062 703 1110 (tom.
720 1065 772 1108 V,
792 1076 834 1111 p.
858 1063 932 1100 631
951 1062 1021 1112 R.)
1043 1076 1051 1098 :
1072 1065 1152 1101 Δει-

111 1120 252 1172 νάρχοις
283 1121 313 1158 δ’
334 1119 543 1172 ἐνετύχομεν
570 1119 771 1174 τέτταρσιν·
797 1114 846 1159 ὧν
873 1120 965 1158 ἔστιν
989 1122 1007 1157 ὁ
1036 1118 1099 1170 μὲν
1120 1122 1160 1159 ἐκ

110 1181 180 1217 τῶν
201 1178 437 1231 ῥητόρωνζτῶν
457 1179 642 1218 Ἀττικῶν·
663 1181 681 1217 ὃ
708 1177 842 1222 δὲτὰς
866 1178 964 1230 περὶ
983 1178 1159 1231 Κρήτην

112 1238 358 1290 συναγήοχε
389 1237 665 1289 μυθολογίας.
700 1236 746 1276 Ὁ
778 1237 814 1275 δὲ
843 1236 1077 1290 πρεσὸύτερος
1096 1237 1158 1288 μὲν

114 1298 244 1350 ἀμφοῖν
259 1296 393 1334 τούτοιν
404 1327 415 1347 ,
431 1296 557 1342 Δήλιος
571 1295 607 1334 δὲ
622 1295 660 1334 τὸ
676 1295 788 1347 γένος,
803 1297 1160 1349 πεπραγματευμένος

110 1359 213 1393 τοῦτο
234 1354 296 1405 μὲν
317 1354 397 1399 ἔπος
410 1385 421 1406 ,
443 1358 544 1393 τοῦτο
565 1354 599 1393 δὲ
620 1360 769 1407 πρᾶγμα
795 1355 966 1407 (γράμμα
991 1358 1111 1393 Bentl.
1126 1357 1136 1407 )
1149 1371 1158 1380 ·

111 1413 273 1465 τέταρτος
291 1413 326 1451 δὲ
343 1416 360 1451 ὁ
376 1413 455 1466 περὶ
473 1413 633 1466 αΟμηρον
653 1412 755 1463 λόγον
776 1411 1013 1456 συντεθεικώς.

165 1475 263 1510 Delii
281 1481 404 1522 poetae
419 1475 593 1509 meminit
617 1474 752 1510 Euseb.
776 1473 918 1511 Chron.
936 1486 978 1522 p.
1000 1486 1074 1522 292
1095 1475 1156 1513 ed.

111 1533 204 1571 Mai.
221 1559 231 1578 ‚
247 1533 296 1569 ad
311 1544 372 1570 an.
387 1532 529 1568 Abrah.
545 1544 620 1578 7¹2
639 1545 647 1567 :
669 1532 722 1569 Ut
731 1533 902 1567 nonnulli
917 1535 1037 1576 aiunt,
1059 1534 1157 1568 Bac-

111 1593 173 1628 chi
195 1600 303 1640 gesta
326 1604 455 1640 resque
475 1595 557 1638 ejus
583 1595 621 1627 in
642 1592 777 1636 India,
815 1595 974 1640 itemque
996 1594 1160 1641 Lycurgi

111 1661 151 1688 ec
177 1655 363 1688 Actaeonis
390 1659 430 1687 et
454 1650 629 1695 Penthei,
663 1659 702 1686 et
718 1652 899 1699 quomodo
926 1652 1099 1688 Bacchus
1121 1657 1159 1689 in

107 1712 245 1759 proele'o
259 1710 475 1746 adversatus
482 1713 613 1758 periit,
634 1713 688 1745 uti
699 1711 793 1746 dicit
806 1710 1018 1746 DInarchus
1025 1720 1153 1760 poeta,

110 1782 184 1806 non
211 1769 350 1807 rhetor.
386 1769 462 1814 Qui
490 1776 615 1804 autem
641 1769 815 1812 voluerit,
856 1770 940 1804 licet
968 1774 1005 1805 εἰ
1035 1770 1159 1806 adhuc

112 1836 280 1877 spectare
298 1827 441 1863 Bacchi
458 1829 664 1875 sepulcrum
689 1827 848 1875 Delphis·
867 1832 984 1874 juxta
1002 1842 1154 1866 aureum

111 1888 338 1935 Apollinem.
355 1887 574 1934 Sequuntur
589 1886 664 1922 alia
679 1898 724 1922 ex
736 1886 968 1922 Philochoro
989 1887 1053 1935 (fr.
1069 1888 1116 1924 23
1126 1888 1136 1938 )
1148 1918 1160 1936 ‚

111 1947 178 1994 qui
194 1945 429 1982 Dinarchum
441 1944 611 1980 laudasse
623 1945 789 1983 videtur.
809 1945 863 1983 Cf.
882 1946 1013 1993 Cyrill.
1027 1947 1066 1983 C.
1083 1949 1103 1982 J
1106 1949 1157 1986 ul.

110 2006 171 2053 X,
202 2004 273 2046 341
299 2017 307 2039 ε
331 2001 375 2039 Ὁ
395 2001 584 2054 Δείναρχος
606 2001 750 2047 ποιητὴς
778 2003 840 2040 οὐκ
865 2001 1000 2051 ἄσημος
1031 2003 1083 2041 ὢν
1097 2004 1159 2050 τὰς

111 2061 278 2100 Διονύσου
299 2059 439 2112 πράξεις
457 2059 697 2111 ἀφηγούμενος
709 2090 719 2110 ,
747 2060 811 2098 ὅσα
829 2076 867 2098 τε
884 2063 978 2114 αὐτῷ
995 2062 1153 2110 πεπόνη-

112 2136 195 2170 ται,
216 2119 277 2158 καὶ
297 2119 366 2169 μὴν
387 2118 448 2157 καὶ
474 2118 656 2158 Ἀκταίονα
677 2119 736 2157 καὶ
767 2123 967 2173 Λυκοῦργον
989 2120 1082 2165 ὅπως
1104 2121 1157 2170 εἴη

112 2177 354 2232 πεφονευκὼς,
380 2171 416 2215 εῧ
439 2177 536 2227 μάλα
558 2177 739 2230 διειρηκὼς
760 2181 955 2230 ἀνῃρῆσθαι
976 2180 1036 2218 καὶ
1057 2181 1159 2219 αὐτὸν

110 2239 178 2277 ὑπὸ
191 2237 355 2291 Περσέως
365 2237 425 2275 καὶ
441 2238 672 2284 κεκηδεῦσθαι
688 2238 784 2290 παρὰ
798 2238 856 2276 τὸν
869 2243 1020 2290 χρυσοῦν
1037 2239 1157 2279 Ἀπόλ-

110 2299 220 2336 λωνα.
246 2299 444 2347 Augustin.
466 2297 548 2336 Civ.
578 2300 623 2334 D.
653 2299 787 2344 XVII,
819 2312 879 2337 12.
906 2300 1097 2336 Cedrenus
1118 2303 1156 2347 Ι,

112 2372 152 2407 p.
169 2362 232 2401 al..
252 2357 414 2406 Syncell.
431 2369 472 2404 p.
504 2356 590 2392 162.
607 2358 756 2395 Tatian.
776 2358 820 2394 C.
834 2358 901 2395 Gr.
926 2359 1039 2407 VIII,
1064 2358 1135 2395 251
1147 2388 1156 2398 .

115 2416 287 2454 Lobeck.
316 2415 402 2464 Agl.
441 2428 483 2464 p.
516 2413 604 2461 573.
633 2415 689 2453 Cf.
721 2417 836 2452 etiam
871 2417 1008 2452 Malala
1037 2430 1077 2465 p.
1110 2417 1157 2460 [25

112 2475 172 2512 ed.
201 2476 346 2520 Bonn.‚
368 2473 437 2508 ubi
460 2480 665 2522 postquam
694 2482 914 2510 narraverat
945 2487 1013 2510 cur
1036 2475 1159 2511 Boeoti

112 2535 330 2581 Lycurgum
352 2539 484 2568 contra
507 2533 697 2568 Bacchum
719 2533 874 2568 Boeotiae
901 2534 1063 2582 imperio
1083 2548 1158 2583 po-

114 2593 272 2635 titurum
299 2591 442 2627 auxilio
469 2591 759 2636 advocaverint,
781 2593 907 2640 pergit
930 2606 939 2628 ;
967 2591 1038 2629 Καὶ
1061 2591 1160 2643 γνοὺς

114 2652 215 2687 τοῦτο
231 2651 249 2686 ὁ
267 2647 451 2695 Διόνυσος,
470 2646 522 2685 ὅτι
539 2646 722 2685 ὡπλίσατο
741 2649 819 2685 κατ’
839 2649 944 2687 αὐτοῦ
956 2679 965 2696 ,
982 2649 1085 2702 ἔφυγε
1101 2650 1159 2688 τὸν

113 2709 337 2758 Λυκοῦργον·
360 2705 421 2744 καὶ
449 2707 496 2749 εἷς
523 2705 676 2758 Δελφοὺς
703 2706 862 2755 ᾀπελθὼν
897 2708 968 2745 ἐκεῖ
998 2709 1161 2762 τελευτᾷ,

113 2765 186 2805 Καὶ
202 2764 299 2812 ἐτέθη
314 2763 354 2802 τὸ
364 2763 526 2817 λείψανον
537 2768 596 2802 τοῦ
613 2765 716 2802 αὐτοῦ
731 2763 897 2803 Διονύσου
913 2767 984 2803 ἐκεῖ
998 2767 1032 2804 ἐν
1047 2769 1138 2819 σορῷ
1149 2782 1156 2790 ·

112 2823 172 2862 καὶ
192 2822 236 2861 τὰ
251 2821 343 2861 ὅπλα
357 2822 392 2861 δὲ
411 2824 516 2861 αὐτοῦ
535 2822 636 2866 αὐτὸς
650 2823 722 2861 ἐκεῖ
738 2823 785 2865 εἷς
799 2822 838 2861 τὸ
854 2823 944 2875 ἱερὸν
964 2824 1136 2877 ἐκρέμασε
1147 2856 1157 2875 ,

113 2882 225 2926 καθὼς
254 2881 443 2934 Δείναρχος
464 2884 482 2920 ὃ
503 2881 702 2935 σοφώτατος
729 2882 971 2936 συνεγράψατο
999 2883 1079 2937 περὶ
1099 2888 1158 2922 τοῦ

117 2943 224 2979 αὐτοῦ
249 2940 430 2980 Διονύσου.
454 2943 515 2979 lbi
538 2941 727 2993 Δείναρχος
744 2956 817 2991 pro
842 2945 945 2993 vulg.
969 2943 1161 2996 Δήμαρχος

115 3003 280 3038 correxit
295 3001 455 3048 Bentlej.
473 3002 532 3038 Ad
552 3003 715 3037 Minium
732 3003 803 3050 Ep.
817 3015 857 3050 p.
887 3015 932 3048 72
956 3003 1026 3038 Ox.

166 3061 385 3096 Prosaicum
405 3060 452 3096 de
472 3061 568 3096 Delo
589 3061 771 3109 scriptum
783 3087 794 3105 ,
812 3062 889 3096 sive
910 3059 1088 3106 Δηλιακὸν
1104 3074 1157 3099 se.

113 3115 226 3167 λόγον,
241 3125 429 3154 memorat
443 3119 604 3166 Dionys,
617 3120 644 3156 l.
661 3120 689 3157 l.
710 3131 717 3154 ε
736 3115 930 3163 Δηλιακός·
950 3118 1161 3161 Ἀπόλλωνος

114 3175 173 3213 καὶ
193 3174 328 3218 Ῥοιοῦς
347 3178 408 3222 τῆς
432 3175 637 3228 Σταφύλου·
656 3170 753 3218 οὗτος
771 3177 810 3212 οὐ
830 3179 890 3213 τοῦ
917 3176 1058 3229 ῥήτορος
1082 3177 1160 3214 ἀλλ’

115 3231 230 3284 ἑτέρου
247 3232 335 3276 τινὸς
353 3233 578 3286 συγγραφέως
598 3234 686 3271 ἐστί.
710 3234 820 3279 Δηλοῖ
838 3235 867 3271 δ’
889 3236 928 3272 ἐκ
948 3238 1007 3272 τοῦ
1029 3233 1159 3285 τρόπιῖυ

102 3290 174 3327 ’καὶ
196 3294 254 3329 τοῦ
274 3294 516 3344 χαρακτῆρος,
535 3291 702 3344 ἀρχαϊκὸς
722 3289 769 3329 ὢν
786 3292 846 3329 καὶ
863 3292 1077 3345 περιτρέχων
1097 3291 1160 3339 τὴν

114 3348 259 3396 τοπικὴν
278 3349 394 3395 Δήλου
416 3349 475 3387 καὶ
498 3350 610 3403 Λέρου
627 3350 798 3402 ἱστορίαν.

167 3411 241 3458 Ap.
259 3410 482 3458 Dionysium
496 3411 860 3447 Halicarnassensem
878 3410 986 3461 (Exc.
1003 3411 1050 3447 de
1069 3412 1158 3447 Virt.

2184 233 2257 267 391

1222 316 1315 345 tom.
1339 310 1387 345 IV
1403 337 1412 354 ‚
1442 323 1481 357 p.
1513 310 1613 346 2362
1634 311 1706 359 R.)
1728 312 1857 359 templi
1885 314 2043 349 Junonis
2071 315 2264 363 expilandi

1222 368 1423 403 consilium
1442 369 1588 415 Pyrrho
1609 370 1833 417 suggessisse
1853 370 2033 406 dicuntur
2052 371 2083 408 οἱ
2104 370 2265 411 κάκιστοι

1220 424 1280 462 καὶ
1299 425 1528 462 ἀνοσιώτατοι
1549 427 1616 463 τῶν
1637 426 1746 478 φίλων
1760 455 1771 476 ,
1798 426 1972 480 Εὐήγορος
1991 429 2041 477 (l.
2061 429 2264 482 Εὐαγόρας)

1220 482 1407 535 Θεοδώρου
1427 484 1487 521 καὶ
1509 484 1692 537 Βάλακρος
1721 483 1918 535 Νικάνδρου
1938 485 1998 523 καὶ
2028 486 2267 540 Δείναρχος

1221 540 1344 581 Νικίου
1357 571 1368 591 ,
1390 545 1458 580 τῶν
1475 543 1584 581 ἀθέων
1602 543 1662 582 καὶ
1683 542 1870 595 ἐξαγίστων
1891 543 2075 594 δογμάτων
2096 547 2263 592 ζηλωταί.

1220 604 1410 651 Tempora
1439 603 1591 639 obstant
1617 616 1665 639 ne
1685 603 1748 639 ille
1774 603 1988 639 Dinarchus
2011 606 2146 640 veteris
2170 608 2268 642 reli—

1220 662 1342 710 gionis
1362 669 1606 711 contemptor
1623 662 1724 698 idem
1746 663 1794 698 sit
1814 674 1902 698 cum
1917 669 2049 698 nostro
2067 665 2264 711 scriptore.

1635 787 1851 802 ..ae-00*

1274 883 1443 918 Inserere
1463 882 1538 918 huc
1562 882 1675 918 liceat
1697 883 1931 919 mentionem
1950 885 2092 920 D10N1s
2114 885 2268 920 Acina-

1221 954 1326 987 MICI,
1350 942 1416 989 qui
1440 942 1487 978 de
1503 942 1667 990 AEg'ypto
1694 942 1867 990 quaedam
1892 943 2084 991 scripsisse
2104 943 2270 988 videtur,

1220 1000 1251 1035 si
1280 1000 1374 1047 quid
1406 1012 1453 1036 ex
1481 1000 1598 1035 unico
1630 1001 1718 1036 loco
1752 1001 1923 1037 Athenaei
1954 1001 2133 1049 colligere
2164 1001 2268 1038 licet.

1220 1057 1368 1094 Etenim
1387 1059 1589 1094 Athenaeus
1605 1059 1676 1107 Ep.
1701 1060 1719 1094 I
1733 1085 1743 1103 ,
1763 1072 1805 1108 p.
1831 1057 1877 1101 34
1890 1087 1899 1104 ‚
1919 1060 1948 1094 B
1972 1072 1980 1095 ε
2000 1056 2207 1101 Ἑλλάνικος
2230 1056 2267 1094 δέ

1221 1129 1346 1167 φησιν,
1375 1116 1409 1153 ἓν
1442 1118 1486 1168 τῇ
1508 1115 1678 1168 Πλινθίνῃ
1699 1115 1799 1154 πόλει
1819 1115 2001 1167 Αἰγύπτου
2021 1116 2144 1169 πρώτῃ
2174 1119 2273 1168 εὑρε-

1222 1176 1325 1220 θῆναι
1344 1172 1407 1221 τὴν
1430 1173 1601 1224 ἄμπελον.
1622 1173 1687 1213 Διὸ
1707 1173 1766 1212 καὶ
1787 1174 1901 1222 Δίων,
1932 1177 1949 1212 ὃ
1971 1173 2004 1219 ἐξ
2034 1175 2270 1225 Ἀκαδημίας,

1222 1233 1392 1285 φιλοίνους
1405 1232 1491 1286 φησὶ
1502 1233 1562 1271 καὶ
1574 1233 1763 1286 φιλοπότας
1776 1233 1855 1278 τοὺς
1869 1235 2079 1285 Αἰγυπτίους
2090 1234 2248 1286 γενέσθαι
2261 1251 2269 1259 ·

1224 1292 1406 1343 εὑρεθῆναί
1435 1308 1473 1329 τε
1505 1291 1671 1344 βοήθημα
1700 1294 1785 1345 παρ’
1807 1294 1946 1340 αὐτοῖς,
1981 1291 2072 1331 ὥστε
2103 1293 2182 1337 τοὺς
2214 1293 2271 1332 διὰ

1221 1349 1343 1388 πενίαν
1364 1352 1580 1404 ἀποροῦντας
1602 1350 1694 1389 οἴνου
1714 1351 1772 1389 τὸν
1795 1353 1834 1389 ἐκ
1852 1354 1920 1389 τῶν
1941 1354 2067 1403 κριθῶν
2087 1351 2270 1403 γενόμενον

1220 1408 1350 1446 πίνειν·
1376 1408 1438 1446 καὶ
1472 1408 1580 1453 οὕτως
1610 1409 1756 1455 ἥδεσθαι
1781 1409 1859 1453 τοὺς
1887 1414 2005 1448 τοῦτον
2028 1412 2273 1464 προσφερομέ-

1221 1481 1318 1516 νους,
1339 1470 1385 1510 ὡς
1404 1467 1463 1504 καὶ
1498 1467 1592 1520 ᾄδειν
1618 1468 1678 1506 καὶ
1705 1469 1886 1520 ὀρχεῖσθαι
1912 1469 1972 1507 καὶ
2003 1469 2119 1507 πάντα
2139 1476 2270 1517 ποιεῖν,

1221 1523 1286 1562 ὅσα
1307 1524 1384 1568 τοὺς
1400 1524 1548 1569 ἐξοίνους
1564 1526 1776 1576 γινομένους.

1274 1586 1439 1621 Dionem
1456 1586 1557 1621 hunc
1578 1586 1852 1622 Academicum
1884 1594 2080 1635 tamquam
2100 1587 2273 1638 ἀρχιπρε-

1222 1641 1371 1689 σὸευτὴν
1409 1645 1607 1692 legationis
1621 1672 1631 1690 ‚
1678 1657 1795 1694 quam
1833 1646 2078 1682 Alexandrini
2111 1648 2275 1683 Romam

1222 1703 1401 1739 adversus
1425 1704 1668 1739 Ptolemaeum
1687 1705 1850 1740 Auleten
1877 1705 2083 1750 miserunt,
2107 1718 2273 1741 comme-

1220 1769 1346 1797 morat
1358 1761 1497 1799 strabo
1515 1763 1641 1807 XVII,
1658 1775 1699 1811 p.
1719 1762 1794 1811 796
1815 1762 1891 1811 (Cf.
1911 1763 2045 1801 Cicero
2063 1765 2136 1799 Pro
2155 1765 2273 1801 Coelio

1221 1834 1256 1857 c.
1294 1833 1359 1865 103
1394 1821 1576 1856 Academ.
1605 1823 1662 1866 ΙΙ,
1697 1821 1759 1869 4).
1786 1822 1959 1858 Fortasse
1988 1823 2090 1859 idem
2113 1830 2168 1859 est
2187 1836 2275 1859 cum

1220 1879 1318 1915 AElio
1338 1879 1434 1923 Dio,
1466 1891 1580 1927 quem
1600 1879 1647 1916 de
1673 1880 1787 1915 rebus
1814 1880 2052 1917 Alexandriae
2082 1881 2274 1930 scripsisse

1220 1938 1318 1974 infra
1335 1938 1564 1976 videbimus.

1624 2058 1870 2075 ⁴00-—

1320 2163 1689 2221 DIOGENES
1736 2163 2050 2222 CYZICEN
2056 2167 2098 2223 U
2109 2164 2164 2221 S.

1275 2300 1408 2336 Suidas
1423 2313 1431 2336 :
1448 2298 1613 2351 Διογένης
1628 2297 1674 2352 [ἢ
1686 2298 1926 2350 Διογενιανὸς]
1942 2297 2147 2346 Κυζικηνὸς,
2158 2313 2271 2349 γραμ-

1222 2358 1379 2408 ματικός.
1401 2356 1563 2411 Ἔγραψε
1584 2359 1725 2410 Πάτρια
1756 2357 1906 2403 Κυζίκου
1920 2373 1929 2381 ·
1952 2357 2041 2410 Περὶ
2061 2360 2129 2395 τῶν
2151 2359 2185 2395 ἓν
2203 2364 2273 2402 τοῖς

1225 2416 1371 2468 βιὸλίοις
1390 2417 1563 2467 σημείων,
1579 2415 1670 2468 Περὶ
1691 2419 1898 2465 ποιητικῆς,
1920 2415 2007 2467 Περὶ
2025 2415 2218 2468 στοιχείων.

1274 2479 1310 2513 Is
1330 2478 1396 2526 qui
1413 2478 1464 2514 de
1473 2478 1611 2526 Cyzico
1622 2478 1792 2526 scripsit,
1810 2477 1914 2526 apud
1926 2478 2158 2526 Stephanum
2178 2490 2274 2513 con-

1221 2542 1363 2571 stanter
1381 2536 1486 2571 audit
1506 2537 1692 2585 Diogenes
1702 2549 1718 2580 ;
1743 2547 1861 2583 quare
1876 2535 1996 2571 verba
2011 2531 2033 2579 ἢ
2055 2533 2273 2582 Διογενιανὸς

1220 2595 1328 2630 uncis
1344 2595 1502 2639 inclusi,
1519 2596 1664 2643 quippe
1679 2607 1761 2642 quae
1779 2594 1902 2630 Suidae
1920 2594 2051 2630 deberi
2071 2594 2273 2629 videantur

1222 2653 1371 2689 diversa
1394 2653 1656 2689 confundenti.
1683 2654 1831 2688 Erroris
1852 2653 1960 2700 origo
1981 2652 2139 2687 fortasse
2164 2653 2204 2686 in
2226 2665 2271 2687 eo

1222 2712 1445 2760 quaerenda,
1468 2712 1575 2760 quod
1606 2710 1741 2747 Suidas
1771 2723 1889 2759 opera
1913 2711 2161 2759 grammatica
2182 2708 2270 2760 Περὶ

1221 2770 1288 2805 τῶν
1304 2769 1337 2805 ἐν
1352 2784 1383 2807 τ.
1401 2771 1435 2820 β.
1454 2768 1607 2818 σημείων
1619 2797 1628 2814 ,
1644 2767 1732 2819 Περὶ
1750 2769 1953 2814 ποιητικῆς,
1966 2766 2055 2819 Περὶ
2069 2765 2248 2818 στοιχείων
2260 2796 2270 2812 ,

1221 2827 1261 2862 in
1279 2828 1412 2863 codice
1432 2828 1561 2875 aliquo
1583 2827 1792 2875 depravato
1808 2827 1975 2874 Diogeni
1994 2826 2136 2861 tributa
2155 2838 2268 2874 repe-

1221 2887 1334 2931 riret,
1371 2899 1490 2934 quum
1517 2886 1565 2921 ab
1601 2886 1683 2921 aliis
1710 2885 1851 2920 rectius
1884 2885 2141 2921 tribuerentur
2171 2885 2270 2920 Dio-

1221 2945 1382 2992 geniano
1414 2943 1674 2992 (Heracleotae
1702 2941 1885 2992 Pontico)
1906 2942 2168 2990 grammatico,
2192 2943 2270 2977 Ha-

1223 3002 1345 3037 driani
1377 3002 1612 3050 temporibus
1634 3003 1753 3039 claro.
1783 3001 1878 3037 Vide
1904 3000 2190 3047 Bernhardyum
2217 3000 2267 3035 ad

1222 3060 1328 3095 Suid.
1350 3060 1376 3098 l.
1396 3061 1420 3095 l.
1438 3061 1579 3096 Contra
1601 3060 1773 3096 Rankius
1793 3062 1849 3096 De
1871 3059 2037 3106 Hesych.
2054 3071 2095 3107 p.
2117 3057 2164 3093 56
2189 3071 2268 3093 non

1222 3131 1266 3154 ea
1287 3125 1454 3163 tantum,
1484 3131 1567 3165 quae
1585 3118 1622 3154 h.
1651 3119 1678 3154 l.
1708 3118 1843 3155 Suidas
1862 3124 2051 3162 recenset,
2081 3116 2147 3152 sed
2168 3129 2267 3164 prae—

1222 3184 1324 3212 terea
1345 3177 1460 3212 etiam
1478 3177 1596 3212 libros
1615 3174 1705 3226 Περὶ
1723 3177 1891 3224 ποταμῶν
1903 3203 1914 3224 ,
1934 3175 2088 3223 λιμνῶν,
2113 3175 2263 3224 κρηνῶν,

1221 3232 1331 3284 ὅρων,
1353 3235 1571 3285 ἀκρωρειῶν,
1593 3242 1630 3271 et
1647 3233 1737 3286 Περὶ
1757 3235 1926 3282 ποταμῶν
1948 3232 2041 3282 (ubi
2068 3232 2265 3281 παροιμιῶν

1222 3293 1366 3329 emend.
1377 3294 1568 3339 Schottus,
1579 3295 1732 3331 Kiister.
1740 3320 1751 3338 ‚
1764 3292 2038 3343 Schneidewin.
2049 3291 2087 3325 in
2100 3291 2260 3325 Paroem.

1222 3365 1262 3400 p.
1288 3350 1422 3402 xxvu)
1447 3350 1536 3389 κατὰ
1560 3351 1729 3402 στοιχεῖον
1756 3349 1920 3399 ἐπίτομον
1936 3345 2152 3398 ἀναγραφὴν,
2180 3347 2266 3383 Συν-

1224 3408 1364 3459 αγωγὴν
1385 3408 1445 3447 καὶ
1464 3409 1594 3447 πίνακα
1615 3412 1682 3447 τῶν
1709 3410 1742 3446 ἐν
1772 3407 1867 3458 πάσῃ
1897 3408 1940 3457 τῇ
1965 3407 2009 3456 γῇ
2032 3404 2185 3449 πόλεων,
2203 3401 2260 3439 καὶ
