2372 3704
136 277 210 310 586

135 355 277 402 σὸύτην.
299 373 315 389 »
346 372 362 390 α
395 354 500 394 Ἀλλὰ
524 355 606 407 μὴν,
636 355 700 408 ἔφη
728 358 746 394 6
775 355 989 407 Ἐκλεκτος,
1013 356 1183 407 ἀνάγνωθι

135 414 175 452 τὸ
206 419 450 466 γραμματεῖον
463 429 471 438 ·
505 415 679 467 γνωρίζεις
700 414 736 453 δὲ
762 415 824 461 τὴν
847 415 1009 464 Κομόδου
1027 421 1142 467 χεῖρα.
1163 434 1179 450 »

133 472 320 523 Ἐπιγνοὺς
341 471 383 520 δὴ
399 473 441 511 τὰ
459 473 688 527 γεγραμμένα
705 476 723 512 ὃ
744 473 939 526 Περτίναξ,
966 474 1118 517 πεισθείς
1145 490 1182 512 τε

134 531 282 584 ἀνδράσι
300 531 360 570 καὶ
381 531 548 585 πρότερον
576 535 680 571 αὐτοῦ
701 532 833 584 φίλοις,
861 533 978 571 πάντα
994 533 1184 582 πυθόμενος

132 590 176 628 τὰ
198 589 430 642 πεπραγμένα
442 620 452 637 ,
470 591 669 630 ἐπιδίδωσιν
686 591 820 631 ἑαυτόν.
840 590 916 630 Καὶ
949 593 1182 642 συμπαραλα-

136 648 255 692 ὅόντες
268 649 329 687 καὶ
348 652 416 688 τῶν
437 650 567 688 λοιπῶν
583 648 656 688 ὅσοι
670 653 847 702 παρῆσαν,
863 650 919 688 ἐπὶ
934 649 974 687 τὸ
991 650 1183 701 στρατόπε-

134 709 191 746 δον
217 708 414 760 ἠπείγοντο.
439 708 687 759 Διαπέμπουσι
702 709 738 747 δέ
756 724 849 753 τινας
868 708 945 752 τοὺς
971 708 1182 755 διαὸοήσον-

133 782 215 814 τας,
242 764 293 804 ὅτι
315 767 473 817 Κόμοδος
494 767 604 818 [μὲν]
625 767 782 818 τέθνηκε,
812 766 982 820 Περτίναξ
1001 766 1035 805 δὲ
1058 767 1114 804 ἐπὶ
1145 766 1184 805 τὸ

134 824 371 876 στρατόπεδον
393 824 512 862 ἄπεισι
547 824 723 877 βασιλεύς.
753 825 1024 877 Διαδραμούσης
1055 825 1091 862 δὲ
1123 828 1185 871 τῆς

133 882 272 935 φήμης,
289 889 358 926 πᾶς
375 886 392 920 6
410 884 519 933 δ’ἧμος
534 886 751 923 ἐνθουσιῶντι
767 882 884 926 ἐοικὼς
899 883 1106 935 ἐξεδάκχευε
1123 883 1182 921 καὶ

134 942 309 994 διέτρεχε,
334 945 423 994 βοῶν
458 959 496 981 τε
524 944 688 995 ἀπρεπῆ,
719 942 779 980 καὶ
806 941 870 980 ὅσα
894 942 1060 994 πρότερον
1090 943 1182 979 ἐπεῖ·

131 1016 194 1053 χεν
211 1003 228 1038 ὁ
243 1001 358 1054 godeoc,
375 1006 498 1048 ταῦτα,
518 1001 754 1053 προελθούσης
772 1001 889 1044 ἀδείας
902 1001 962 1039 καὶ
974 1000 1181 1052 ἐλευθερίας,

137 1058 151 1109 [
165 1058 313 1112 ῥᾳδίως]
329 1059 476 1110 ἐλέγετο.
495 1059 598 1098 Ἐπεὶ
613 1058 648 1097 δὲ
657 1058 813 1110 ἐγένοντο
829 1061 862 1097 ἐν
876 1059 1175 1112 τῷστρατοπέδῳ,

132 1117 154 1155 δ’
169 1133 206 1155 τε
227 1119 354 1161 Λαῒτος
369 1118 428 1156 καὶ
440 1117 631 1162 Ἔκλεκτος
651 1119 809 1164 εἷσῆλθον
829 1118 969 1170 ἄγοντες
983 1117 1039 1156 τὸν
1062 1117 1183 1170 Περτί-

132 1191 240 1214 νακα·
256 1176 316 1214 καὶ
334 1176 580 1228 ἀναγορεύεται
599 1177 772 1228 βασιλεύς.

186 1248 218 1274 4.
250 1231 335 1273 εὈτι
351 1234 508 1279 εὐταξίας
525 1235 584 1273 καὶ
599 1235 774 1287 εὐμοιρίας
791 1234 1008 1287 κατεχούσης
1025 1234 1082 1274 τὸν
1098 1235 1183 1287 βίον,

138 1291 379 1343 βασιλεύοντος
399 1292 631 1345 Περτίνακος,
656 1293 754 1343 μόνοι
784 1295 815 1332 οἳ
837 1293 1018 1346 δορυφόροι
1046 1293 1183 1347 ἀσχάλ-

131 1351 246 1394 λοντες
263 1350 385 1403 μνήμῃ
410 1351 565 1401 μάλιστα
584 1354 645 1398 τῆς
664 1351 966 1404 προγεγενημένης
985 1353 1101 1396 αὐτοῖς
1125 1368 1186 1390 τυ-

134 1408 303 1461 ραννίδος,
338 1409 499 1461 ἁρπαγάς
516 1425 554 1447 τε
583 1409 642 1447 καὶ
675 1410 752 1462 βίας
783 1413 986 1458 ποθοῦντες,
1021 1410 1184 1448 ἐὸουλεύ·

133 1483 239 1506 σαντο
256 1468 567 1506 ἀποσκευάσασθαι
583 1468 640 1506 τὸν
659 1468 874 1520 Περτίνακα,
896 1471 1044 1516 ζητῆσαι
1059 1469 1096 1506 δέ
1109 1484 1186 1506 τινα

133 1526 189 1564 τὸν
205 1526 309 1564 πάλιν
325 1529 437 1570 αὐτοῖς
448 1526 641 1579 παρέξοντα
659 1528 851 1565 ἀκόλαστον
864 1527 1037 1571 ἐξουσίαν.
1057 1528 1187 1580 Αἷφνι-

134 1585 214 1628 δίως
235 1585 366 1636 τοίνυν,
389 1585 524 1628 οὐδενὸς
545 1587 822 1637 προσδοκῶντος,
847 1585 937 1623 ἀλλὰ
951 1586 1090 1623 πάντων
1105 1589 1187 1632 ἡσυ-

132 1643 324 1695 χαζόντων,
346 1646 575 1696 προσπηδῶσι
589 1647 659 1691 τοῖς
684 1644 869 1696 βασιλείοις
887 1643 931 1683 τὰ
951 1643 1029 1697 ξίφη
1043 1644 1186 1682 σπασάν

136 1718 243 1752 μενοι.
261 1705 306 1742 Οἱ
324 1702 359 1740 δὲ
380 1704 415 1740 ἐν
429 1706 471 1754 τῇ
491 1703 655 1755 βασιλείῳ
667 1704 839 1756 ὑπηρεσίᾳ
852 1702 1106 1755 ταραχθέντες,
1125 1704 1188 1740 οὖκ

135 1760 253 1810 ἔμενον
270 1791 280 1810 ,
304 1761 382 1799 ἀλλ’
395 1763 539 1805 ἕκαστος
565 1761 607 1808 ἣν
626 1756 700 1814 εἶχε
716 1762 868 1814 φρουρὰν
886 1760 1092 1799 καταλιπὼν
1110 1761 1188 1814 ἔφυ-

135 1834 205 1870 γεν.
226 1818 365 1871 Ὀλίγοι
378 1819 414 1857 δέ
432 1835 522 1863 τινες
548 1821 822 1871 ἀπαγγείλαντες
844 1822 893 1871 τῷ
920 1819 1111 1872 Περτίνακι
1125 1819 1187 1866 τὴν

137 1877 274 1930 ἔφοδον,
294 1877 540 1917 συνεὸούλευον
558 1884 690 1931 φυγεῖν,
709 1878 769 1917 καὶ
791 1882 834 1932 τῇ
855 1882 914 1917 τοῦ
933 1878 1044 1929 δήμου
1069 1878 1127 1916 καὶ
1145 1881 1186 1930 τῇ

134 1939 196 1982 τῆς
232 1937 428 1987 συγκλήτου
457 1937 598 1990 βοηθείᾳ
629 1937 751 1975 ἑαυτὸν
772 1938 962 1976 ἐπιδοῦναι.
990 1936 1037 1976 ‘O
1057 1936 1092 1974 δὲ
1125 1939 1188 1975 οὐκ

137 1994 385 2046 ἀνασχόμενος,
407 1995 584 2046 βασιλείας
603 1996 666 2034 οὐκ
678 1994 758 2039 ἄξια
769 1999 881 2034 ταῦτα
898 1994 1054 2045 νομίσας,
1069 1994 1188 2042 ἐξῆλθε

133 2057 194 2091 τοῦ
212 2053 407 2104 δωματίου,
428 2055 630 2106 προσδοκῶν
653 2053 780 2092 πείθειν
818 2053 941 2098 αὐτοὺς
966 2054 1026 2107 καὶ
1040 2054 1187 2092 παύσειν

136 2115 197 2159 τῆς
214 2112 340 2163 ἀλόγου
360 2114 483 2164 ὀργῆς,
501 2112 723 2164 αἷδουμένους
742 2113 781 2151 τὸ
797 2117 855 2151 τοῦ
875 2113 1045 2164 βασιλέως
1065 2116 1188 2164 σχῆμα

135 2171 196 2210 καὶ
212 2171 274 2217 τὴν
295 2175 354 2210 τοῦ
375 2171 495 2224 ἀνδρὸς
513 2172 731 2225 φιλοσοφίαν.
762 2171 847 2212 Ἔτι
866 2172 900 2210 δὲ
922 2173 1111 2216 λαλοῦντος
1128 2175 1188 2210 τοῦ

134 2229 331 2282 πρεσὸύτου
345 2230 404 2268 καὶ
414 2229 528 2268 πολλὰ
539 2234 799 2283 παραινοῦντος,
813 2229 1037 2268 ἐπιπίπτουσί
1050 2245 1086 2268 τε
1096 2232 1189 2283 αὐτῷ

135 2289 195 2327 καὶ
212 2288 414 2342 φονεύουσι,
445 2289 631 2341 δράσαντες
655 2289 760 2334 ὄντως
788 2289 885 2340 ὠμὸν
915 2289 1014 2342 ἔργον
1028 2304 1036 2312 ·
1055 2287 1115 2326 καὶ
1134 2290 1189 2326 δε-

137 2347 243 2390 διότες
277 2346 337 2394 τὴν
366 2347 486 2399 ἔφοδον
506 2346 569 2394 τὴν
588 2351 646 2385 τοῦ
666 2346 798 2397 δήμου,
829 2349 875 2390 εἷς
896 2346 936 2384 τὸ
955 2346 1188 2398 στρατόπεδον

138 2405 256 2458 δρόμῳ
279 2405 569 2457 ἀναχωρήσαντες
600 2406 659 2443 καὶ
679 2405 740 2450 τὰς
765 2406 878 2449 πύλας
899 2403 1187 2452 ἀποκλείσαντες,

139 2463 196 2501 ἐπὶ
217 2467 275 2501 τοῦ
293 2463 426 2514 τείχους
438 2465 596 2510 ἀνῆλθον,
617 2463 766 2516 φρουρὰς
782 2463 1088 2516 καταστήσαντες,
1102 2463 1189 2514 ἀμύ-

138 2522 294 2573 νούμενοι
314 2521 391 2564 τοὺς
412 2522 583 2565 ἐπιόντας.

190 2594 219 2619 5.
249 2578 397 2626 Ἐπειδὴ
425 2579 460 2618 δὲ
476 2579 688 2633 διεφοίτησεν
705 2582 751 2624 εἷς
766 2579 823 2618 τὸν
839 2581 950 2629 δῆμον
965 2583 986 2627 ἡ
1009 2581 1070 2618 τοῦ
1083 2581 1189 2631 βασι-

138 2638 224 2681 λέως
245 2638 439 2690 ἀναίρεσις,
455 2639 595 2691 ταραχή
615 2655 652 2676 τε
672 2638 731 2676 καὶ
746 2637 864 2682 πένθος
882 2638 1014 2682 πάντας
1031 2644 1186 2690 κατεῖχε,

140 2696 264 2735 διέθεόν
285 2712 322 2734 τε
338 2699 556 2734 ἐνθουσιῶσιν
574 2697 721 2740 ἐοικότες
735 2727 744 2744 ,
763 2696 850 2747 μηδὲ
872 2699 982 2748 εὑρεῖν
996 2695 1085 2746 μηδὲ
1100 2695 1186 2745 ἀμύ-

140 2759 264 2794 νασθαι
279 2755 464 2806 ’δυνάμενοι
488 2754 564 2799 τοὺς
589 2755 809 2808 δεδρακότας.
869 2758 963 2799 Μιᾶς
982 2754 1019 2792 δέ
1035 2770 1101 2792 που
1125 2755 1186 2792 καὶ

141 2813 301 2866 δευτέρας
321 2813 454 2866 ἡμέρας
484 2814 763 2866 διαδραμούσης,
783 2815 814 2852 οἱ
845 2812 907 2864 μὲν
934 2811 1085 2863 δημόται
1105 2812 1186 2850 ἕκα-

143 2888 221 2916 στος
242 2874 319 2910 καθ’
351 2873 471 2910 ἑαυτὸν
497 2871 614 2916 δεδιὼς
643 2873 881 2926 ὑπανεχώρει,
903 2873 934 2910 οἱ
964 2871 999 2910 δὲ
1021 2873 1054 2909 ἐν
1079 2870 1186 2916 ἀξιώ-
1225 2922 1227 2925 Ι

143 2947 248 2982 μασιν
269 2930 360 2975 ὅντες
391 2933 424 2975 ἐς
455 2930 498 2968 τὰ
533 2932 747 2983 πορρωτάτω
766 2935 827 2978 τῆς
858 2931 993 2974 πόλεως
1020 2929 1183 2980 κτήματα

143 2989 409 3041 ἀπεδίδρασκον,
429 2992 474 3033 ὡς
491 2989 532 3028 ἂν
551 2990 600 3040 μή
626 3006 659 3028 τι
680 2990 786 3028 δεινὸν
807 2992 846 3028 ἐκ
862 2993 922 3037 τῆς
936 2987 1102 3040 ἐσομένης
1120 2990 1186 3040 ἀρ-

143 3051 208 3101 χῆς
227 3048 394 3100 παρόντες
410 3048 564 3089 πάθοιεν.
582 3051 749 3088 Τοιοῦτον
766 3049 828 3100 μὲν
846 3048 889 3096 δὴ
906 3048 1000 3093 τέλος
1021 3050 1071 3098 τῷ
1094 3049 1187 3100 Περ-

143 3107 256 3145 τίνακι
278 3106 523 3159 βασιλεύσαντι
541 3111 652 3158 μῆνας
671 3107 719 3152 ἕξ.

930 270 1144 311 JOANNIS
1172 269 1491 312 ANTIOCHENI

1297 372 1328 397 6.
1361 360 1407 398 Οἱ
1436 358 1471 397 δὲ
1493 361 1722 412 στρατιῶται,
1749 362 1794 404 ὡς
1819 354 1906 399 εἶδον
1940 361 2072 412 μηδένα
2105 363 2287 413 τολμῶντα

1244 416 1437 461 ὑπεξελθεῖν
1458 420 1508 470 τῷ
1522 417 1614 471 φόνῳ
1627 448 1638 469 ,
1658 418 1848 463 ἀναὸάντες
1863 419 1921 458 ἐπὶ
1937 419 1977 458 τὸ
2005 423 2119 473 τεῖχος
2140 421 2286 473 ἐκήρυτ·

1243 490 1314 532 τον,
1333 493 1349 510 α
1364 475 1428 518 Τίς
1441 475 1676 528 βούλεταιτὴν
1693 477 1871 529 βασιλείαν
1882 478 2096 528 ὠνήσασθαι,
2113 498 2128 514 υ
2139 479 2203 523 Ὡς
2221 480 2289 532 [δὲ]

1245 533 1459 586 διεφοίτησεν
1478 537 1500 581 ἡ
1517 534 1637 586 φήμη,
1657 535 1844 580 Ἰουλιανός
1859 537 2005 585 τις,ἤδη
2023 538 2084 588 μὲν
2103 538 2290 584 τετελεκὼς

1244 591 1338 638 τὴν“
1321 607 1454 631 υπατον
1468 593 1629 645 ἀρχὴν,’
1615 610 1648 632 εν
1667 594 1810 647 εὐπορίᾳ
1825 594 1861 632 δὲ
1877 597 1992 646 πολλῇ
2013 591 2125 647 [ειναι
2139 598 2248 636 δοκῶν
2260 599 2290 650 ],

1244 652 1310 695 ζῶν
1333 648 1368 688 δὲ
1388 652 1600 703 κραιπάλαις
1619 651 1679 690 καὶ
1699 653 1860 705 τρυφαῖς,
1881 653 1941 692 καὶ
1964 653 2080 699 ἄλλοις
2095 661 2214 700 κακοῖς
2232 657 2286 697 ⁴*-

1722 730 1809 768 123.

1621 804 1912 845 ΙΟΥΛΙΑΝΟΣ.

1297 882 1388 916 Exc.
1409 882 1466 917 De
1480 882 1570 919 virt.
1595 895 1634 931 p.
1655 882 1758 920 822:
1780 880 1863 921 Ὅτι
1895 882 2081 928 Ἰουλιανὸς
2109 887 2127 924 6
2147 884 2291 939 ὕπατος,

1244 938 1300 974 6’
1281 937 1505 988 ωνησάμενος
1523 938 1586 986 τὴν
1616 939 1818 992 βασιλείαν,
1845 941 1922 980 ἐπεὶ
1951 945 2127 995 παρηλθεν
2160 946 2206 990 εἷς
2228 947 2293 993 τὴν

1245 995 1373 1048 ἀρχὴν,
1393 997 1514 1041 εὐθέως
1532 1004 1676 1052 τρυφαῖς
1707 999 1766 1037 καὶ
1797 1000 2008 1052 κραιπάλαις
2027 1003 2215 1056 ἐσχόλαζε,
2249 1009 2292 1058 τῇ

1246 1054 1307 1105 μὲν
1323 1072 1392 1094 των
1410 1056 1589 1106 δημοσίων
1606 1058 1790 1110 ἐπιμελείᾳ
1818 1059 1980 1112 ῥαθύμως
1998 1062 2293 1116 προσφερόμενος,

1245 1115 1292 1156 εἷς
1312 1114 1347 1151 δὲ
1366 1114 1405 1152 τὸ
1426 1114 1647 1167 ἇὸροδίαιτον
1681 1116 1851 1161 ἐπιδιδούς
1877 1117 2011 1158 ἑαυτόν.
2040 1119 2235 1172 Εὖρίσκετο
2256 1120 2292 1159 δὲ

1246 1172 1305 1211 καὶ
1327 1172 1406 1217 τους
1425 1173 1641 1226 στρατιώτας
1663 1176 1898 1228 ψευσάμενος·
1920 1175 1997 1214 οὔτε
2010 1176 2078 1229 γὰρ
2097 1173 2272 1218 οἴκοθενῗ
2249 1195 2292 1227 ην

1247 1233 1342 1285 αὐτῷ
1375 1237 1528 1271 τοσαῦτα
1559 1233 1751 1287 χρήματα,
1771 1235 1831 1273 καὶ
1860 1237 1891 1273 οἱ
1927 1235 2088 1286 δημόσιοι
2126 1239 2293 1290 θησαυροὶ

1246 1290 1453 1330 ἐκεκένωντο
1472 1291 1540 1330 ὑπὸ
1563 1294 1741 1344 Κομόδου.
1762 1294 1829 1334 Ἐκ
1853 1295 1984 1342 ταύτης
1999 1298 2059 1343 τῆς
2079 1296 2192 1341 αἰτίας
2205 1299 2239 1336 οἵ
2255 1313 2294 1335 τε

1247 1353 1459 1402 στρατιῶται
1486 1351 1717 1402 ἠγανάκτουν,
1739 1346 1836 1392 mia
1856 1354 1963 1404 δῆμος
1990 1355 2025 1392 ἐν
2056 1357 2127 1400 τοῖς
2141 1356 2294 1409 θεάτροις

1247 1410 1282 1447 ἐν
1301 1409 1559 1463 καταφρονήσει
1579 1411 1684 1450 αὐτὸν
1704 1411 1827 1452 ἐποίει.

1728 1494 1816 1533 124.

1670 1565 1869 1604 ΝΙΓΡΟΣ.

1300 1641 1392 1676 Exc.
1412 1642 1468 1677 De
1492 1642 1561 1678 ins.
1581 1654 1621 1690 p.
1650 1641 1695 1688 37
1718 1654 1727 1680 Ξ
1748 1641 1816 1681 Ἐκ
1832 1641 1961 1689 ταύτης
1988 1645 2048 1688 τῆς
2065 1642 2178 1687 αἰτίας
2196 1643 2231 1682 οῗ
2254 1659 2292 1682 τε

1249 1699 1458 1748 στρατιῶται
1470 1697 1700 1748 ἠγανάκτουν,
1714 1699 1773 1736 καὶ
1784 1702 1802 1737 6
1813 1700 1920 1750 δῆμος
1932 1701 2133 1751 αἰσθόμενος
2143 1703 2178 1740 ἐν
2188 1717 2295 1740 κατα-

1249 1755 1412 1808 φρονήσει
1423 1756 1524 1794 αὗτὸν
1539 1758 1699 1806 ἐποιεῖτο,
1710 1758 1770 1795 καὶ
1781 1757 1908 1810 Νίγρον
1918 1760 1951 1797 ἐν
1962 1762 2032 1803 τοῖς
2047 1759 2200 1813 θεάτροις
2210 1763 2291 1799 ἐπε-

1249 1815 1370 1862 κάλει,
1395 1815 1518 1867 βοηθόν
1531 1831 1568 1853 τε
1583 1815 1685 1854 αὐτὸν
1701 1816 1858 1867 γενέσθαι
1877 1816 1938 1864 τὴν
1956 1818 2126 1870 ταχίστην
2144 1822 2187 1872 τῇ
2205 1819 2294 1859 ‘Pm-

1250 1873 1362 1923 μαίων
1375 1875 1514 1927 [ἀρχῇ]
1527 1874 1690 1922 ἠξίου,ὡς
1708 1875 1897 1928 ἐφύὸριστα
1912 1877 2116 1929 πασχούσῃ.
2131 1877 2203 1917 Καὶ
2215 1882 2296 1917 τοῦ·

1249 1949 1306 1972 τον
1319 1934 1564 1986 ἀναγορεύουσι
1583 1934 1744 1986 βασιλέα.
1761 1934 1806 1973 Ὁ
1821 1935 1855 1972 δὲ
1869 1934 1928 1973 καὶ
1941 1937 2041 1980 αὐτὸς
2055 1935 2295 1982 ἐξυπτιάζεται

1249 1993 1334 2044 πρὸς
1350 1992 1413 2039 τὴν
1433 1995 1501 2031 τῶν
1522 1992 1742 2045 πραγμάτων
1778 1993 1992 2044 ἐπιμέλειαν,
2023 1994 2084 2032 καὶ
2103 1997 2296 2047 ἀνειμένως

1249 2057 1318 2094 τοῖς
1334 2052 1545 2104 Ἀντιοχεῦσι
1559 2051 1825 2104 συνευφραίνετο
1835 2082 1844 2099 ,
1860 2054 1907 2096 εἷς
1920 2052 2041 2105 ἑορτὰς
2051 2053 2112 2092 καὶ
2129 2053 2207 2100 θέας
2219 2058 2297 2094 ἐπι-

1249 2109 1360 2153 διδοὺς
1373 2110 1516 2162 [ἑαυτὸν
1524 2111 1551 2161 ],
1568 2113 1629 2157 τῆς
1643 2126 1679 2148 τε
1695 2112 1741 2154 εἷς
1758 2110 1821 2157 τὴν
1840 2110 1985 2160 Ῥώμην
1999 2111 2126 2164 ἀφόδου
2143 2112 2267 2162 ἠμέλει
2283 2143 2293 2162 ,

1249 2170 1318 2211 τοῖς
1334 2184 1371 2206 τε
1392 2169 1596 2221 Ἰλλυρικοῖς
1615 2168 1854 2222 στρατεύμασι
1873 2169 1948 2208 δέον
1976 2171 2199 2222 ἐπιφοιτῆσαι
2231 2170 2295 2218 τὴν

1250 2227 1435 2279 ταχίστην,
1458 2227 1517 2266 καὶ
1543 2227 1673 2281 φθάσαι
1694 2227 1964 2278 οἰκειωσάμενον
1996 2228 2101 2276 αὐτὰ,
2131 2231 2208 2269 οὐδὲ
2227 2233 2296 2269 τῶν

1249 2286 1498 2338 πραττομένων
1513 2301 1547 2324 τι
1572 2287 1686 2330 αὐτοῖς
1716 2287 1861 2335 ἐδήλου,
1885 2287 2031 2332 ἐλπίζων
2051 2288 2184 2332 πάντας
2208 2291 2297 2339 ὃμο-

1249 2343 1428 2395 γνώμονας
1449 2343 1587 2382 ἔσεσθαι
1603 2347 1646 2397 τῇ
1666 2344 1855 2395 Ῥωμαίων
1874 2347 1974 2398 εὐχῇ.
1992 2348 2118 2385 Ταῦτα
2131 2346 2166 2385 δὲ
2187 2349 2297 2385 αὐτοῦ

1251 2402 1462 2455 πράττοντος
1476 2433 1486 2449 ,
1500 2403 1686 2455 διηγγέλθη
1704 2405 1750 2447 εἷς
1767 2404 1952 2457 Ἰλλυριοὺς
1968 2404 2028 2443 καὶ
2040 2411 2111 2444 πᾶν
2127 2405 2166 2444 τὸ
2186 2407 2294 2444 ἐκεῖσε

1253 2461 1515 2514 στρατιωτικὸν,
1530 2461 1548 2500 ὃ
1562 2465 1638 2506 ταῖς
1656 2462 1775 2514 ὄχθαις
1785 2461 1926 2515 Ἴστρου
1945 2478 1983 2500 τε
2002 2463 2062 2502 καὶ
2077 2463 2206 2511 Ῥήνου
2221 2466 2296 2504 ἐπι-

1250 2520 1406 2570 κείμενον
1432 2520 1591 2572 ἀπείργει
1605 2520 1683 2564 τοὺς
1693 2521 1853 2559 ἐπέκεινα
1867 2520 2075 2574 βαρὸάρους,
2089 2523 2300 2576 καὶφρουρεῒ

1256 2576 1320 2624 τὴν
1341 2577 1530 2628 Ῥωμαίων
1549 2579 1677 2632 ἀρχήν.
1702 2579 1845 2631 (Ηγεῒτο
1865 2579 1902 2618 δὲ
1920 2580 2051 2619 τούτων
2068 2581 2242 2634 Σεὸῆρος,
2257 2583 2297 2620 τὸ

1251 2635 1312 2687 μὲν
1329 2636 1426 2687 γένος
1442 2637 1565 2684 Λίὸυς,
1588 2639 1634 2682 εἷς
1649 2636 1685 2676 δὲ
1704 2637 1922 2690 πραγμάτων
1943 2638 2111 2687 διοίκησιν
2122 2646 2288 2692 γενναῖος.

1730 2715 1818 2754 125.

1647 2797 1895 2836 ΣΕΒΗΡΟΣ.

1279 2874 1391 2910 Exc.
1410 2875 1466 2909 De
1488 2875 1575 2909 virt.
1597 2887 1636 2922 p.
1668 2873 1785 2910 825:
1806 2875 1918 2917 Ουτος
1945 2875 1963 2910 ὁ
1990 2873 2146 2925 Σεὸἧρος
2174 2873 2212 2911 τὸ
2233 2873 2296 2924 μὲν

1249 2928 1344 2980 γένος
1362 2946 1403 2975 ην
1430 2929 1557 2978 Λίὸυς,
1589 2932 1621 2974 ἐς
1653 2929 1689 2968 δὲ
1714 2931 1932 2983 πραγμάτων
1954 2931 2121 2978 διοίκησιν
2143 2937 2297 2982 γενναῖος

1251 2987 1327 3038 ἅμα
1346 2988 1405 3026 καὶ
1426 2989 1625 3038 θυμοειδὴς,
1642 2990 1784 3040 σκληρῳ
1813 3005 1850 3027 τε
1866 2989 1931 3041 βίῳ
1951 3005 2009 3027 και
2033 2995 2157 3042 τραχεῖ
2175 2991 2295 3028 ἐνειθι-

1251 3046 1391 3096 σμένος,
1411 3047 1532 3090 πόνους
1545 3062 1582 3084 τε
1600 3046 1732 3098 ἀνέχων
1751 3050 1882 3099 ῥᾷστα,
1899 3047 2021 3094 νοῆσαί
2046 3064 2084 3086 τε
2107 3048 2216 3100 ταχὺς
2235 3049 2295 3087 καὶ

1250 3105 1290 3143 τὸ
1306 3104 1423 3151 νοηθὲν
1443 3106 1639 3143 ἐπιτελέσαι
1659 3105 1747 3149 ὀξύς.
2295 3109 2311 3126 “

143 3235 183 3241 -
197 3218 216 3260 §
229 3221 260 3250 4.
273 3220 400 3251 Novum
414 3217 523 3258 incipit
534 3220 731 3258 excerptum.
745 3219 825 3250 Vide
838 3218 1007 3251 Herodian.
1024 3220 1053 3250 ΙΙ
1064 3242 1072 3258 ,
1086 3222 1113 3250 5.
1128 3237 1166 3244 -
1183 3217 1271 3252 τοὺς
1297 3216 1500 3258 ἐπιόντας]
1520 3219 1582 3252 τοῖς
1605 3217 1743 3248 ἐπιοῦσιν
1755 3217 1824 3248 eod.
1841 3217 1908 3258 —§
1924 3221 1954 3249 5.
1966 3219 2007 3249 V.
2020 3217 2193 3250 Herodian.
2211 3220 2251 3256 11,
2263 3223 2294 3250 6.

144 3285 185 3291 -—
197 3266 287 3302 τοὺς
305 3266 367 3297 δεδ
377 3277 392 3306 ρ
403 3265 476 3296 ακό
492 3276 509 3295 τ
519 3265 579 3306 ας]
595 3270 658 3302 τοῖς
672 3266 834 3307 δεδρακόσι
848 3267 960 3299 codex.
975 3266 1044 3308 -ς
1062 3271 1092 3298 6.
1106 3264 1191 3296 Finis
1205 3264 1299 3304 hujus
1311 3264 1459 3304 segminis
1469 3264 1602 3295 mutilus
1619 3264 1709 3303 (vide
1722 3264 1935 3295 Herodianum
1947 3273 1975 3296 c.
1989 3266 2041 3305 6).
2060 3268 2140 3303 Quae
2156 3273 2296 3305 sequun-

143 3316 198 3345 tur
214 3313 367 3345 continuo
382 3312 415 3343 in
431 3314 508 3344 Exc.
527 3312 566 3343 de
581 3313 672 3344 insid.

697 3326 704 3344 :
722 3313 779 3344 Ἐκ
791 3314 903 3351 ταύτης
918 3318 970 3351 τῆς
984 3314 1084 3350 αἰτίας
1102 3313 1160 3352 (fr.
1179 3312 1447 3352 124),jungenda
1463 3313 1537 3343 sunt
1553 3319 1626 3342 cum
1644 3312 1795 3343 extremis
1817 3312 1919 3344 verbis
1934 3311 2102 3353 fragmenti
2120 3314 2294 3354 sequentis.

186 3363 239 3394 Fr.
263 3364 331 3392 123.
357 3359 478 3392 Eadem
497 3359 609 3391 Suidas
623 3369 657 3390 v.
683 3359 847 3397 Ἰουλιανός
862 3371 894 3401 p.
919 3365 992 3393 1012
1009 3361 1060 3393 ed.
1078 3360 1193 3393 Bernh.
1216 3360 1318 3392 Petita
1334 3361 1408 3392 sunt
1424 3367 1465 3390 ex
1483 3358 1655 3390 Herodian.
1676 3360 1722 3397 ΙΙ,
1746 3362 1762 3391 7

187 3411 240 3440 Fr.
261 3409 329 3440 124.
347 3409 388 3439 V.
404 3407 575 3439 Herodian.
590 3409 639 3446 ΙΙ,
654 3411 671 3440 7
685 3416 754 3448 sqq.
767 3426 808 3430 —
820 3412 858 3448 τῇ
875 3409 1040 3449 Ῥωμαίων
1054 3407 1152 3448 εὐχῇ]
1169 3407 1285 3450 Herod.
1299 3409 1328 3438 ll
1339 3432 1347 3446 ,
1359 3410 1396 3446 93
1412 3409 1449 3446 τῇ
1467 3405 1511 3437 Ῥ.
1529 3405 1607 3446 ἀρχῇ
1622 3405 1736 3436 codex.

186 3458 240 3488 Fr.
266 3459 335 3488 125.
357 3454 478 3486 Eadem
492 3454 604 3487 suidas
618 3464 650 3485 v.
666 3455 797 3496 Σεὸῆρος
811 3464 843 3495 p.
859 3459 914 3488 701
933 3456 981 3487 ed.
1004 3458 1039 3487 B.
1064 3455 1229 3495 Descripta
1244 3463 1282 3486 ex
1300 3453 1470 3486 Herodian.
1486 3455 1512 3484 11
1528 3477 1536 3492 ,
1557 3457 1587 3485 9.
1605 3472 1644 3478 —-
1660 3453 1771 3489 πόνους
1789 3453 1931 3495 ἀνέχων]
1953 3453 2058 3491 πόνοις
2075 3454 2214 3495 ἀντέχων
2232 3456 2294 3487 He-

148 3503 271 3536 rodian.
287 3503 461 3543 -ταχὺς
522 3502 625 3543 ὀξύς]
644 3502 748 3539 ὀξὺς...

767 3504 862 3543 ταχύς
879 3503 997 3535 Herod.
1014 3505 1200 3543 Sequuntur
1214 3512 1266 3543 ap.
1287 3502 1406 3536 Herod.
1423 3511 1495 3542 qua¹
1511 3502 1658 3542 leguntur
1676 3503 1786 3543 fragm.
1803 3511 1868 3543 seq.
