2372 3704
161 239 235 272 474

161 319 360 359 Φανοδίκου
386 319 457 370 εἰμὶ
485 322 544 358 τοῦ
571 319 833 374 Ἑρμοκράτους
852 325 911 360 τοῦ
932 321 1203 375 Προκοννησίου·

160 377 259 429 κάγὼ
279 381 437 431 κρατῆρα
469 379 685 418 κᾶπίστατον
717 379 777 418 καὶ
805 380 916 431 ἡθμὸν
940 382 973 424 ἐς
1001 380 1205 433 πρυτανεῖον

160 436 273 475 ἔδωκα
295 439 417 487 μνῆμα
444 438 638 490 Σιγειεῧσι·
661 437 719 477 ἐὰν
753 438 789 477 δέ
811 454 844 476 τι
865 439 1019 491 πάσχω,
1045 441 1206 490 μελεδαί-

159 511 228 533 νειν
250 511 318 547 με,
348 489 377 533 ὦ
407 498 560 547 Σιγειῆς.
594 497 666 536 Καί
695 497 731 547 μ’
764 497 918 536 ἐπόεισεν
953 497 1117 542 Αἴσωπος
1147 501 1207 538 καὶ

162 554 314 607 ἀδελφοί.
327 558 353 594 ἰ.
365 569 398 594 e.
413 573 426 588 a
440 557 649 593 Phanodici
668 556 940 606 (simulacrum)
951 571 1034 594 sum
1045 560 1209 595 Hermo—

161 616 274 650 cratis
291 612 666 653 Proconnesii‘filius.
687 618 734 651 Et
750 628 820 664 ego
840 623 1021 652 craterem
1046 623 1084 652 et
1101 617 1207 652 basin

160 681 198 709 et
218 675 344 710 colum
370 676 410 709 in
428 682 655 723 prytaneum
685 675 773 710 dedi
802 675 992 711 memoriae
1017 687 1129 711 causa
1147 677 1208 712 Si-

161 733 369 780 geensibuS.
389 735 427 770 Si
444 734 538 781 quid
562 746 656 769 vero
672 735 812 782 patiar,
844 741 973 769 curate
995 746 1054 769 me
1069 761 1079 778 ,
1107 747 1130 770 o
1148 735 1209 770 Si-

160 804 325 840 geenses.
347 794 393 828 Et
412 792 499 828 fecit
517 805 577 828 me
597 793 758 840 AEsopus
777 800 815 827 et
833 791 978 829 fratres.
1000 808 1014 823 »

212 1049 704 1107 PHARNUCHUS
759 1049 1154 1107 NlSlBENUS.

213 1173 393 1219 Stephan.
413 1173 505 1218 Byz.
524 1184 531 1206 :
549 1168 787 1220 Ἀντιόχεια...
806 1168 905 1220 τρίτη
921 1169 1209 1220 Μεσοποταμίας,

159 1227 361 1280 Μυγδονίας
381 1227 601 1278 καλουμένη,
620 1227 696 1274 ἥτις
714 1227 812 1279 παρὰ
827 1229 896 1264 τῶν
922 1227 1119 1279 ἐπιχωρίων
1139 1231 1210 1267 Να-

160 1287 242 1334 σίὸη
260 1288 436 1324 καλεῖται·
457 1285 531 1324 ὅθεν
556 1286 815 1338 Ἀπολλοφάνης
835 1288 852 1323 6
867 1286 1012 1329 στωικὸς
1027 1286 1209 1340 φιλόσοφος

158 1346 429 1393 Νασιὸηνὸςκαὶ
444 1348 482 1385 (Ι)
497 1349 704 1398 αρνοῦχος
724 1348 742 1383 6
761 1346 997 1397 Περσικὰς
1014 1346 1209 1397 ἱστορίας

159 1421 287 1457 συγγε
298 1421 346 1458 γρ
358 1421 378 1442 α
390 1405 484 1457 φώς.
516 1408 668 1443 Nasibis
696 1419 768 1455 pro
799 1407 941 1442 Nisibis
966 1407 1061 1442 dixit
1098 1407 1207 1442 Philo

162 1466 274 1516 (tom.
292 1467 346 1502 ΙΙΙ
360 1493 370 1510 ,
395 1464 486 1511 571,
504 1465 565 1515 8).
588 1467 642 1500 Ex
658 1465 733 1501 hoc
755 1477 822 1500 sua
839 1466 1062 1513 StephanuS.

575 1580 790 1595 ⁴000——

195 1669 606 1747 (PHILAm'Us
659 1678 1160 1744 CORINTHIUs.)

213 1828 227 1843 «
252 1812 430 1847 Philalius
463 1810 547 1860 (vel
567 1810 827 1859 quodcunque
863 1810 942 1857 ejus
969 1823 1112 1847 nomen
1133 1813 1206 1855 est)

159 1869 378 1908 Corinthius
396 1870 697 1918 mythographus
727 1868 931 1904 adducitur
951 1881 971 1905 a
1002 1870 1133 1904 Tzetze
1159 1868 1209 1904 ad

158 1930 248 1976 Lyc.
262 1928 337 1974 673
361 1927 459 1977 [Τὴν
479 1926 612 1978 Κίρκην
630 1926 722 1976 λέγει
755 1924 816 1972 τὴν
842 1925 978 1977 χοίρους
994 1926 1207 1974 ποιήσασαν,

158 1984 250 2023 κατὰ
268 1986 325 2023 τὸν
350 1988 470 2036 μῦθον,
490 1985 568 2029 τοὺς
585 1985 740 2036 ἑταίρους
759 1989 819 2022 τοῦ
837 1984 1050 2028 Ὀδυσσέως.
1077 1985 1205 2032 Ἀλλη-

158 2046 304 2096 γορικῶς
315 2043 350 2081 δὲ
365 2043 425 2082 καὶ
442 2043 613 2087 Φιλᾶλιος
627 2044 638 2094 (
650 2043 846 2090 Φιλάληος.
863 2043 1076 2090 Φιλαλήθως
1090 2045 1204 2082 codd.

159 2105 256 2154 Vit.)
277 2106 294 2141 6
317 2102 494 2154 Κορίνθιος
514 2103 573 2141 καὶ
604 2106 704 2152 ἡμεῖς
732 2102 792 2140 καὶ
814 2102 923 2153 ἕτεροι
949 2101 1009 2149 τὴν
1041 2100 1207 2148 ἀλήθειαν

159 2161 410 2213 ἐπιστάμεθα],
425 2164 487 2199 cui
506 2163 659 2199 fortasse
677 2163 790 2198 etiam
814 2175 851 2199 v.
882 2175 951 2209 177
976 2175 1049 2211 pro
1073 2160 1207 2200 Φικού-

159 2222 222 2267 λης
244 2220 415 2272 [Ἐκεῖνοι
447 2222 509 2271 μὲν
528 2219 609 2273 γὰρ,
629 2234 680 2257 sc.
701 2221 956 2269 Palaephatus,
976 2223 1205 2270 Domninus‚

159 2282 371 2316 Heraclitus
382 2287 472 2326 etc.‚
488 2278 510 2325 ἢ
533 2278 720 2330 ἀσύμφορα
739 2276 955 2324 ἢπαντελῶς
974 2279 1075 2329 ὀλίγα
1095 2280 1206 2325 ἠλλη-

159 2337 386 2389 γορήκεισαν,
422 2340 468 2380 ὡς
503 2337 563 2375 καὶ
596 2336 776 2383 Φικούλης
809 2340 826 2375 6
861 2337 1069 2389 Κορίνθιος]
1105 2339 1206 2374 idem

159 2410 301 2433 nomen
319 2398 591 2434 restituendum
620 2404 686 2435 est.
713 2414 730 2429 n
750 2400 859 2434 Voss.
882 2414 897 2429 α
922 2396 1038 2433 Erant
1058 2399 1123 2445 qui
1137 2397 1207 2434 Φι-

160 2454 283 2498 λόλαος
311 2470 384 2505 pro
417 2454 588 2497 Φιλάλιος
612 2457 758 2492 restitui
787 2458 946 2502 vellent3
974 2458 1053 2504 ipse
1081 2463 1205 2492 autem

159 2516 309 2551 Vossius
328 2515 425 2551 infra
441 2514 631 2556 Φιλύλλιος
648 2517 817 2563 corrigit,
836 2515 876 2550 id
889 2516 994 2563 quod
1004 2523 1207 2564 propterea

159 2586 239 2609 non
252 2574 467 2622 ferendum,
483 2575 570 2622 quia
589 2587 662 2611 see.
681 2574 826 2610 Eudoe.
848 2587 888 2621 p.
916 2574 990 2616 428
1009 2574 1206 2621 Philyllius

161 2645 240 2667 non
254 2633 472 2670 Corinthius
500 2632 591 2678 fuit,
618 2633 684 2668 sed
704 2633 951 2668 Atheniensis.
985 2648 999 2663 υ
1021 2633 1204 2668 szsmn-

162 2704 280 2729 MANN.
301 2692 364 2729 ad.
382 2693 486 2727 Voss.
506 2704 544 2739 p.
571 2691 661 2734 484.
682 2692 912 2727 Fabularum
938 2692 999 2726 ille
1023 2692 1206 2738 interpres

162 2759 394 2786 memoratur
409 2763 469 2798 ap.
494 2751 665 2786 Malalam
682 2763 723 2798 p.
751 2763 839 2798 120,
857 2749 878 2785 5
895 2750 955 2786 ed.
973 2749 1095 2786 Bonn.
1111 2750 1175 2784 ubi
1194 2762 1202 2784 ;

163 2805 209 2844 ‘O
228 2806 264 2843 δὲ
280 2805 588 2858 προγεγραμμένος
612 2807 788 2859 σοφὸς-Φε
801 2806 966 2849 ιδαλίος
985 2806 1080 2856 (sic)
1098 2808 1115 2843 6
1134 2808 1204 2844 Ko„

164 2864 285 2915 ρίνθιος
303 2865 431 2908 ἐξέθετο
450 2865 512 2911 τὴν
533 2865 717 2912 ποιητικὴν
742 2865 872 2912 ταύτην
892 2866 956 2919 (de
973 2867 1104 2910 Circe)
1126 2864 1204 2901 σύν-

163 2921 259 2966 ταξιν
275 2922 491 2975 ἑρμηνεύσας
506 2923 627 2966 οὕτως.
646 2927 692 2961 In
704 2923 1014 2961 antecedentibus
1031 2923 1089 2975 (p.
1115 2938 1130 2960 1
1143 2938 1155 2959 1
1166 2937 1203 2969 7,

168 2981 237 3031 14)
267 2983 314 3018 de
339 2984 462 3030 Ulyxe
492 2991 529 3019 et
555 2985 788 3032 Polyphemo
819 2984 994 3020 laudatur
1024 2981 1207 3024 Φειδίας

163 3041 180 3076 6
214 3039 400 3091 Κορίνθιος.
430 3043 513 3076 Jam
543 3049 603 3086 tu,
640 3042 746 3089 quod
773 3042 886 3086 libet,
914 3043 1039 3090 eligas.
1061 3041 1207 3078 Adscri-

97 3132 100 3135 .
162 3098 254 3133 bere
274 3099 358 3133 istas
378 3098 591 3135 fabularum
619 3101 1119 3148 interpretationes-pessimi
1141 3111 1207 3148 ge—

163 3157 263 3192 neris
275 3156 378 3192 haud
401 3164 522 3192 vacat.

205 3264 335 3296 Bacides
362 3266 427 3296 tres
449 3265 594 3304 suerunt,
609 3275 747 3305 quorum
765 3266 1002 3306 antiquissimus
1026 3274 1067 3298 ex
1089 3266 1207 3297 Eleone

164 3316 295 3348 Boeotiae
319 3315 416 3356 urbe,
431 3316 510 3348 alter
539 3317 679 3356 Atticus,
701 3317 816 3349 tertius
831 3321 926 3349 Areas
948 3326 966 3350 e
988 3318 1137 3358 Caphye‚
1152 3317 1206 3357 qui

163 3367 259 3399 eiiam
273 3367 378 3408 Cydas
392 3369 425 3399 et
440 3368 543 3400 Aletes
565 3369 751 3408 vocabatur,
772 3370 807 3400 ut
823 3369 867 3401 ait
886 3369 1025 3403 Philetas
1040 3369 1204 3409 Ephesius.

593 233 914 282 PHARNUCHI,
947 234 1199 285 PHILALII,
1231 236 1576 288 PHlLEMONlS,
1607 238 1867 290 PfflLETAE,

1592 354 1985 415 PHILEMON.

1321 468 1462 504 Plinius
1482 469 1528 504 H.
1549 470 1595 505 N.
1619 471 1683 516 IV,
1703 483 1733 506 s,
1758 482 1805 515 27
1835 480 1844 506 :
1866 469 2065 506 Philemon
2084 471 2314 507 Morimaru·

1267 539 1348 562 sam
1380 525 1451 575 (sc.
1481 529 1825 575 septemtrionalem
1858 528 2071 576 Oceanum)
2103 542 2128 564 a
2156 528 2315 565 Cimbris
2367 531 2370 534 ⁴

1269 590 1409 629 vocari,
1434 586 1499 622 hoc
1516 594 1588 630 est,
1611 595 1789 622 mortuum
1808 600 1930 630 mare,
1954 600 2067 636 usque
2079 588 2133 623 ad
2145 602 2317 636 promon-

1270 649 1402 681 torium
1418 647 1563 680 Rubeas
1577 658 1586 679 .·
1613 647 1711 680 ultra
1727 647 1865 681 deind&
1876 647 2066 684 Cronium.

1322 704 1430 740 Idem
1443 705 1646 749 XXXVII,
1663 717 1690 741 s.
1713 717 1727 739 1
1740 717 1772 749 1,
1789 704 1810 752 S
1828 717 1843 739 1
1865 717 1873 739 :
1888 704 2086 740 Philemon
2105 705 2224 754 (dixit
2236 719 2318 743 suc-

1272 760 1417 812 cinum)
1427 761 1566 808 fossile
1589 776 1682 807 esse,
1708 772 1747 799 et
1764 767 1802 799 in
1820 763 1975 811 Scythia
1991 767 2071 799 erui
2098 765 2239 801 duobus
2258 768 2316 802 lo·-

1270 825 1341 865 cis,
1368 823 1568 857 candidum
1589 831 1699 870 atque
1723 826 1821 858 cerei
1836 825 1982 867 coloris,
2008 825 2110 871 quod
2125 833 2322 860 vocaretur·

1271 882 1443 916 electrum
1464 894 1472 916 ε
1497 884 1535 916 in
1554 883 1632 916 alio
1658 884 1736 917 loco
1745 880 1911 928 fulvum,
1938 883 2039 930 quod
2062 885 2320 931 appellaretur

1270 941 1570 977 subalternicum.
1590 942 1636 976 Et
1654 942 1784 988 paucis
1803 941 2006 988 interjectis
2026 954 2034 976 :
2055 942 2252 978 Philemon
2264 945 2320 978 ait

1273 999 1464 1036 flammam
1483 1001 1531 1035 ab
1547 1001 1681 1035 electro
1695 1001 1814 1037 reddi.

1324 1059 1414 1104 Quis
1425 1058 1537 1094 fuerit
1548 1060 1716 1094 Philemo
1729 1060 1791 1095 ille
1799 1071 1878 1094 non
1889 1065 2046 1105 constat3
2054 1058 2206 1095 sortasse
2215 1060 2318 1109 cogi-

1271 1117 1427 1153 tandum
1438 1117 1485 1153 de
1493 1117 1713 1154 Philemone
1720 1118 1911 1153 Ptolemaei
1920 1119 1956 1154 11
1965 1117 2160 1166 praefecto,
2171 1119 2236 1166 qui
2244 1119 2319 1167 pri·

1270 1189 1352 1211 mus
1375 1183 1527 1224 topazos
1540 1189 1704 1225 gemmas
1715 1189 1760 1213 ex
1769 1178 1921 1225 Topazo
1933 1177 2052 1213 insula
2062 1178 2103 1212 in
2112 1177 2316 1225 AEgyptum

1270 1236 1504 1283 importavit,
1514 1243 1557 1271 ut
1564 1248 1609 1272 ex
1620 1237 1641 1272 J
1643 1236 1718 1271 uba
1729 1243 1856 1272 narrat
1863 1236 2003 1271 Plinius
2009 1236 2243 1282 XXXV11,s.
2256 1235 2317 1272 3².

1692 1341 1894 1355 -αιοοοο-ψ

1411 1442 1767 1502 PHILETAS
1806 1443 2152 1501 EPHESIUS

1324 1563 1450 1600 Schol.
1472 1562 1664 1609 Aristoph.
1686 1562 1772 1597 Pac.
1805 1574 1899 1607 1071
1926 1573 1934 1597 :
1963 1559 2110 1603 Βάκιδες
2141 1558 2176 1597 δὲ
2205 1560 2316 1611 τρεῖς,

1270 1613 1317 1657 cliv
1338 1618 1578 1671 πρεσὸύτατος
1595 1618 1630 1663 ἐξ
1661 1618 1829 1661 Ἐλεῶνος
1853 1621 1916 1664 τῆς
1932 1618 2122 1668 Βοιωτίας,
2140 1621 2158 1656 6
2182 1618 2218 1656 δὲ
2235 1618 2316 1657 δεύ-

1270 1693 1366 1729 τερος
1383 1677 1554 1725 Ἀττικὸς,
1575 1677 1687 1728 τρίτος
1708 1677 1743 1715 δὲ
1764 1679 1781 1714 6
1797 1677 1923 1728 Ἀρκὰς
1936 1679 1974 1715 ἐκ
1999 1677 2132 1721 πόλεως
2149 1676 2316 1731 Καφύης,

1270 1736 1305 1779 ὃς
1324 1736 1383 1774 καὶ
1405 1736 1525 1780 Κύδας
1545 1738 1703 1774 ἐκαλεῖτο
1722 1735 1782 1774 καὶ
1798 1735 1962 1783 Ἀλήτης,
1979 1735 2024 1780 ὥς
2042 1751 2126 1788 φησι
2156 1738 2317 1784 Φιλητᾶς

1269 1797 1287 1833 6
1304 1795 1475 1849 Ἐφέσιος.
1499 1798 1702 1845 Exscripsit
1722 1797 1853 1833 Suidas
1872 1810 1909 1832 v.
1934 1795 2055 1838 Βάκις.

1322 1857 1449 1893 Schol.
1469 1857 1581 1894 Arist.
1596 1859 1690 1894 AvV.
1712 1856 1789 1904 962
1809 1869 1817 1892 :
1836 1855 1938 1906 Τρεῖς
1953 1854 2113 1900 Βάκιδες,
2133 1857 2179 1898 ὡς
2198 1857 2315 1902 Φιλη-

1268 1919 1329 1956 τᾶς
1346 1916 1363 1951 6
1384 1913 1545 1965 Ἐφέσιός
1570 1929 1672 1966 φησιν
1696 1913 1816 1956 οὕτως·
1840 1931 1855 1946 α
1877 1909 2050 1951 Σίὸυλλαι
2071 1913 2106 1951 δὲ
2131 1914 2220 1965 τρεῖς
2244 1914 2316 1965 ἐγέ-

1269 1987 1378 2018 νοντο,
1395 1966 1444 2010 ὧν
1460 1975 1482 2018 ἡ
1501 1971 1563 2021 μέν
1585 1974 1690 2018 ἐστιν,
1709 1974 1756 2014 ὡς
1773 1970 1830 2009 διὰ
1842 1974 1903 2018 τ’ἥς
1914 1971 2086 2018 ποιήσεώς
2099 1987 2204 2022 φησιν
2222 1974 2233 2021 (
2247 1988 2312 2024 φα-

1269 2031 1385 2081 σινΡ),
1404 2029 1617 2074 Ἀπόλλωνος
1645 2029 1776 2081 ἀδελφή
1790 2045 1798 2054 ·
1820 2029 1963 2081 δευτέρα
1995 2029 2031 2068 δὲ
2062 2033 2084 2075 ἡ
2105 2030 2315 2084 Ἐρυθραία-

1267 2087 1367 2140 τρίτη
1389 2087 1424 2126 δὲ
1453 2092 1474 2134 ἡ
1498 2089 1694 2141 Σαρδιανή.
1730 2089 1801 2128 Καὶ
1831 2089 1977 2131 Βάκιδες
1996 2088 2031 2125 δὲ
2051 2087 2178 2138 ὁμοίως
2204 2091 2314 2140 τρεῖς,

1268 2150 1286 2185 6
1300 2146 1363 2197 μὲν
1382 2147 1417 2192 ἐξ
1432 2147 1599 2191 Ἐλεῶνος
1621 2152 1682 2192 τῆς
1709 2147 1892 2197 Βοιωτίας,
1915 2150 1933 2186 6
1949 2146 1985 2185 δὲ
2005 2147 2201 2196 Ἀθηναῖος,
2233 2149 2251 2185 6
2279 2146 2315 2186 δὲ

1267 2205 1403 2257 Ἀρκάς.
1420 2224 1434 2240 υ
1451 2206 1665 2257 Θεόπομπος
1677 2206 1711 2244 δὲ
1726 2208 1735 2257 (
1752 2208 1795 2244 fr.
1809 2208 1854 2244 81
1868 2207 1878 2256 )
1897 2208 1976 2246 κτλ.
1995 2209 2052 2244 De
2063 2208 2207 2244 Phileta
2221 2209 2314 2253 Coo,

1268 2267 1411 2315 Samio,
1426 2267 1593 2312 medico,
1612 2268 1798 2315 Sybarita,
1816 2281 1855 2304 v.
1879 2267 1994 2302 Bach.
2021 2267 2060 2301 in
2074 2265 2224 2303 Philetae
2245 2267 2315 2304 Coi

1268 2326 1406 2373 reliqq.
1435 2325 1563 2375 (Halis
1587 2323 1725 2375 1829).

1267 2526 1637 2585 PHILlPPUS
1681 2523 2308 2582 THEANGELENSIS.

1321 2654 1516 2702 Philippus
1536 2655 1552 2690 ὁ
1571 2650 1789 2702 Θεαγγελεύς
1807 2650 1817 2703 (
1833 2652 1877 2689 fr.
1906 2665 1939 2689 1.
1963 2649 2005 2700 4)
2025 2650 2211 2686 oriundus
2231 2657 2312 2688 erat

1270 2713 1496 2762 Theangelis
1521 2711 1583 2762 (*)‚
1621 2725 1704 2760 quae
1722 2712 1836 2748 Cariae
1849 2711 1939 2746 urbs
1963 2719 2031 2747 est.
2049 2710 2176 2757 steph.
2195 2709 2281 2758 Byz.
2299 2722 2310 2746 ε
2344 2739 2348 2743 .

1309 2793 1348 2832 (*)
1369 2795 1547 2824 Creuzerus
1580 2792 1689 2831 (Hist.
1715 2793 1842 2831 Kunst,
1863 2801 1895 2832 p.
1918 2791 1996 2831 383)
2016 2797 2082 2821 non
2100 2789 2233 2829 patriae,
2256 2790 2311 2822 sed

1267 2840 1410 2870 muneris
1425 2839 1686 2878 significationem
1708 2839 1811 2869 inesse
1826 2838 1898 2869 voci
1925 2837 2116 2876 Θεαγγελεύς
2145 2836 2311 2876 censebat,

1266 2886 1346 2917 adeo
1383 2887 1420 2916 ut
1455 2885 1619 2925 Philippus
1652 2885 1761 2916 suisset
1789 2884 2031 2925 promulyalor
2060 2883 2311 2915 solennitatum

1268 2933 1278 2971 (
1287 2932 1422 2972 Hesyeh.
1439 2941 1446 2962 :
1461 2933 1643 2972 Θεαγγελεῖς
1653 2954 1661 2969 ,
1677 2933 1706 2962 οἱ
1720 2932 1775 2967 τὰς
1790 2930 1971 2971 πανηγύρεις
1985 2929 2252 2969 ἐπαγγέλλοντες).
2271 2947 2312 2953 -—

1267 2978 1375 3010 codex
1387 2978 1476 3010 Bodl.
1501 2978 1531 3009 in
1551 2981 1693 3010 Cramer.
1709 2977 1828 3009 Anecd.
1850 2979 1906 3016 lV,
1922 2985 1952 3016 p.
1979 2979 2035 3008 195
2053 2975 2184 3007 exhibet
2203 2975 2272 3007 haec
2302 2989 2310 3008 2

1267 3027 1362 3057 ”Οσοι
1377 3024 1585 3066 [συγ]γραφεῖς
1611 3025 1704 3062 ἤγουν
1723 3023 1886 3064 ἱστορικοί·
1914 3023 2116 3060 Θουκυδίδης.
2139 3021 2311 3063 Ἡρὸδοτος.

1269 3074 1433 3113 Ξενοφῶν.
1450 3071 1616 3112 ἀγγελεύας
1630 3070 1816 3112 ἀρχάγγελος
1842 3071 1852 3109 <
1874 3082 1889 3097 «
1906 3070 1965 3110 leg.
1999 3069 2094 3101 credo
2114 3069 2271 3105 Φίλιππος
2290 3069 2308 3100 ὁ

1270 3120 1475 3159 Θεαγγελεύς.
1499 3131 1514 3146 υ
1535 3118 1719 3157 Cramer.).
1741 3117 1939 3158 Δομετιανὸς,
1967 3116 2127 3157 Θεότιμος.
2148 3116 2309 3156 Στέφανος.

1270 3166 1387 3203 Μηνάς.
1409 3168 1493 3198 Num
1508 3165 1593 3196 recte
1607 3166 1779 3195 Cramerus
1794 3163 1984 3203 conjecerit,
2005 3162 2098 3194 valde
2122 3161 2247 3194 dubito.
2275 3162 2311 3193 ln

1266 3265 1331 3296 tres
1353 3263 1492 3303 ruerunt,
1511 3272 1646 3303 quarum
1661 3271 1743 3301 una,
1762 3271 1859 3302 quam
1883 3261 2003 3302 poetice
2025 3261 2136 3293 dicunt
2158 3259 2310 3300 Apollinis

1268 3316 1364 3348 filiam
1373 3340 1382 3356 ,
1394 3315 1493 3347 altera
1504 3318 1565 3356 Ery
1571 3315 1667 3346 thraea
1677 3338 1685 3352 ‚
1700 3316 1792 3347 tertia
1807 3314 1967 3346 sardiana.
1982 3314 2100 3346 Eodem
2110 3313 2203 3344 modo
2212 3312 2308 3344 etiam

1267 3367 1397 3400 Bacides
1425 3368 1490 3399 tres
1516 3367 1662 3405 suerunt,
1688 3368 1815 3398 Boeoius
1843 3374 1881 3397 ex
1904 3366 2037 3405 meone,
2058 3364 2257 3397 Atheniensis
2275 3365 2308 3394 et

205 3421 282 3451 Tres
294 3420 369 3451 sunt
381 3419 519 3458 Bacides,
530 3421 565 3453 ut
576 3420 714 3452 Philetas
724 3420 874 3460 Ephesius
882 3421 1016 3453 aithisce
1033 3434 1038 3451 z
1054 3420 1206 3460 «Sibyllae
1268 3422 1374 3452 Arcas.
1395 3431 1409 3446 »ι
