2372 3704
136 269 211 301 5⁴6

135 351 285 402 μάλιστα
310 350 342 388 δὲ
377 350 411 387 ἐν
437 348 599 388 Ἑλλάδι.
657 348 751 396 ’Ὴδη
781 347 847 400 γὰρ
877 341 965 395 ἦσαν
989 342 1080 385 οὗτοι
1110 345 1172 393 τὴν

133 407 294 455 τοιαύτην
311 406 556 456 ἀναδεξάμενοι
567 406 715 453 πλάνην,
727 406 786 444 καὶ
797 406 1003 456 τιμήσαντες
1012 405 1172 452 Ἕλληνα

133 468 190 506 τὸν
207 466 354 519 γίγαντα
366 465 423 503 τὸν
443 465 511 503 ἀπὸ
527 466 635 517 φυλῆς
650 469 710 503 τοῦ
728 464 842 517 Ἰάφεθ
859 463 1095 515 καταγόμενον
1113 462 1173 501 καὶ

133 528 194 570 τῆς
211 523 421 577 πυργοποίας
436 523 595 561 κοινωνὸν
609 524 805 574 γενόμενον,
825 523 867 560 δι’
880 523 922 569 ἣν
940 522 1172 575 ἐμερίσθησαν

134 590 170 626 αἱ
186 589 337 639 γλῶτται
351 589 418 624 τῶν
439 586 640 638 ἀνθρώπων,
658 585 717 623 καὶ
735 585 929 633 ἐκλήθησαν
948 585 1108 637 μέροπες.

631 677 666 711 9.

187 735 278 769 Exc.
301 735 356 769 De
381 734 466 768 virt.
490 745 530 780 p.
553 732 626 778 778
646 746 653 767 :
672 730 756 769 “Ort
776 733 796 776 ἡ
820 729 1081 781 εἰδωλολατρεία
1101 729 1166 781 ἧρ-

135 789 216 834 ξατο
237 790 305 827 ἀπὸ
331 788 467 839 Σερούχ
486 804 574 831 τινος
594 788 831 839 καταγομένου
853 790 891 826 ἐκ
909 791 968 835 τῆς
987 790 1094 840 φυλῆς
1114 791 1172 825 τοῦ

135 848 271 901 Ἰάφεθ,
292 847 562 898 δογματίσαντος
590 848 699 884 εἰκόσι
729 847 788 884 καὶ
821 847 978 898 ἀνδριᾶσι
1006 849 1174 895 τιμᾶσθαι

133 907 212 950 τοὺς
225 906 337 943 πάλαι
357 904 644 956 ἀριστεύσαντας,
659 904 718 942 καὶ
735 908 899 953 τιμᾶσθαι
917 906 962 947 ὡς
982 903 1172 956 εὐεργέτας.

134 965 207 1005 Καὶ
227 969 327 1002 τοῦτο
347 963 561 1015 ἐπεκράτησε
586 962 689 1014 μέχρι
718 965 786 1000 τῶν
807 962 940 1015 χρόνων
957 962 1083 1014 Θάρρα
1112 967 1172 1001 τοῦ

134 1022 263 1074 πατρὸς
283 1021 454 1073 Ἀδραάμ.
474 1019 634 1071 Ἀδραὰμ
650 1021 685 1057 δὲ
707 1021 835 1063 δίκαιος
853 1020 1032 1071 γενόμενος
1051 1019 1109 1057 καὶ
1129 1022 1174 1063 εἰς

136 1079 343 1132 θεογνωσίαν
365 1079 469 1117 ἐλθὼν
490 1081 548 1116 καὶ
568 1078 794 1128 λογισάμενος
813 1078 864 1116 ὅτι
884 1082 902 1117 ὁ
926 1078 1042 1131 πατὴρ
1068 1081 1172 1117 αὐτοῦ

134 1138 210 1182 τοὺς
227 1138 425 1190 ἀνθρώπους
441 1140 577 1189 πλανᾷ,
592 1137 867 1188 παρασκευάζων
887 1136 1007 1180 αὐτοὺς
1024 1137 1174 1180 εἰδώλοις

134 1197 195 1236 καὶ
225 1197 406 1246 ἀγάλμασι
428 1200 644 1247 προσκυνεῖν,
670 1194 729 1232 καὶ
758 1194 905 1241 ποιητὴν
931 1190 1095 1234 ἁπάντων
1124 1196 1172 1246 μὴ

134 1254 309 1306 γνωρίζειν
331 1253 417 1300 θεὸν,
439 1253 625 1305 συντρίψας
644 1253 686 1290 τὰ
707 1256 766 1291 τοῦ
786 1253 916 1305 πατρὸς
929 1253 1030 1305 ἔργα,
1049 1255 1175 1306 ἀνεχώ-

136 1329 237 1364 ρησεν
258 1311 326 1349 ἀπὸ
346 1314 496 1364 Καρρῶν
511 1310 598 1363 ὅρων
614 1311 800 1350 Χαλδαίων
816 1315 876 1355 τῆς
895 1312 1003 1361 μέσης
1021 1316 1088 1350 τῶν
1107 1329 1172 1351 πο-

136 1374 255 1421 ταμῶν
270 1370 386 1422 χώρας
397 1400 406 1416 ,
426 1370 486 1407 καὶ
508 1369 642 1422 ᾤκησεν
658 1372 703 1414 εἷς
716 1369 760 1407 τὰ
778 1369 866 1422 μέρη
883 1374 944 1416 τῆς
959 1371 1030 1409 νυνὶ
1047 1373 1174 1410 καλου-

138 1429 242 1478 μένης
270 1429 507 1476 Παλαιστίνης
526 1428 633 1481 πέραν
654 1432 712 1466 τοῦ
734 1428 909 1480 Ἰορδάνου
932 1434 1091 1476 ποταμοῦ
1111 1432 1172 1469 αὖ·

136 1488 192 1530 τὸς
209 1487 268 1525 καὶ
289 1490 319 1525 οἱ
334 1489 436 1525 αὐτοῦ
455 1493 627 1537 συγγενεῖς
643 1487 702 1524 καὶ
719 1486 803 1526 Λὼτ
819 1489 836 1524 ὃ
856 1488 925 1531 υἱὸς
951 1492 1010 1526 τοῦ
1028 1489 1175 1541 ἀδελφοῦ

138 1547 254 1592 αὐτοῦ,
271 1547 421 1598 πέμπτῳ
432 1546 491 1583 καὶ
509 1546 757 1598 ἑὸδομηκοστῷ
776 1546 844 1583 ἔτει
856 1549 915 1592 τῆς
932 1548 1056 1585 ἑαυτοῦ
1071 1549 1171 1594 ζωῆς.

138 1604 238 1643 Εἰσὶν
255 1598 311 1641 οῧν
330 1604 398 1641 ἀπὸ
414 1607 473 1641 τοῦ
487 1606 734 1652 κατακλυσμοῦ
749 1603 811 1647 ἕως
825 1604 983 1655 Ἀδραὰμ
999 1605 1058 1652 ἔτη
1073 1607 1174 1658 ,0²qu-

138 1662 223 1702 Ἀπὸ
242 1663 276 1700 δὲ
306 1666 362 1700 τοῦ
381 1661 491 1712 Ἀδὰμ
515 1661 577 1705 ἕως
600 1666 659 1699 τοῦ
678 1662 837 1714 Ἀδραὰμ
856 1664 985 1716 ,γψμεᾭ
1016 1664 1176 1716 Ἐγένετο

139 1721 174 1758 δὲ
195 1720 353 1771 Ἀδραὰμ
376 1720 537 1763 πλούσιος
561 1720 694 1773 σφόδρα
712 1723 745 1758 ἐν
767 1721 907 1767 κτήνεσι
937 1723 1090 1769 πολλοῖς,
1118 1724 1176 1761 καὶ

138 1780 200 1816 οὐκ
220 1778 343 1830 ἐχώρει
362 1777 484 1820 αὐτοὺς
502 1781 524 1824 ἡ
542 1778 696 1815 συνοικία
720 1780 846 1817 αὐτῶν,
873 1779 942 1817 Καὶ
966 1779 1072 1818 ἔδωκε
1095 1781 1178 1820 Λὼτ

138 1838 241 1874 οἰκεῖν
259 1835 301 1873 τὰ
316 1835 424 1888 πέραν
443 1840 501 1874 τοῦ
520 1836 706 1888 Ἰορδάνου.
726 1836 813 1875 Καθ’
833 1835 868 1874 ὃν
886 1836 926 1883 δὴ
943 1838 1064 1889 χρόνον
1082 1839 1175 1877 ἀπώ-

139 1896 237 1932 λοντο
258 1894 326 1932 δύω
346 1894 461 1937 πόλεις
480 1894 622 1941 Σόδομά
637 1910 673 1932 τε
692 1895 750 1932 καὶ
769 1895 951 1948 Γόμορρα,
969 1896 1057 1935 θείου
1072 1898 1179 1949 πυρὸς

112 1992 116 1995 ‚
141 1953 419 2005 καταρραγέντος
450 1954 504 1990 ἐπ’
536 1953 658 2000 αὐτὰς,
680 1952 765 1991 διότι
784 1953 861 1996 τοὺς
888 1955 1075 2006 παριόντας
1102 1957 1178 1994 ἐνύ-

138 2010 253 2062 δριζον
274 2010 398 2054 ξένους.

628 2085 688 2110 10.

192 2140 282 2177 Exc.
298 2142 451 2179 Salmas.
463 2154 504 2189 p.
520 2141 595 2177 388
613 2155 620 2177 :
636 2140 813 2191 Ἰορδάνης
829 2140 966 2192 λέγεται
978 2145 995 2179 ὃ
1011 2144 1178 2193 ποταμὸς,

142 2197 227 2236 διότι
248 2198 307 2235 δύο
328 2197 402 2247 ἅμα
424 2199 605 2249 μίγνυνται
629 2200 800 2250 ποταμοὶ,
822 2199 892 2252 Ἰόρ
909 2217 945 2238 τε
965 2202 1023 2239 καὶ
1041 2202 1178 2253 Δάνης,

141 2256 200 2294 καὶ
223 2258 446 2294 ἀποτελοῦσιν
471 2257 587 2304 αὐτὸν,
609 2257 655 2301 ὥς
674 2274 758 2310 φησι
780 2260 1021 2311 Πλούταρχος.

223 2344 298 2383 Περὶ
313 2346 367 2374 τοῦ
380 2343 531 2383 Ἰορδάνου
544 2343 605 2375 ἀπὸ
617 2348 670 2382 τῆς
683 2344 817 2386 ἱστορίας
831 2345 1064 2386 Φιλοστοργίου.

197 2435 211 2448 «
233 2416 313 2454 Ἐπ’
334 2417 491 2468 ἐσχάτοις
515 2420 576 2463 τῆς
598 2418 836 2464 Παλαιστίνης
859 2419 1025 2471 τέρμασι,
1044 2422 1119 2470 μεθ’
1139 2420 1181 2467 ἣν

143 2478 165 2520 ἡ
193 2477 261 2512 τῶν
290 2474 465 2513 Φοινίκων
486 2476 682 2526 ἐκδέχεται,
703 2477 815 2513 κεῖται
837 2477 935 2520 πόλις
954 2477 1027 2516 Δὰν
1055 2480 1182 2528 ὄνομα·

144 2536 264 2570 σθεῖσα
280 2532 444 2582 πρότερον
464 2536 501 2570 ἐκ
517 2535 577 2578 τῆς
590 2537 647 2570 τοῦ
665 2532 737 2571 Δὰν
755 2535 878 2585 φυλῆς,
893 2535 1042 2580 ὁπηνίκα
1061 2537 1182 2587 χρόνον

145 2591 198 2628 ἐπ’
218 2591 279 2628 οὐκ
299 2589 412 2641 ὀλίγον
434 2585 526 2628 οῧτοι
555 2590 595 2636 δὴ
619 2590 715 2640 μόνοι
734 2595 792 2629 τοῦ
812 2592 938 2636 παντὸς
958 2593 1070 2637 ἔθνους
1088 2596 1184 2632 πλα-

145 2647 311 2698 νώμενοι,
342 2650 538 2686 τελευταῖον
567 2649 611 2686 τὰ
641 2649 749 2701 ταύτῃ
782 2651 1014 2701 κατασχόντες
1044 2653 1158 2704 χωρία
1172 2683 1183 2702 ,

147 2707 244 2758 μόγις
258 2706 477 2757 ἱδρύνθησαν,
495 2707 554 2745 καὶ
567 2709 666 2745 πόλιν
682 2709 738 2746 ἐπὶ
751 2709 820 2751 τοῖς
838 2709 953 2760 ἄκροις
967 2711 1079 2748 αὐτῶν
1093 2710 1185 2762 ὄρεσι

125 2764 366 2813 οδειμάμενοι,
387 2765 449 2810 τὴν
469 2769 528 2802 τοῦ
545 2766 723 2817 φυλάρχου
744 2770 838 2818 σφῶν
860 2766 1030 2813 ἐπέθηκαν
1051 2769 1186 2816 κλῆσιν,

148 2821 207 2860 καὶ
235 2825 336 2859 τοῦτο
366 2818 405 2867 ἦν
426 2826 485 2869 τῆς
505 2823 676 2867 Ἰουδαίας
695 2827 712 2861 ὁ
739 2824 885 2876 ἔσχατος
905 2825 988 2877 πρὸς
1017 2826 1185 2873 Φοινίκην

928 257 1141 298 JOANNIS
1170 256 1476 296 ANT10CHEM

1234 344 1322 398 ὅρος.
1347 345 1490 392 Ταύτην
1517 344 1632 398 χρόνῳ
1651 344 1791 398 ὕστερον
1815 343 1975 398 (Ηρώδης
1994 346 2012 382 ὁ
2037 344 2144 396 μέγας
2174 346 2270 385 obco-

1234 404 1407 454 δομήσας,
1429 403 1641 456 Καισάρειαν
1669 403 1850 442 Φιλίππου
1876 402 2123 460 μετωνόμασε,
2150 407 2209 442 νῦν
2234 403 2271 442 δὲ

1234 462 1374 505 Πανεάς
1388 463 1459 500 ἐστι
1476 461 1674 511 καλουμένη
1685 476 1694 485 ·
1708 461 1744 500 τὸ
1758 460 1824 513 γὰρ
1842 461 1958 505 Πανὸς
1972 463 2007 499 ἐν
2019 461 2128 513 ταύτῃ
2148 462 2272 515 βρέτας

1234 521 1464 570 στησάμενοι,
1484 521 1531 562 εἰς
1550 522 1649 556 τοῦτο
1667 518 1728 565 τὴν
1748 523 1808 566 τ’ῆς
1824 519 1955 563 πόλεως
1974 519 2119 572 ἔτρεψαν
2139 535 2272 572 προση-

1233 577 1365 630 γορίαν.
1390 578 1452 616 Ἔν
1471 576 1579 628 ταύτῃ
1605 579 1648 629 τῇ
1670 577 1825 615 Πανεάδι
1841 579 1907 614 τῶν
1925 581 1984 615 τοῦ
2002 577 2175 630 Ἰορδάνου
2201 593 2271 625 πη·

1233 638 1302 686 γῶν
1319 639 1340 682 ἦ
1357 635 1456 687 ἑτέρα
1470 635 1635 682 τίκτεται,
1651 636 1742 673 δυοῖν
1761 637 1887 682 οὐσῶν,
1903 635 1976 674 Δὰν
1993 637 2032 674 ἐκ
2046 639 2107 674 τοῦ
2122 637 2271 675 παλαιοῦ

1233 693 1399 743 ὀνόματος
1409 692 1458 730 ἔτι
1474 692 1534 730 καὶ
1548 697 1606 730 νῦν
1623 692 1875 742 ὀνομαζομένη·
1890 692 1952 739 τὴν
1966 692 2033 744 γὰρ
2051 693 2184 746 ἑτέραν,
2197 694 2273 742 ἥτις

1235 751 1305 804 Ἰὸρ
1325 753 1559 798 ἐπικαλεῖται,
1579 749 1754 803 πόρρωθεν
1775 752 1880 797 αὐτῆς
1899 753 1944 794 ὡς
1961 751 2030 789 ἀπὸ
2046 751 2196 790 σταδίων
2213 751 2274 805 ρξ’,

1234 809 1382 853 κόλωνός
1397 825 1447 852 τις
1463 812 1522 847 τοῦ
1539 810 1642 847 αὐτοῦ
1661 806 1821 861 προίησιν
1844 809 1962 860 ὅρους·
1980 804 2028 847 ὧν
2056 809 2091 854 ἐξ
2110 810 2276 862 ἑκατέρας

1235 872 1418 918 προχεῖται
1437 866 1614 917 ποταμὸς,
1629 869 1647 904 ὃ
1669 866 1732 916 μὲν
1748 866 1922 919 Ἰοράτης,
1940 868 1959 904 ὁ
1976 866 2012 904 δὲ
2031 866 2180 914 Δανίτης
2199 870 2274 906 ἐπι·

1234 925 1445 974 καλούμενος
1458 941 1466 949 ·
1497 924 1530 962 οἳ
1553 924 1608 962 διὰ
1636 929 1696 963 τοῦ
1716 924 1814 976 ὄρους
1842 924 2051 976 ἐνεχθέντες,
2072 925 2190 973 ἐπειδὴ
2209 941 2275 964 κα-

1234 982 1378 1020 ταὸαῖεν
1405 985 1452 1026 εἰς
1478 983 1517 1021 τὸ
1536 981 1668 1032 πεδίον,
1697 983 1844 1020 ἐνταῦθα
1871 982 1938 1029 ἤδη
1960 981 2109 1026 ξυνίασιν
2135 983 2196 1022 καὶ
2215 983 2274 1022 ἕνα

1236 1039 1397 1092 μέγιστον
1416 1040 1623 1078 ἀποτελοῦσι
1641 1038 1798 1089 ποταμὸν
1819 1038 1876 1078 τὸν
1895 1039 2087 1092 Ἰορδάνην,
2107 1042 2141 1078 ἐν
2159 1041 2276 1092 ταύτῷ

1235 1099 1300 1145 ἤδη
1322 1098 1362 1137 τό
1381 1114 1415 1136 τε
1435 1101 1545 1151 ῥεῦμα
1567 1097 1628 1136 καὶ
1646 1097 1709 1145 τὴν
1738 1098 1974 1150 προσηγορίαν
2003 1097 2212 1151 κιρνάμενοι·
2242 1098 2278 1143 ὃς

1235 1157 1297 1203 τὴν
1310 1159 1369 1203 τῆς
1382 1156 1586 1209 Τιὸεριάδος
1601 1156 1738 1201 διέξεισι
1748 1156 1873 1207 λίμνην
1891 1156 2000 1207 μέσην
2014 1156 2146 1207 τέμνων
2157 1155 2278 1205 αὐτὴν,

1235 1214 1294 1252 καὶ
1317 1215 1361 1252 δι’
1381 1214 1462 1261 ὅλης
1482 1215 1587 1261 αὐτῆς
1604 1216 1637 1252 ἐν
1655 1217 1703 1267 τῷ
1723 1214 1839 1267 οἰκείῳ
1856 1216 1949 1268 ὁλκῷ
1977 1214 2134 1268 ῥεόμενος
2157 1214 2278 1268 μέχρις

1237 1273 1278 1311 ἂν
1295 1272 1351 1311 ἐπὶ
1368 1272 1430 1319 τὴν
1449 1272 1632 1310 κατέναντι
1649 1271 1806 1311 ἐκπέσειε
1830 1273 1841 1326 (
1854 1272 2053 1325 ἐκπεράσειε
2071 1274 2178 1325 Val.)
2194 1277 2277 1326 γῆν,

1231 1325 1306 1374 ἶσος
1333 1330 1433 1374 αὐτὸς
1452 1333 1548 1382 αὑτῷ
1572 1330 1632 1369 καὶ
1651 1330 1895 1383 παραπλήσιος
1911 1329 1957 1369 ὤν
1970 1346 1978 1354 ·
2009 1332 2190 1370 κάντεῦθεν
2208 1331 2278 1379 ἤδη

1237 1388 1293 1426 διὰ
1308 1391 1369 1433 τῆς
1390 1388 1630 1434 Παλαιστίνης
1647 1388 1813 1440 ἐνεχθεὶς,
1834 1389 1925 1433 ἅπας
1943 1391 1990 1433 εἷς
2002 1388 2064 1436 τὴν
2081 1388 2204 1442 νεκρὰν
2217 1405 2278 1428 κα-

1237 1446 1407 1497 λουμένην
1427 1445 1596 1484 εἰσπεσὼν
1616 1447 1818 1499 ἀφανίζεται
1833 1447 2027 1486 θάλασσαν.
2047 1466 2063 1482 »ι

1731 1543 1792 1569 11.

1290 1605 1385 1642 Cod.
1414 1604 1625 1642 Par3163o
1645 1617 1654 1640 ε
1677 1602 1853 1655 Ἰορδάνης
1882 1602 1916 1640 δὲ
1938 1602 2092 1654 ποταμὸς
2111 1602 2200 1642 οὕτω
2218 1603 2280 1643 λέ-

1237 1677 1334 1713 γεται
1352 1661 1407 1700 διὰ
1424 1661 1462 1699 τὸ
1477 1660 1733 1712 συμμίγνυσθαι
1747 1661 1806 1699 δύο
1820 1660 1894 1710 ἅμα
1905 1693 1914 1708 ,
1935 1661 2005 1713 Ἰόρ
2021 1677 2058 1699 τε
2074 1660 2135 1700 καὶ
2148 1661 2278 1708 Δάνην,

1242 1719 1326 1758 Καθ’
1347 1719 1384 1757 ὃν
1414 1718 1454 1765 δὴ
1474 1718 1596 1771 χρόνον
1619 1718 1680 1757 καὶ
1703 1719 1923 1770 Μελχισεδὲκ
1943 1719 2163 1770 ἐγνωρίζετο,
2191 1718 2279 1771 ἀνὴρ

1239 1777 1398 1824 εὖσεῦὴς,
1414 1777 1648 1828 καταγόμενος
1668 1778 1707 1815 ἐκ
1725 1777 1840 1828 γένους
1866 1778 1989 1823 Σίδου,
2009 1779 2082 1816 υἱοῦ
2101 1777 2280 1828 Αἰγύπτου

1241 1835 1411 1888 βασιλέως
1430 1837 1489 1881 τῆς
1513 1835 1664 1881 Αιὸύης·
1687 1835 1779 1878 ὅστις
1799 1835 1979 1886 γενόμενος
2001 1835 2108 1888 ἱερεὺς
2131 1836 2191 1874 καὶ
2213 1839 2282 1888 βα-

1240 1894 1351 1938 σιλεὺς
1381 1896 1447 1931 τῶν
1482 1893 1690 1932 Χαναναίων
1723 1892 1836 1931 ἔκτισε
1865 1894 1964 1932 πόλιν
1993 1896 2027 1932 ἐν
2056 1895 2108 1947 τῷ
2138 1894 2209 1947 ὄρει
2230 1897 2280 1947 τῷ

1239 1954 1415 2005 λεγομένῳ
1439 1951 1565 2003 [Σιὼν]
1579 1982 1589 2002 ,
1619 1952 1679 1990 καὶ
1708 1952 1860 1992 καλέσας
1892 1952 1999 1998 αὐτὴν
2029 1951 2280 2005 Ἰερουσαλὴμ,

1240 2011 1324 2064 ὅπερ
1353 2011 1456 2049 ἐστὶν·
1475 2010 1612 2062 εἰρήνης
1644 2010 1761 2060 πόλις,
1791 2010 2012 2048 ἐὸασίλευσεν
2038 2012 2073 2048 ἐν
2103 2012 2191 2062 αὐτῇ
2221 2011 2282 2058 ἔτη

1242 2071 1320 2122 ριγ’,
1348 2069 1461 2112 καθὼς
1481 2068 1651 2115 Ἰώσηπος
1671 2070 1815 2120 ἱστορεῖ.
1886 2069 1929 2119 (2)
1953 2067 2056 2107 Κατὰ
2085 2071 2204 2106 τοῦτον
2222 2069 2282 2107 τὸν

1240 2128 1364 2180 χρόνον
1379 2127 1560 2165 ἀπώλοντο
1575 2126 1633 2165 δύο
1643 2126 1773 2173 πόλεις,
1787 2125 1930 2176 Σόδομα
1948 2126 2007 2164 καὶ
2022 2125 2183 2178 Γόμορρα
2193 2125 2282 2164 θείου

1242 2187 1347 2239 πυρὸς
1372 2185 1649 2238 καταρραγέντος
1669 2187 1723 2223 ἐπ’
1745 2184 1872 2235 αὐτὰς,
1892 2184 1977 2222 διότι
1993 2184 2070 2229 τοὺς
2097 2184 2284 2238 παριόντας

1243 2245 1415 2297 ἐνύδριζον
1437 2244 1590 2289 ξένους)

1295 2317 1326 2344 3.
1359 2302 1518 2355 Ἀδραὰμ
1538 2302 1574 2339 δὲ
1602 2302 1760 2352 ἐγέννησε
1778 2300 1835 2338 τὸν
1863 2299 1986 2340 Ἰσαὰκ
2007 2302 2046 2339 ἐκ
2063 2303 2125 2347 τ’ἥς
2143 2299 2285 2352 Σάρρας

1242 2361 1301 2399 καὶ
1321 2361 1376 2399 τὸν
1398 2360 1551 2410 Ἰσμαὴλ
1576 2362 1632 2412 [ἐκ
1651 2361 1725 2411 τῆς]
1749 2358 1934 2406 παιδίσκης
1955 2362 2016 2405 τῆς
2031 2357 2140 2412 Ἄγαρ
2153 2374 2161 2382 ·
2182 2358 2216 2403 ἐξ
2235 2354 2284 2397 ὧν

1244 2422 1296 2459 Σα
1303 2419 1445 2472 ρακηνοί
1459 2435 1495 2457 τε
1507 2419 1566 2456 καὶ
1581 2419 1805 2468 Ἰσμαηλῒται
1819 2415 2146 2469 προσαγορεύονται.
2158 2416 2285 2456 Ἰσαὰκ

1245 2480 1280 2516 δὲ
1307 2479 1465 2529 ἐγέννησε
1494 2479 1550 2515 τὸν
1570 2476 1720 2525 ’Iamba
1754 2477 1812 2514 τὸν
1837 2476 2007 2523 κληθέντα
2034 2474 2198 2529 Ἰσραὴλ,
2224 2475 2284 2513 καὶ

1243 2537 1301 2574 τὸν
1315 2535 1428 2575 'Raab
1439 2565 1448 2583 ,
1470 2536 1528 2588 ἀφ’
1545 2530 1582 2573 οῧ
1598 2533 1756 2587 Ἴσαυροι
1770 2534 1830 2572 καὶ
1847 2534 2064 2586 Ἰσραηλῖται
2081 2532 2285 2584 μετωνομά-

1246 2598 1390 2641 σθησαν.
1414 2593 1545 2633 Ἰακὼὸ
1565 2593 1600 2631 δὲ
1622 2593 1800 2644 ἐγέννησεν
1827 2592 1917 2636 υἱοὺς
1938 2592 1999 2630 ιδ’·
2034 2593 2073 2630 ἐκ
2091 2591 2220 2630 τούτων
2249 2593 2286 2629 αἱ

1244 2657 1303 2691 νῦν
1323 2652 1428 2705 φυλαὶ
1447 2656 1506 2691 τοῦ
1531 2652 1674 2704 Ἰσραὴλ
1707 2651 1766 2690 καὶ
1785 2651 1824 2689 τὸ
1843 2653 1910 2689 τῶν
1929 2650 2047 2704 ἱερέων
2067 2645 2163 2701 γένος
2195 2651 2286 2686 ἀπε-

1247 2712 1363 2763 δείχθη
1379 2741 1389 2760 ,
1411 2710 1444 2749 οἵ
1463 2726 1500 2748 τε
1518 2710 1680 2762 Ἓὸραῖοι
1699 2709 1810 2748 πάλαι
1830 2709 2008 2760 λεγόμενοι
2028 2708 2187 2748 Ἰουδαῖοι
2208 2707 2285 2745 τότε

1247 2768 1590 2821 προσηγορεύθησαν.
2307 2810 2310 2813 Δ

1299 2840 1330 2865 4.
1363 2827 1452 2865 Καθ’
1470 2826 1506 2864 ὃν
1523 2826 1644 2878 χρόνον
1664 2825 1851 2877 ἐγνωρίσθη
1869 2828 1952 2876 παρ’
1967 2823 2141 2870 Ἵζλλησιν
2161 2822 2286 2862 Ἡσίο-

189 2934 242 2964 Fr.
258 2937 287 2965 9.
308 2934 427 2965 Eadem
445 2935 558 2967 suidas
573 2937 595 2967 l.
611 2936 632 2967 l.
649 2939 686 2968 In
707 2936 835 2968 brevius
857 2938 926 2968 haec
948 2938 1108 2968 contraxit
1128 2937 1232 2968 codex
1258 2941 1335 2968 1630
1357 2949 1365 2968 z
1388 2937 1522 2977 Ἀὸραάμ
1538 2937 1569 2968 δὲ
1588 2937 1759 2975 καταγνοὺς
1777 2938 1818 2972 ὡς
1834 2936 1950 2968 πλάνου
1966 2938 2022 2966 τοῦ
2037 2934 2150 2974 πατρὸς
2164 2933 2284 2972 αὐτῶν,

150 2980 204 3010 καὶ
221 2980 385 3021 συντρίψας
398 2981 436 3012 τὰ
458 2982 531 3023 ἔργα
557 2983 651 3014 αὐτοῦ
668 2984 863 3024 ἀνεχώρησεν
888 2985 950 3015 ἀπὸ
968 2987 1095 3025 Καρρῶν
1115 2984 1248 3024 (Καρῶν
1265 2983 1335 3014 cod.
1348 2983 1358 3023 )
1369 3008 1378 3022 ‚
1407 2983 1424 3014 ὅ
1449 2993 1531 3014 εστιν
1545 2983 1614 3022 ὄρος
1631 2981 1804 3020 Χαλδαίοις,
1821 2982 1873 3011 καὶ
1890 2981 2012 3021 ᾤκησεν
2026 2981 2068 3016 Εἷς
2082 2980 2120 3010 τὰ
2137 2979 2212 3020 μέρη
2231 2982 2286 3016 τῆς

151 3026 375 3066 Παλαιστίνης,
408 3028 474 3068 ἅμα
497 3030 572 3060 Λὼτ
589 3033 634 3070 τῷ
655 3032 713 3070 υἱῷ
736 3034 790 3061 τοῦ
808 3031 936 3071 ἀδελφοῦ
962 3031 1068 3062 αὐτοῦ.
1100 3031 1161 3062 Καὶ
1184 3031 1260 3061 εἰσὶν
1288 3030 1350 3061 ἀπὸ
1366 3032 1421 3061 τοῦ
1439 3029 1661 3068 κατακλυσμοῦ
1683 3028 1741 3063 ἕως
1759 3027 1894 3067 Ἀὅραὰμ
1928 3027 1980 3063 ἔτη
2003 3025 2112 3067 ,γψμε’.
2143 3042 2185 3048 -
2205 3025 2286 3056 Ἀπὸ

152 3073 307 3113 Καρρῶν
323 3073 420 3113 ὅρων
436 3074 525 3115 κτλ]
550 3076 741 3116 ineleganter
755 3077 824 3108 haee
836 3077 1017 3116 enuntiata3
1031 3086 1095 3108 non
1119 3078 1226 3108 tamen
1243 3085 1352 3108 vocem
1373 3078 1504 3116 Καρρῶν
1520 3075 1662 3115 (Χαρρὰν
1678 3082 1728 3114 ap.
1747 3075 1888 3112 Mosem,
1907 3075 1940 3113 Ι,
1959 3076 2011 3111 11,
2032 3077 2084 3104 31.
2108 3070 2237 3112 Joseph.
2253 3072 2285 3110 Ι,

154 3121 192 3149 16
205 3119 236 3149 et
248 3118 370 3158 scripu.
386 3121 498 3152 orient.
513 3123 524 3162 9
542 3122 709 3154 delendam
728 3132 794 3154 esse
808 3132 881 3154 cum
901 3123 1105 3163 Bernhardyo
1122 3123 1162 3154 ad
1176 3122 1265 3154 Suid.
1280 3121 1456 3153 statuerim.
1602 3120 1606 3123 “

194 3166 246 3196 Fr.
270 3170 317 3197 10.
335 3167 383 3198 Cf.
403 3168 505 3200 codex
530 3170 629 3200 Paris.
652 3171 701 3209 (v.
730 3171 767 3202 sr.
790 3175 820 3201 11
834 3171 856 3210 ).
875 3170 988 3202 Suidas
1003 3183 1009 3202 :
1028 3170 1179 3210 Ἰορδάνης
1192 3170 1209 3200 ὁ
1223 3169 1362 3209 ποταμὸς
1378 3168 1489 3205 ἐκλήθη
1503 3167 1554 3198 διὰ
1578 3167 1613 3198 τὸ
1631 3165 1858 3206 συμμίγνυσθαι
1875 3165 1929 3196 δύο
1942 3164 2009 3204 ἅμα
2024 3162 2201 3203 ποταμοὺς,
2222 3161 2288 3204 Ἰορ

151 3212 205 3242 καὶ
219 3210 330 3249 Δάνην.
354 3230 394 3235 ——
409 3215 650 3256 Φιλοστόργιος]
663 3217 707 3247 sic
720 3217 856 3248 secunda
870 3225 966 3248 manu
979 3229 988 3257 ;
1003 3216 1214 3257 Φιλοστράτου
1229 3215 1328 3256 prima
1344 3223 1441 3246 manu
1459 3215 1624 3254 scrIptum.
1645 3214 1871 3253 Fragmentum
1883 3213 1949 3252 jam
1963 3211 2109 3243 Valesius
2121 3209 2288 3250 exscripsit

154 3259 186 3290 et
200 3257 282 3289 inter
295 3257 546 3300 Philostorgiana
560 3271 590 3301 p.
607 3265 662 3293 541
680 3262 789 3294 edidit.

195 3306 247 3336 Fr.
267 3308 319 3335 11.
344 3306 393 3338 Cf.
412 3308 541 3340 Malalas
560 3317 590 3348 p.
607 3312 645 3340 56
661 3317 709 3348 sq.
726 3326 762 3330 —
781 3309 990 3350 Ἰώσηπος]
1008 3310 1090 3341 Nihil
1114 3309 1154 3340 de
1169 3308 1260 3340 annis
1275 3308 1340 3339 istis
1362 3307 1447 3347 apud
1467 3306 1642 3346 Josephum
1673 3307 1727 3345 (1,
1752 3309 1807 3345 ιο,
1832 3308 1868 3344 2)
1890 3304 2014 3345 legitur.
2043 3305 2147 3341 Quam
2167 3303 2288 3334 temere

155 3349 327 3388 Eusebius-2,
346 3351 531 3393 Africanus,
548 3353 704 3393 Josephus
716 3378 724 3393 ,
747 3354 799 3385 alii
818 3364 1036 3394 saepenumero
1060 3356 1144 3396 apud
1161 3356 1307 3387 Malalam
1332 3356 1477 3386 auctores
1503 3354 1650 3391 citentur,
1673 3352 1754 3384 inter
1771 3352 1883 3383 doctos
1904 3352 2041 3383 constat.
2069 3350 2191 3381 Eodem
2209 3348 2287 3380 vitio

153 3396 218 3434 jam
243 3397 356 3428 Noster
384 3399 521 3431 :Ioannes
543 3400 702 3431 laborasse
725 3400 861 3432 videtur.
890 3404 1037 3434 Ceterum
1064 3403 1193 3434 Malaias
1218 3411 1249 3442 p.
1275 3405 1312 3434 58
1327 3426 1335 3441 ,
1366 3405 1396 3432 11
1426 3401 1470 3432 ait
1492 3413 1499 3432 :
1525 3401 1635 3435 Καθὼς
1660 3399 1812 3436 Ἰώσηπος
1838 3399 1868 3429 ἐν
1887 3402 1924 3439 τῇ
1941 3396 2142 3438 ἀρχαιολογίᾳ
2159 3395 2284 3431 ἐξέθετο.

159 3442 217 3474 Καὶ
232 3442 406 3482 Ἰωάννης
423 3446 453 3477 δὲ
468 3448 519 3477 καὶ
537 3447 681 3486 Κύριλλος
691 3470 700 3486 ,
715 3448 743 3477 οἱ
761 3448 926 3478 ὁσιώτατοι
948 3449 1112 3479 ἐπισκοποὶ
1123 3472 1132 3488 ,
1146 3449 1184 3479 τὰ
1198 3448 1276 3480 αὐτὰ
1291 3448 1390 3480 εἷπον.
1402 3466 1442 3471 -
1455 3446 1474 3488 §
1489 3450 1518 3478 4.
1534 3447 1652 3478 Eadem
1668 3448 1738 3486 post
1751 3447 1913 3486 superiora
1928 3445 2045 3476 habent
2059 3445 2135 3476 Exc.
2152 3441 2247 3473 Saltu.
