2326 3724
46 227 115 260 ⁸64

42 309 142 345 τοῦτο
167 307 335 350 πολλάκις
364 306 407 345 τὰ
437 306 525 346 αὐτὰ
545 308 695 361 γέγραφε
716 307 774 346 καὶ
790 308 829 347 τὸ
852 309 1007 356 ἐπελθὸν,
1027 310 1087 348 καὶ

47 365 241 417 ἀδιόρθωτα
263 365 357 404 εἴακε
378 368 427 418 τῷ
449 366 666 419 ἐπείγεσθαι,
688 366 747 404 καὶ
766 366 810 404 τὰ
831 366 1006 418 μαρτύρια
1026 383 1085 405 το,

43 424 156 462 σαῧτοί
175 426 289 470 ἐστιν,
310 428 355 468 ὼς
381 424 518 462 ἐκείνων
540 424 642 475 μόνον
662 424 778 475 γέμειν
799 424 842 462 τὰ
865 425 994 477 βιὸλία.
1016 426 1088 464 Καὶ

42 482 160 520 τοῦτόν
188 498 273 535 φασι
301 482 363 529 τὴν
385 482 495 536 ἀρχὴν
519 482 918 535 γραμματοδιδάσκαλον
946 486 1087 535 γεγενῆ-

43 543 135 588 σθαι,
156 540 276 578 ἔπειτα
296 541 527 593 περιτυχόντα
541 542 609 584 τοῖς
628 540 847 594 Δημοκρίτου
869 540 1014 592 βιὸλίοις
1032 540 1090 579 ἐπὶ

45 599 250 652 φιλοσοφίαν
289 598 399 644 ἀίξαι·
435 599 486 638 διὸ
517 599 576 637 καὶ
606 599 729 649 Τίμων
759 598 849 637 οὕτω
881 599 976 651 λέγει
1005 598 1086 652 περὶ

44 658 162 696 αὖτοῧ·

126 763 282 798 ’Ύστατος
297 761 336 794 αὖ
350 766 489 803 φυσικῶν
505 763 558 793 καὶ
575 762 721 798 κύντατος
738 762 773 794 ἐκ
787 762 893 802 Σάμου
913 763 1007 794 ἐλθὼν

129 809 491 850 γραμμαδιδασκαλίδης,
515 808 754 848 ἀναγωγότατος
777 808 932 845 ζωόντων.

51 900 220 948 Νοσήσας
253 900 289 939 δὲ
322 900 364 938 ιδ’
399 900 554 953 ἡμέρας,
589 901 636 943 εἷς
667 899 793 938 πύελον
831 899 932 946 ἐνέὸη
955 901 1092 952 χαλκῆν

55 958 273 1013 κεκραμένην
315 959 414 997 ὕδατι
455 961 592 1012 θερμῷ,
640 958 700 997 καὶ
747 957 894 1004 αἰτήσας
941 958 1091 1011 ἄκρατον

47 1018 239 1071 ἐρρόφησε,
272 1018 342 1061 τοῖς
379 1033 416 1055 τε
450 1017 558 1069 φίλοις
582 1017 820 1068 παραγγείλας
856 1018 925 1055 τῶν
961 1017 1092 1067 δογμά-

47 1092 115 1114 των
146 1078 364 1127 μεμνῆσθαι,
389 1075 606 1123 ἐτελεύτησε.
632 1074 703 1114 Καὶ
724 1074 815 1113 ἔστιν
836 1076 882 1119 εἷς
897 1074 999 1113 αὐτὸν
1017 1074 1091 1113 ἐπί-

50 1161 209 1198 ΥΡαμμα’

132 1216 264 1257 Χαίρετε
278 1217 330 1247 καὶ
345 1216 503 1257 μέμνησθε
519 1215 557 1247 τὰ
573 1215 714 1256 δόγματα
724 1239 733 1255 ,
746 1216 829 1247 τοῦτ’
845 1215 1026 1257 Ἐπίκουρος

172 1264 306 1294 ὕστατον
325 1263 391 1294 εἷπε
405 1263 500 1303 φίλοις
511 1266 632 1303 πρῶτος
647 1263 748 1302 (οἷσιν
765 1262 825 1302 D.)
837 1262 1050 1303 ἀποφθίμενος.

136 1311 262 1348 Χαλκῆν
275 1313 284 1350 (
298 1310 320 1342 l.
334 1311 445 1351 θερμὴν
460 1318 497 1341 ex
512 1310 566 1350 D.)
581 1311 622 1346 εἷς
634 1310 744 1342 πύελον
754 1310 813 1351 γὰρ
823 1309 963 1348 ἐσήλυθε,
976 1311 1029 1341 καὶ
1042 1310 1094 1341 τὸν

939 1356 951 1397 [
962 1357 1094 1398 ἄκρατονΙ

174 1402 322 1434 ἔσπασεν·
341 1401 396 1434 εἶτ’
409 1403 496 1441 ἀΐδην
512 1404 630 1445 ψυχρὸν
643 1403 859 1436 ἐπεσπάσατο.

103 1504 151 1529 29.
182 1490 225 1529 ’E
235 1505 317 1540 μπε
329 1491 347 1528 δ
358 1505 375 1528 ο
386 1492 465 1537 κλῆ
477 1507 505 1534 ς.
525 1489 697 1543 Ἄκρωνος
708 1495 767 1529 τοῦ
785 1492 901 1544 ἷατροῧ
916 1490 1019 1529 τόπον
1041 1491 1094 1528 αἷ-

49 1553 188 1592 τοῧντος
201 1548 298 1602 παρὰ
311 1551 370 1594 τῆς
386 1550 511 1600 βουλῆς
527 1549 802 1602 Ἀκραγαντίνων
817 1552 862 1594 εἰς
874 1548 1094 1596 κατασκευὴν

53 1606 216 1659 πατρῴου
234 1606 435 1657 μνήματος,
457 1606 513 1645 διὰ
532 1606 595 1653 τὴν
614 1609 648 1645 ἐν
665 1613 733 1651 τοῖς
756 1609 885 1660 ἰατροῖς
905 1608 1094 1659 ἀκρότητα,

51 1664 233 1717 παρελθὼν
252 1668 269 1703 ὃ
293 1665 536 1715 Ἐμπεδοκλῆς
567 1665 720 1703 ἐκώλυσε
734 1696 745 1716 ,
775 1665 819 1703 τά
845 1682 882 1704 τε
903 1665 994 1704 ἄλλα
1015 1665 1095 1717 περὶ

56 1724 214 1770 ἰσότητος
243 1723 453 1775 διαλεχθεὶς,
473 1724 532 1762 καὶ
558 1723 712 1762 τοιοῦτόν
741 1739 773 1761 τι
794 1722 994 1776 ἐρωτήσας,
1015 1741 1030 1758 α
1049 1722 1098 1763 Τί

43 1784 83 1820 δ’
105 1781 341 1834 ἐπιγράψομεν
362 1783 529 1834 ἐλεγεῖον,
547 1781 569 1829 ἢ
588 1786 712 1833 τοῦτο,

135 1891 240 1932 Ἄκρον
256 1891 358 1931 ἰητρὸν
375 1890 503 1931 Ἄκρων’
519 1891 752 1932 Ἀκραγαντῖνον
765 1893 879 1932 πατρὸς
894 1892 990 1933 ἄκρου

179 1938 307 1979 κρύπτει
324 1939 461 1980 κρημνὸς
475 1938 568 1979 ἄκρος
584 1939 729 1980 πατρίδος
742 1938 912 1979 ἀκροτάτης
942 1952 956 1966 υ

53 2014 162 2063 Οἷτος
193 2018 401 2062 ἀποστείλας
431 2019 493 2066 τὴν
526 2019 648 2071 νεκρὰν
671 2019 850 2072 ἄνθρωπον
872 2021 984 2064 ζῶσαν
996 2049 1005 2067 ,
1037 2018 1096 2057 καὶ

55 2078 225 2122 δοξασθεὶς
238 2078 358 2116 Θυσίαν
379 2078 565 2118 συνετέλει.
590 2081 763 2130 Παρῆσαν
781 2077 890 2116 δὲκαὶ
906 2081 972 2117 τῶν
990 2078 1097 2131 φίλων

54 2137 153 2180 τινές.
178 2135 279 2175 Μετὰ
300 2136 336 2174 δὲ
356 2137 419 2183 τὴν
441 2137 590 2188 εὐωχίαν
603 2168 614 2188 ,
629 2139 659 2175 οἱ
678 2137 740 2188 μὲν
757 2137 856 2176 ἄλλοι
869 2136 1098 2190 χωρισθέντες

57 2194 316 2244 ἀνεπαύσαντο,
337 2197 368 2233 οἳ
388 2211 450 2246 μεν
466 2197 531 2233 υπὸ
549 2201 618 2239 τοῖς
638 2195 828 2249 δένδρεσιν,
842 2198 888 2238 ὡς
904 2197 1010 2247 ἀγρου
1027 2211 1098 2232 πα-

58 2252 282 2323 ρακειμένου,
303 2255 332 2291 οἳ
361 2253 390 2290 δ
409 2255 476 2299 ὅπη
497 2254 686 2306 βούλοιντο·
708 2255 809 2298 αὐτὸς
826 2253 907 2292 δὲ’
888 2270 1019 2303 εμεινεν
1041 2255 1096 2291 ἐπι

56 2326 115 2349 του
133 2311 240 2348 τόπου
251 2312 332 2362 ,ἐφ’
353 2314 458 2363 οὕπερ
474 2312 711 2351 κατεκέκλιτο.
731 2312 840 2355 Ωςδ’
857 2311 990 2364 ἡμέρας
1002 2327 1098 2363 γενη-

57 2369 171 2415 θείσης
191 2368 439 2416 ἐξανέστησαν,
460 2371 525 2421 οὐχ
542 2372 617 2422 εὗρε
604 2369 663 2417 ’οη
682 2369 797 2420 μόνος
822 2370 1045 2420 Ζητουμένου
1062 2369 1097 2408 δε

57 2443 117 2466 και
134 2443 202 2464 των
223 2429 362 2464 οἰκετων
395 2428 695 2480 ἀνακρινομένων,
726 2430 786 2467 καὶ
814 2429 1016 2481 φασκόντων
1050 2428 1097 2478 μὴ

58 2487 107 2523 εἷο
94 2485 201 2534 έναι,
225 2488 275 2528 εἱς
292 2500 342 2528 τις
359 2484 422 2537 ἔφη
439 2484 555 2535 μέσων
572 2489 702 2523 νυκτῶν
720 2502 790 2538 (ρων
795 2503 833 2532 ης
850 2486 1099 2547 ὑπερμεγέθους

64 2547 211 2582 ἀκοῦσαι
241 2543 489 2596 προσκαλουμε
491 2560 550 2591 νης
579 2544 798 2594 Ἔμπεδοκλέ
802 2560 844 2590 α,
878 2549 950 2582 εἶτα
979 2545 1098 2588 ἐξανα-

60 2619 190 2641 σταντα
211 2601 402 2655 ἑωρακέναι
419 2618 490 2655 φως
514 2603 687 2654 οὐράνιον,
710 2602 833 2640 ἄλλο
815 2602 850 2640 οὲ
871 2602 993 2652 μηδεν.
1016 2605 1097 2641 Των

61 2661 96 2699 δὲ
115 2660 356 2712 ἐκπλαγέντων
376 2660 539 2711 ἐνομίσθη
556 2663 623 2700 δεῖν
641 2661 729 2699 θύειν
741 2663 835 2699 αὐτῶ
848 2661 1004 2714 καθάπερ
1020 2664 1098 2714 θεῶ.

61 2719 138 2766 Τὴν
159 2720 287 2757 ἄπνουν
305 2720 389 2772 φασὶ
405 2720 556 2758 τοιουτόν
577 2736 610 2758 τι
626 2724 734 2766 εἰναι,
755 2721 800 2763 ὡς
818 2719 1004 2772 τριάκοντα
1018 2722 1102 2769 ἡμε-

65 2794 128 2830 ρων
146 2779 260 2830 τηρεῖν
278 2778 406 2816 ἄπνουν
420 2780 458 2816 τὸ
477 2781 579 2828 σῶμα
598 2794 658 2817 και
676 2778 792 2816 ἄσιτον
816 2777 1100 2830 (1.ἄσφυκτον).

61 2831 174 2879 Οῧτος
193 2839 211 2874 ὁ
229 2837 474 2886 Ἐμπεδοκλῆς
489 2837 619 2880 πολλὰς
638 2839 705 2875 τῶν
721 2837 903 2875 πολιτίδων
920 2836 1103 2889 ἀπροίκους

63 2894 166 2937 οὔσας
186 2894 359 2946 ἐπροίκισε
377 2894 431 2932 διὰ
446 2895 503 2932 τὸν
523 2895 680 2947 παρόντα
700 2897 859 2934 πλοῦτον·
878 2894 929 2933 διὸ
945 2893 1003 2933 καὶ
1021 2910 1103 2948 πορ-

63 2952 173 3004 φύραν
195 2953 342 2990 ἀνέλαὸε
372 2953 431 2991 καὶ
453 2954 610 3006 στρόφιον
638 2953 778 2992 ἐπέθετο
799 2957 969 3006 χρυσοῦν,
995 2952 1045 2991 ἔτι
1062 2969 1099 2992 τε

55 3010 220 3060 δε’μίῗοίδας
251 3012 386 3062 χαλκᾶς
405 3011 465 3049 καὶ
493 3012 632 3062 στέμμα
653 3011 836 3065 Δελφικόν.
869 3011 974 3062 Κόμη
994 3027 1031 3050 τε
1059 3007 1101 3059 ἦν

65 3071 160 3122 αὐτῷ
195 3071 329 3120 βαθεῖα.
362 3069 433 3108 Καὶ
460 3071 579 3112 παῖδες
599 3071 800 3117 ἀκόλουθοι,
831 3069 891 3108 καὶ
916 3068 1017 3113 αὐτὸς
1050 3071 1103 3107 ἀεὶ

66 3127 266 3180 σκυθρωπὸς
283 3128 335 3180 ἐφ’
352 3127 424 3171 ἑνὸς
441 3128 622 3180 σχήματος
639 3123 695 3175 ἦν.
716 3131 880 3172 Τοιοῦτος
896 3127 938 3175 δὴ
958 3127 1102 3180 προῄει,

65 3189 133 3224 τῶν
153 3186 305 3223 πολιτῶν
334 3185 545 3237 ἐντυχόντων
562 3186 622 3224 καὶ
639 3190 739 3224 τοῦτο
760 3185 978 3230 ἀξιωσάντων
1002 3186 1103 3225 οἱονεὶ

65 3244 246 3295 βασιλείας
259 3243 348 3287 τινὸς
363 3244 590 3297 παράσημον.
608 3244 779 3296 ε’Υστερον
804 3243 839 3282 δὲ
859 3244 916 3282 διά
937 3260 1012 3283 τινα
1034 3261 1103 3283 πα-

34 3349 40 3353 .
65 3301 205 3353 νήγυριν
237 3300 464 3353 πορευόμενος
492 3302 543 3354 ἐφ’
576 3300 711 3350 ἁμάξης
736 3304 781 3345 ὡς
815 3303 860 3344 εἷς
887 3302 1101 3350 Μεσσήνην,

66 3359 168 3397 ἔπεσε
181 3388 190 3406 ,
210 3359 270 3396 καὶ
287 3359 344 3397 τὸν
370 3358 480 3412 μηρὸν
499 3359 667 3406 ἐκλάσθη,
689 3359 748 3397 καὶ
763 3359 912 3406 νοσήσας
926 3361 964 3399 ἐκ
983 3360 1102 3399 τούτου

68 3417 306 3465 ἐτελεύτησεν,
325 3416 368 3460 ὥς
383 3433 466 3470 φησι
484 3418 637 3464 Νεάνθης
654 3421 672 3455 ὁ
687 3417 888 3464 Κυζικηνός.

881 221 1124 262 HESYCIJII
1155 222 1346 262 MlLESIl

1152 316 1289 349 scribere
1313 317 1345 349 et
1369 316 1565 358 Chrysippus
1589 316 1814 350 contendebat.
1843 319 1950 359 Atque
1971 319 2042 352 ideo
2066 321 2098 353 et
2128 329 2188 353 sne-

1152 374 1222 414 pius
1247 375 1358 407 eadem
1381 375 1506 416 scriptis
1527 375 1666 416 prodidit
1693 377 1725 408 et
1747 376 1900 417 quicquid
1918 378 1950 409 in
1972 382 2113 410 mentem
2131 387 2190 411 ve-

1150 432 1234 464 niret
1259 434 1357 474 atque
1383 433 1587 466 inemendata
1621 433 1749 475 reliquit
1778 436 1906 475 propter
1937 435 2189 476 festinationem,

1149 491 1261 530 totque
1272 491 1454 523 testimonia
1465 491 1593 532 inserit,
1609 493 1645 524 ut
1658 492 1696 525 iis
1707 493 1783 525 solis
1798 493 1870 525 libri
1885 493 1969 534 pleni
1984 502 2051 526 esse
2063 493 2191 526 videan-

1150 548 1203 579 tur
1227 549 1294 588 (X,
1317 549 1389 589 26).
1412 549 1506 582 Initio
1531 549 1698 582 literarum
1719 551 1878 583 elementa
1899 551 2047 584 docuisse
2069 560 2191 584 memo-

1151 606 1251 646 ratur,
1269 608 1380 647 postea
1391 609 1525 639 nactum
1540 609 1715 640 Democriti
1728 609 1862 650 scripta,
1879 610 2040 643 curriculo
2063 610 2103 642 ad
2119 610 2191 652 phi-

1154 663 1331 704 losophiam
1346 664 1497 698 transisse
1512 677 1520 698 ε
1537 666 1624 698 unde
1639 666 1753 699 Timon
1765 666 1811 699 sic
1827 667 1868 700 de
1883 666 1937 700 illo
1955 677 1964 700 ε

1222 761 1348 790 Ultimus
1362 769 1399 791 ex
1411 762 1541 799 physicis
1553 765 1584 793 et
1598 763 1748 801 pessimu',
1765 764 1813 793 cui
1827 766 1930 794 Samus
1942 765 2040 800 altrix,

1221 808 1424 843 grammaticae
1435 808 1558 844 doctor,
1566 809 1783 846 hominumque
1795 810 1965 840 rudissimu'
1976 811 2064 847 longe
2074 811 2131 847 (x,
2147 812 2192 848 ³).

1153 904 1262 940 Quum
1276 903 1533 944 quattuordecim
1543 904 1610 937 dies
1622 913 1705 945 aeger
1715 905 1926 944 decubuisset,
1933 905 2060 938 labrum
2067 915 2195 938 ameum

1153 958 1246 991 calda
1264 960 1368 992 infusa
1390 961 1602 1001 temperatum
1618 961 1796 1003 ingressus,
1818 963 1896 994 meri
1919 963 2068 1004 poculum
2092 971 2194 1004 popo·

1153 1015 1229 1056 scit,
1248 1016 1437 1059 hausitque,
1457 1020 1489 1052 et
1504 1019 1714 1060 praesentibus
1726 1021 1835 1053 amicis
1853 1021 2026 1062 mandans,
2043 1023 2080 1054 ut
2094 1021 2194 1054 tradi-

1155 1075 1263 1106 torum
1279 1075 1465 1116 dogmatum
1479 1086 1637 1111 memores
1645 1080 1764 1120 essent,
1780 1080 1880 1112 vitam
1892 1080 2008 1114 linivit.
2019 1081 2197 1122 Exstatque

1155 1133 1215 1166 Ιιοο
1228 1134 1260 1166 ἰη
1273 1144 1347 1167 eum
1360 1136 1554 1177 epigramma
1568 1150 1576 1169 ε

1226 1241 1292 1269 Hoc
1304 1241 1434 1270 moriens
1447 1242 1522 1270 caris
1534 1242 1680 1279 Epicurus
1693 1241 1767 1271 dixit
1779 1243 1881 1272 amicis
1893 1251 1904 1271 .-

1262 1289 1414 1324 Dogmatis
1426 1296 1445 1318 ο
1457 1296 1604 1318 memores
1617 1297 1710 1326 usque
1724 1291 1820 1319 valete
1838 1291 1914 1320 mei!

1224 1335 1296 1362 Nam
1309 1334 1436 1363 calidam
1452 1335 1599 1370 ingressus
1615 1336 1724 1372 pelvim
1741 1335 1893 1373 praedulce
1904 1344 2057 1367 meracum

1261 1379 1367 1416 hausit,
1380 1380 1488 1410 deinde
1500 1381 1581 1411 subit
1593 1381 1690 1418 algida
1703 1389 1796 1418 regna
1809 1383 1908 1420 Stygis
1922 1385 1932 1419 (
1945 1386 1983 1420 x,
1997 1384 2032 1412 16
2053 1384 2075 1418 ).

1198 1499 1248 1528 29.
1271 1496 1502 1538 Empedocles.
1518 1500 1642 1530 Acrone
1665 1499 1787 1540 (quasi
1802 1498 1897 1532 dicas
1921 1501 2118 1543 summoue)
2133 1510 2196 1535 me·

1156 1554 1227 1586 dico
1240 1554 1346 1587 locum
1362 1556 1420 1588 sibi
1437 1556 1477 1587 ad
1500 1557 1750 1596 construendum
1764 1559 1932 1598 paternum
1950 1561 2196 1593 monumentum

1155 1622 1175 1644 a
1192 1614 1303 1645 senatu
1322 1615 1520 1656 postulante,
1534 1615 1621 1656 quod
1635 1616 1723 1648 inter.
1730 1616 1870 1648 medicos
1888 1618 1957 1650 arte
1969 1618 2128 1659 praecipue
2141 1627 2197 1651 ex·

1157 1671 1303 1712 celleret‚
1318 1672 1349 1704 in
1363 1673 1504 1705 medium
1522 1674 1661 1710 surrexit
1676 1675 1882 1715 Empedocles
1894 1676 1926 1708 et
1939 1675 2007 1708 fieri
2022 1677 2196 1717 prohibuit,

1157 1733 1254 1772 atque
1279 1732 1360 1764 inter
1381 1734 1486 1764 cetera
1502 1742 1575 1773 quae
1594 1733 1634 1765 de
1658 1734 1841 1774 aequalitate
1856 1734 2021 1776 disseruit,
2046 1735 2090 1767 ita
2105 1735 2196 1768 illum

1158 1799 1267 1831 rogare
1282 1791 1400 1832 coepit:
1420 1805 1434 1819 «
1453 1792 1639 1832 CuJusmodi
1657 1793 1864 1825 inscribemus
1879 1794 2003 1834 elegos?
2019 1802 2097 1826 num
2116 1794 2198 1826 bos?

1227 1882 1418 1912 Summonem
1431 1891 1581 1913 summum
1599 1884 1707 1912 summi
1720 1884 1811 1921 patris
1827 1891 1862 1914 ex
1873 1887 2039 1920 Acragante

1264 1936 1311 1964 hie
1324 1944 1456 1966 summus
1466 1944 1588 1966 summae
1598 1937 1680 1965 collis
1692 1936 1781 1967 babet
1793 1938 1897 1974 patriae
1909 1939 1964 1972 (D.
1974 1940 2053 1975 vm,
2067 1938 2104 1968 65
2113 1939 2135 1976 ).
2143 1950 2160 1966 ιι

1160 2023 1222 2055 lste
1233 2031 1334 2064 quum
1347 2023 1379 2056 in
1395 2023 1575 2064 opinionem
1591 2023 1757 2056 bominum
1773 2024 1949 2066 irrepsisset
1963 2026 2005 2058 ob
2017 2026 2198 2060 restitutam

1158 2084 1233 2116 vitae
1250 2085 1410 2116 mortuam
1426 2084 1592 2117 mulierem
1605 2109 1613 2124 ,
1630 2085 1821 2118 sacrificium
1839 2087 1923 2119 fecit.
1947 2087 2087 2120 Aderant
2103 2088 2199 2122 etiam

1158 2155 1199 2178 ex
1224 2147 1336 2180 amicis
1362 2147 1523 2179 nonnulli.
1541 2149 1677 2180 Peracto
1693 2148 1807 2180 deinde
1831 2149 1996 2190 convivio,
2012 2150 2109 2183 ceteri
2125 2150 2199 2192 qui-

1158 2201 1231 2233 dem
1246 2201 1317 2233 loco
1333 2202 1501 2242 paululum
1518 2201 1648 2242 digressi
1662 2226 1671 2242 ,
1684 2202 1736 2234 alii
1753 2202 1813 2234 sub
1826 2203 1996 2236 arboribus
2011 2204 2200 2245 (adjacebat

1158 2257 1254 2297 ager)
1270 2266 1304 2289 se
1319 2257 1360 2289 ad
1381 2257 1610 2297 quiescendum
1631 2259 1896 2299 composuerunt,
1920 2259 1972 2291 alii
1997 2269 2200 2302 quocumque

1159 2315 1264 2347 visum
1278 2316 1326 2347 est
1339 2314 1372 2346 in
1388 2315 1460 2347 loco
1477 2307 1684 2356 quieverunt,
1697 2316 1764 2357 ipse
1779 2316 1836 2348 ubi
1849 2316 2043 2350 accubuerat
2056 2327 2199 2358 perman-

1159 2373 1209 2404 sit.
1256 2374 1350 2404 Mane
1368 2373 1477 2404 autem
1500 2372 1583 2404 facto
1602 2380 1620 2404 e
1643 2381 1756 2404 somno
1771 2372 1884 2404 excitis
1901 2373 2014 2405 ceteris
2031 2374 2119 2407 solus
2133 2378 2199 2416 ipse

1161 2427 1303 2466 repertus
1316 2435 1379 2457 non
1396 2429 1453 2458 est.
1471 2427 1567 2458 Facta
1577 2426 1684 2457 autem
1694 2425 1834 2465 diligenti
1847 2425 2054 2466 inquisitione
2069 2435 2088 2459 e
2100 2428 2200 2460 servis

1159 2484 1214 2525 qui
1238 2484 1430 2524 rogabantur
1446 2483 1667 2523 negabantque
1691 2491 1726 2514 se
1741 2482 1840 2522 scire,
1858 2491 1942 2514 unus
1957 2483 2048 2514 affuit
2075 2482 2132 2524 qui
2149 2482 2199 2515 di·

1162 2541 1248 2573 ceret
1263 2549 1296 2572 se
1312 2542 1406 2572 nocte
1423 2540 1528 2572 media
1550 2541 1709 2580 ingentem
1725 2538 1891 2571 exaudisse
1913 2547 2023 2571 vocem
2039 2539 2199 2580 Empedo-

1161 2597 1242 2628 clem
1256 2597 1423 2627 vocantem
1434 2619 1442 2633 ‚
1457 2597 1527 2627 tum
1539 2603 1615 2626 vero
1626 2595 1680 2626 ubi
1694 2595 1894 2634 surrexisset,
1905 2594 2067 2626 coelostem
2082 2593 2200 2627 vidisse

1161 2648 1278 2685 lucem,
1295 2647 1374 2678 nihil
1388 2646 1486 2678 aliud.
1503 2646 1653 2678 Attonitis
1669 2645 1713 2678 rei
1726 2645 1881 2676 miraculo
1895 2645 2063 2684 omnibus,
2079 2645 2202 2686 placuit

1161 2698 1206 2729 illi
1220 2699 1257 2730 ut
1269 2697 1328 2729 deo
1343 2706 1410 2729 rem
1426 2697 1567 2728 divinam
1582 2697 1649 2728 lieri
1666 2695 1836 2736 oportere(
1850 2699 1888 2728 D.
1905 2698 1993 2735 Vlll,
2013 2696 2086 2736 67).
2104 2699 2201 2729 Porro

1161 2750 1247 2790 quod
1261 2750 1300 2781 de
1320 2750 1457 2781 exanimi
1471 2749 1607 2780 muliere
1624 2749 1724 2780 fertur
1742 2749 1949 2788 miraculum,
1964 2749 2120 2789 eiusmodi
2133 2758 2202 2782 esse

1163 2801 1344 2842 perbibent,
1362 2802 1399 2832 ut
1419 2801 1471 2832 illa
1488 2801 1616 2840 triginta
1636 2800 1746 2831 diebus
1761 2800 1881 2840 absque
1897 2800 2008 2840 spiritu
2027 2800 2202 2842 pulsusque

1162 2854 1252 2884 motu
1269 2861 1384 2893 corpus
1399 2851 1557 2891 integrum
1576 2851 1812 2883 conservaverit
1829 2851 1917 2890 (V111
1927 2874 1936 2889 ‚
1953 2855 1987 2883 61
2002 2851 2024 2891 ).
2041 2852 2200 2892 Empedo-

1162 2906 1226 2938 cles
1247 2905 1366 2936 multas
1392 2904 1513 2944 puellas
1533 2903 1702 2944 populares
1725 2911 1797 2934 suas
1819 2902 1980 2934 indotatas
2005 2912 2046 2935 ex
2072 2904 2202 2944 privatis

1163 2957 1276 2998 opibus
1313 2956 1388 2987 dote
1425 2954 1632 2995 locupletavit
1666 2966 1674 2985 ε
1702 2954 1871 2994 propterea
1904 2954 2000 2985 etiam
2029 2963 2201 2995 purpuram

1163 3009 1298 3050 sumpsit
1314 3009 1347 3040 et
1358 3016 1456 3039 aureo
1471 3006 1612 3047 strophio
1633 3003 1708 3037 usus
1724 3005 1803 3045 fuit,
1818 3014 1856 3037 ac
1883 3005 2026 3046 crepidas
2041 3015 2142 3039 aereas
2153 3008 2201 3039 in-

1163 3061 1250 3101 duit,
1274 3061 1307 3092 et
1333 3059 1446 3091 vittam
1472 3058 1669 3098 Delphicam.
1690 3057 1832 3097 Capillus
1856 3056 1901 3088 illi
1924 3058 1992 3088 erat
2008 3058 2200 3099 promissus3

1164 3122 1278 3155 pueros
1301 3112 1407 3144 alebat
1431 3111 1585 3150 asseclas,
1610 3109 1676 3150 ipse
1700 3109 1878 3142 severitatis
1896 3118 2021 3150 semper
2043 3110 2155 3151 plenus
2169 3111 2201 3143 in

1165 3175 1227 3198 uno
1249 3164 1425 3204 eodemque
1440 3164 1551 3195 tenore
1564 3161 1808 3203 *perseverabam
1828 3161 1873 3192 sic
1894 3161 1926 3192 in
1942 3161 2108 3202 publicum
2125 3171 2201 3203 pro-

1163 3217 1270 3257 dibat,
1286 3215 1409 3248 civibus
1423 3215 1482 3256 ipsi
1498 3213 1759 3251 occursantibuS,
1776 3214 1872 3253 atque
1889 3213 2125 3246 admirantibus
2140 3214 2202 3247 boc

1163 3270 1317 3309 tanquam
1339 3266 1462 3307 imperii
1491 3265 1658 3306 cujusdam
1683 3264 1813 3304 insigne,
1834 3266 1996 3296 Postremo
2021 3265 2062 3296 ad
2085 3266 2200 3299 festum

1163 3321 1292 3352 solenne
1315 3318 1393 3350 dum
1423 3325 1520 3350 curru
1547 3317 1693 3348 invectus
1717 3317 1892 3347 Messanam
1918 3316 2013 3356 petit,
2041 3312 2202 3357 prolapsus

1164 3380 1238 3403 crus
1248 3370 1414 3411 perfregit,
1428 3368 1514 3400 unde
1528 3368 1692 3400 contracto
1704 3366 1818 3398 morbo
1834 3366 1986 3407 decessit,
1998 3369 2034 3400 ut
2045 3368 2201 3400 Neanthes

1166 3424 1339 3464 Cyzicenus
1352 3422 1449 3455 literis
1461 3419 1657 3462 consignavit
1674 3419 1778 3459 (Vlll,
1796 3421 1834 3451 73
1849 3420 1870 3459 ).
