2372 3704
1006 235 1334 276 FRAGMENTA.
2170 243 2245 276 545

104 327 229 378 μέδας,
254 323 414 380 τυφλῷ”
394 339 468 364 οντι
486 323 554 362 υπὸ
580 338 640 361 του
660 322 798 375 γήρως,
827 322 887 360 και
913 321 1147 374 προεὸάλετο,

103 388 180 425 καθ’
196 383 283 438 ὅπερ
299 378 390 436 εἶχεν
411 382 495 430 ἔθος,
515 383 562 426 εἷς
584 380 744 433 βοήθειαν
761 380 823 427 τὴν
845 378 1000 433 κεφαλὴν
1018 380 1147 432 Γοργό·

102 461 176 489 νος·
195 447 213 484 ὃ
227 443 262 483 δὲ
274 443 326 495 μὴ
344 441 484 496 βλέπων
500 442 564 480 οὐκ
580 440 754 492 ἔ[θανεν]·
773 442 790 479 ὁ
807 438 842 478 δὲ
860 439 1014 492 Περσευς
1029 440 1068 492 [ἀ
1070 454 1149 490 γνο-

102 503 174 555 ῶν]
193 502 235 542 δι’
255 502 297 550 ἣν
317 501 430 540 αἰτίαν
450 499 611 553 ἐξέφυγεν
631 501 759 543 ἐκεῖνος
775 499 832 538 τὸν
845 498 914 537 ἀπὸ
937 501 998 545 τῆς
1014 498 1150 550 Γοργό·

103 577 157 606 νος
172 561 329 609 θάνατον,
344 559 405 599 καὶ
421 559 567 610 νομίσας
585 557 711 609 μηκέτι
728 560 875 610 ἐνεργεῖν
886 556 949 604 τὴν
966 558 1024 595 ὑπ’
1045 558 1149 595 αὐτοῦ

103 620 296 675 φερομένην
324 619 495 674 κεφαλὴν,
526 618 677 672 στρέψας
705 620 752 662 εἰς
781 618 903 657 ἑαυτὸν
932 617 992 656 καὶ
1019 617 1150 664 ταύτην

103 679 267 733 ἑωρακὼς
282 679 458 718 ἐτελεύτα.
517 679 576 731 (20)
594 677 777 717 Βασιλεύει
791 677 865 728 μετ’
883 676 986 715 αὐτὸν
1002 678 1150 729 Περσῶν

103 742 122 777 ὃ
141 738 211 783 υἱὸς
240 740 344 777 αὐτοῦ
363 737 519 790 Μέρρος,
542 736 634 781 ὅστις
655 736 778 775 ἔκαυσε
799 736 861 784 τὴν
882 734 1042 789 μυσαρὰν
1061 735 1152 774 ἐκεί-

105 814 166 846 νην
183 797 338 851 κεφαλὴν
356 800 419 845 τῆς
437 796 620 849 Γοργόνος.

610 893 647 926 7.

157 953 250 989 Exc.
271 951 426 988 Salmas.
444 963 483 1000 p.
504 949 579 986 388
601 963 609 985 z
630 947 792 991 Διόνυσος
808 947 1011 997 πολεμήσας
1029 948 1153 986 Πενθεῖ

104 1011 154 1062 τῷ
173 1007 350 1061 ἐξαδέλφῳ
375 1007 514 1057 δέσμιος
531 1006 624 1058 ἤχθη
640 1022 648 1031 ·
670 1006 798 1057 Ἀγαυὴ
827 1007 863 1044 δὲ
879 1008 902 1053 ἡ
924 1005 1040 1057 μήτηρ
1060 1007 1155 1044 Πεν-

104 1066 190 1110 θέως
218 1067 352 1104 ἔπεισεν
373 1065 495 1109 αὐτοὺς
522 1064 728 1103 σπείσασθαι
751 1064 895 1102 ἐνώπιον
924 1067 984 1102 τοῦ
1005 1063 1153 1103 πάππου

111 1124 272 1175 Κάδμου·
291 1127 309 1163 ὁ
330 1125 366 1163 δὲ
385 1124 547 1166 Διόνυσος
569 1122 764 1162 ἐνετείλατο
777 1124 846 1166 τοῖς
865 1121 1001 1166 οἰκείοις
1021 1123 1154 1161 ἀνελεῖν

108 1181 242 1220 Πενθέα
254 1198 262 1206 ·
277 1182 336 1221 καὶ
357 1181 524 1232 ἔμυθεύθη
539 1183 590 1219 ὅτι
607 1184 628 1227 ἠ
650 1181 777 1230 Ἀγαυὴ
793 1180 850 1219 τὸν
870 1181 993 1219 οἰκεῖον
1011 1181 1151 1219 διεσπά-

106 1238 218 1290 ραξεν,
235 1234 291 1279 οἶα
311 1243 370 1279 τοῦ
391 1241 540 1278 θανάτου
561 1241 666 1277 αὐτοῦ
684 1239 778 1277 αἰτία
795 1238 975 1289 γενομένη.
998 1239 1150 1276 Στασια-

108 1298 240 1336 σάντων
257 1298 293 1337 δὲ
310 1301 378 1337 τῶν
408 1301 558 1338 πολιτῶν
581 1298 635 1336 ἐπὶ
657 1300 706 1352 τῷ
723 1297 860 1348 θανάτῳ
877 1296 1055 1344 Πενθέως,
1073 1297 1150 1336 Διό-

105 1371 203 1401 νυσος
225 1357 288 1408 μὲν
308 1357 539 1405 ἀπελαύνετο,
562 1356 819 1410 προχειρίζεται
838 1355 871 1393 δὲ
890 1358 1098 1408 Λυκοῦργος.

158 1418 307 1460 Tzetzes
326 1420 424 1454 Hist.
441 1420 512 1463 Vl,
533 1418 598 1463 61,
619 1417 688 1453 581
715 1429 724 1455 t

188 1502 226 1534 ‘O
239 1501 267 1534 δ’
281 1502 424 1541 Ἰωάννης
436 1503 577 1544 χρονικὸς
590 1503 766 1543 ἀλληγορων
779 1512 841 1533 που
853 1501 946 1541 λέγει

188 1550 318 1586 Πενθεύς
330 1561 363 1581 τε
376 1551 429 1581 καὶ
446 1551 463 1580 ὁ
475 1550 641 1586 Λάὸδακος
651 1573 659 1588 ,
674 1550 789 1603 μᾶλλον
805 1549 836 1579 δὲ
853 1548 981 1584 Πενθεὺς
995 1549 1099 1589 πλέον,

187 1596 388 1637 ἀνῃρημένων
401 1600 463 1628 τῶν
480 1596 623 1628 λοιπῶν
611 1596 746 1637 εγγόνων
759 1598 821 1627 τῶν
837 1606 893 1627 του
907 1595 1036 1637 Κάδμου
1047 1619 1058 1636 ,

190 1654 246 1676 του
260 1644 314 1684 μὲν
327 1643 510 1680 Ἀκταίωνος
527 1643 622 1675 αὐτοῦ
635 1644 698 1675 ὑπὸ
715 1646 815 1674 κυνῶν
829 1642 928 1681 ἰδίων,

188 1690 333 1731 Δεάρχου
348 1691 537 1732 Μελικέρτου
551 1690 584 1721 δὲ
600 1691 686 1727 παρὰ
699 1691 813 1731 πατρὸς
828 1690 941 1731 μητρός
956 1701 988 1722 τε
999 1715 1010 1730 ,

186 1738 270 1778 εἶχεν
285 1737 575 1778 ἐλπίδακατασχεῖν
587 1738 626 1769 τὰ
640 1741 784 1778 σκῆπτρα
796 1738 849 1768 καὶ
865 1738 934 1773 τοὺς
950 1738 1085 1778 θρόνους.

190 1785 242 1821 Ὡς
257 1785 284 1816 δ’
298 1785 415 1823 ἤκουσε
429 1785 579 1816 Διόνυσον
597 1785 722 1824 ἔγγονον
735 1785 823 1815 νόθον
841 1784 970 1824 Κάδμου

189 1832 412 1864 ἀντιποιεῖσθαι
425 1835 479 1870 τῆς
492 1832 587 1873 ἀρχῆς
600 1856 608 1871 ,
621 1832 729 1871 δεσμεῖ
740 1832 897 1871 κρατήσας
909 1834 1030 1863 τοῦτον.

190 1879 297 1916 Λύσας
309 1880 405 1915 λιταῖς
419 1879 451 1910 δὲ
467 1883 519 1917 τῆς
535 1879 646 1919 μητρὸς
660 1879 811 1910 κτείνεται
830 1879 929 1914 δόλοις
943 1879 1066 1911 τούτου.

190 1925 304 1968 Διόπερ
316 1926 412 1967 μῦθον
427 1924 578 1966 ἔπλασαν,
591 1925 626 1958 ἐκ
637 1928 691 1964 τῆς
708 1925 822 1967 μητρὸς
833 1926 1009 1964 κτανθῆναι.

615 1996 652 2035 8.

161 2068 259 2107 Cod.
284 2069 402 2106 Paris.
437 2067 536 2103 1630
557 2080 565 2102 :
590 2063 691 2104 Μετὰ
712 2064 747 2103 δὲ
778 2065 923 2115 Κάδμον
953 2064 1156 2105 ἐδασίλευσε

107 2129 169 2173 τῆς
183 2125 350 2168 Βοιωτίας
362 2123 534 2173 Νυκτεὺς,
550 2118 588 2162 οὗ
602 2123 756 2177 θυγάτηρ
770 2124 958 2171 Καλλιόπη
975 2126 1014 2162 ἐκ
1032 2125 1157 2174 μίξεως

107 2183 280 2223 Θεοὸοίου
308 2185 420 2230 Ζῆθον
440 2182 500 2221 καὶ
528 2182 696 2235 Ἀμφίονα
720 2182 847 2230 ἔτεκεν,
868 2182 900 2221 οἳ
921 2182 1072 2236 ῥιφέντες
1098 2184 1158 2222 καὶ

109 2242 197 2294 παρ’
217 2241 381 2294 ἀγροίκου
413 2240 648 2294 ἀνατραφένετ
635 2257 666 2285 ,ς
694 2245 861 2293 κρατοῦι
879 2258 940 2288 της
972 2242 1157 2290 Βοιωτίας,

110 2300 367 2361 ἐπαναστάντες
409 2302 458 2352 τῶ
492 2302 647 2349 Νυκτεῖ,
679 2299 738 2337 καὶ
771 2299 924 2345 κτίζουσι
961 2300 1061 2338 πόλιν
1096 2301 1157 2347 τὴν

113 2358 232 2410 πρώην
256 2362 362 2398 οὖσαν
384 2358 509 2408 κώμην
526 2358 585 2396 καὶ
608 2330 828 2408 καλουμένην
851 2357 1071 2430 Ἐγχέλειαν,
1099 2375 1159 2397 και

110 2416 298 2467 ὠνόμασαν
314 2417 421 2463 αὐτὴν
447 2416 572 2463 Θήὸας
589 2418 635 2460 εἷς
655 2415 766 2467 ὄνομα
792 2420 850 2454 τοῦ
876 2417 1006 2469 πατρὸς
1027 2419 1155 2457 αὐτῶν.

111 2476 152 2525 (2)
181 2475 324 2514 Τούτων
342 2475 510 2527 ἀπόγονος
530 2476 637 2518 Λάϊος
649 2506 659 2525 ,
677 2475 735 2528 ἀφ’
749 2469 787 2512 οῖ’)
805 2474 972 2518 Οἰδίπους
988 2475 1160 2526 γεννηθεὶς

110 2532 244 2581 ἐξετέθη
271 2533 363 2586 ξύλῳ
387 2534 465 2577 τοὺς
492 2534 600 2577 πόδας
619 2533 889 2583 περικλεισθεὶς,
911 2534 969 2571 καὶ
996 2534 1161 2577 Οἰδίπους

109 2592 297 2641 ὠνομάσθη
312 2593 398 2630 διότι
414 2591 642 2643 ὠγκωμένους
656 2586 727 2640 εἶχε
751 2590 824 2635 τοὺς
845 2594 962 2634 πόδας.
984 2592 1107 2643 Γέγονε
1124 2593 1160 2630 δὲ

1209 322 1361 373 ἀνδρεῖος
1381 320 1440 360 καὶ
1457 320 1518 367 τὴν
1533 321 1652 373 χώραν
1673 321 1847 372 ἐλῄστευε.
1906 324 1994 361 Καθ’
2011 322 2047 361 ὃν
2065 323 2105 370 δὴ
2124 322 2247 376 χρόνον

1209 381 1269 419 καὶ
1285 383 1307 427 ἡ
1321 380 1493 432 λεγομένη
1514 379 1625 432 Σφὶγξ
1641 380 1768 432 ἐφάνη,
1784 379 1868 430 γυνὴ
1885 381 2039 428 δυσειδὴς
2055 382 2113 420 καὶ
2127 381 2249 434 θηριώ-

1211 440 1271 486 δης
1289 438 1351 485 τὴν
1369 439 1482 491 φύσιν,
1502 437 1577 485 ἥτις
1594 438 1850 490 [ἀποὸαλοῧσα
1865 439 1880 489 ]
1893 438 1950 477 τὸν
1968 440 2096 491 ἄνδρα,
2114 440 2173 478 καὶ
2183 442 2249 492 λῃ-

1210 497 1352 549 στρικὴν
1374 513 1460 535 συνα
1462 500 1619 548 γαγοῧσα
1650 497 1752 548 χεῖρα
1778 496 1837 533 καὶ
1868 497 1970 535 τόπον
2000 498 2249 537 καταλαὸοῧσα

1210 553 1381 592 δύσὲατον
1394 570 1472 597 τους
1487 553 1749 607 [παριόντας]’
1735 553 1870 601 εφόνευε
1885 554 1944 591 καὶ
1959 554 2019 598 τὰς
2038 555 2163 600 Θήὸας
2182 572 2249 593 των

1211 612 1409 663 ἀναγκαίων
1431 611 1580 651 ἐστένου.
1643 613 1686 663 (3)
1717 611 1761 651 Ὁ
1781 614 1838 649 οὖν
1855 612 2035 655 Οἰδίπους
2061 614 2250 652 δεινότατον

1212 671 1275 722 [τι]
1299 670 1637 723 βουλευσάμενος[ές
1653 670 1691 708 τὸ
1711 671 1862 722 ἀναιρεῖν
1880 670 1940 716 τὴν
1959 670 2115 722 Σφίγγα,
2130 670 2252 709 ἔλαὸεν

1211 730 1251 767 ἔκ
1270 732 1328 767 τοῦ
1340 729 1526 779 ’κτήματος
1545 728 1630 767 ὅπου
1655 728 1830 780 ἀνετράφη
1862 727 2040 781 ἀγροίκους
2061 729 2253 780 γενναίους,

1210 786 1506 839 προσποιούμενος
1517 786 1649 838 θέλειν]
1666 785 1786 824 ἑαυτὸν
1798 785 1872 836 μετ’
1885 788 1990 832 αὐτῆς
2002 786 2181 839 λῃστεύειν
2194 788 2253 825 καὶ

1212 845 1426 897 ἐπιτηρήσας
1439 845 1558 898 καιρὸν
1573 845 1684 898 λόγχῃ
1703 845 1892 897 ἀναιρεῖται
1908 845 2050 892 ταύτην,
2066 845 2124 884 καὶ
2145 847 2255 898 προά-

1211 919 1263 956 γει
1275 906 1322 947 εἷς
1331 903 1394 951 τὴν
1405 905 1519 942 πόλιν.
1535 906 1581 943 Οἱ
1593 905 1627 942 δὲ
1639 903 1793 951 Θηὸαἴοι
1805 903 2045 954 θαυμάσαντες
2061 904 2255 942 ἀναὸοῶσιν

1213 962 1315 1001 αὐτὸν
1345 962 1503 1015 βασιλέα.
1561 963 1602 1015 (4)
1631 961 1761 1014 Μάχης
1781 963 1817 1000 δε
1837 961 2020 1013 γενομένης
2042 963 2149 1005 Λάϊος
2170 963 2256 1015 λίθῳ

1212 1021 1276 1069 τὴν
1301 1021 1455 1075 κεφαλὴν
1477 1022 1612 1074 βληθεὶς
1633 1023 1848 1073 ἀναιρεῖται·
1877 1022 2039 1066 Ἰοκάστη
2062 1021 2097 1060 δὲ
2127 1022 2256 1075 φοὸου-

1215 1080 1302 1131 μένη
1328 1083 1388 1127 τῆς
1423 1081 1601 1132 βασιλείας
1625 1081 1782 1118 ἐκπεσεῖν
1803 1081 1879 1132 ἄγει
1898 1081 1954 1119 τὸν
1984 1081 2173 1128 Οἰδίποδα,
2197 1081 2257 1119 καὶ

1212 1141 1405 1190 χειροτονεῖ
1418 1139 1578 1190 βασιλέα.
1597 1139 1670 1178 Καὶ
1687 1139 1868 1190 θεραπεύει
1880 1137 1918 1177 τὸ
1931 1141 2071 1186 πλῆθος,
2082 1138 2141 1176 καὶ
2157 1142 2258 1190 βασι·

1214 1196 1305 1234 λεύει
1320 1195 1462 1249 χρόνους
1478 1197 1533 1245 ιθ’,
1547 1196 1611 1234 καὶ
1627 1196 1735 1234 τίκτει
1753 1198 1827 1246 μετ’
1845 1197 2025 1244 Ἰοκάστης
2041 1213 2132 1240 υιους
2150 1197 2182 1245 β’
2197 1212 2257 1235 και

1213 1254 1402 1307 θυγατέρας
1429 1255 1475 1307 β’
1535 1254 1574 1305 (5)
1600 1254 1701 1293 Μετὰ
1732 1255 1770 1292 δέ
1787 1270 1863 1292 τινα
1886 1255 2008 1306 χρόνον
2035 1254 2259 1306 ἐρωτησάσης

1213 1310 1397 1359 Ἰοκάστης
1416 1312 1495 1364 περὶ
1515 1315 1583 1350 τῶν
1604 1311 1733 1362 γονέων
1754 1314 1878 1359 αὐτοῦ,
1900 1317 1973 1351 εἰπε
1995 1312 2203 1375 Μελίῧοιονη
2201 1312 2258 1350 τὸν

1214 1370 1445 1442 θρεψάμενρν
1461 1372 1514 1417 ἡ
1496 1371 1531 1408 οὲ
1549 1370 1793 1421 μετεστείλατο
1808 1370 1922 1408 αὐτον·
1940 1371 1999 1409 καὶ
2017 1375 2091 1409 εἰπε
2108 1371 2156 1422 μὴ
2172 1365 2259 1408 εἰναι

1213 1428 1334 1466 τούτου
1355 1428 1440 1502 υἱὸν,
1470 1431 1548 1467 ἀλλ’
1570 1431 1604 1467 ἐν
1622 1432 1664 1480 τῇ
1682 1429 1749 1481 ὕλη
1773 1432 1902 1481 εὑρεῖν·
1921 1430 1979 1467 καὶ
2001 1434 2158 1479 μαθοῦσα
2175 1430 2259 1481 χρό-

1213 1502 1269 1524 νον
1295 1481 1389 1540 ευρεν
1415 1486 1469 1526 ὅτι
1489 1487 1558 1530 υἱὸς
1589 1488 1695 1535 αὐτῆς
1714 1490 1871 1539 ὑπηρχε,
1889 1487 1949 1525 καὶ
1978 1492 2051 1526 εἰπε
2072 1504 2121 1540 τῳ
2155 1487 2259 1528 Οἰδί-

1214 1546 1305 1583 ποδι.
1361 1545 1406 1584 ‘O
1427 1545 1461 1583 δὲ
1495 1545 1646 1587 ἀκούσας
1679 1545 1802 1583 ἔλαὸεν
1834 1545 1937 1592 ἥλους
1956 1561 2016 1583 και
2045 1545 2156 1592 πήξας
2182 1561 2260 1587 τους

1214 1603 1410 1658 ὀφθαλμοὺς
1425 1604 1593 1643 ἀπέθανεν
1615 1603 1690 1653 ἅμα
1710 1603 1817 1657 μητρὶ
1832 1604 2008 1656 Ἰοκάστῃ.

1498 1695 1665 1734 ΛΟΓΟΣ
1694 1694 1976 1733 ΔΕΥΤΕΡΟΣ.

1271 1787 1298 1814 1.
1331 1773 1477 1821 Ἐπειδὴ
1494 1773 1528 1812 δὲ
1548 1774 1735 1826 ἀναγκαῖον
1753 1775 1862 1812 εἰπεῖν
1879 1772 1971 1817 ὅπως
1990 1775 2020 1811 οἳ
2037 1771 2114 1826 τότε
2131 1772 2258 1825 ἄνθρω-

1215 1848 1276 1871 ποι
1294 1831 1484 1871 πολυθεΐαν
1506 1832 1691 1884 ἐτίμησαν,
1710 1832 1849 1871 λεκτέον
1865 1833 1950 1883 ἡμῖν
1968 1834 2120 1870 ἐντεῦθεν
2149 1834 2260 1884 ἀρχο-

1217 1891 1346 1942 μένοις.
1364 1892 1501 1945 Σερούχ
1511 1908 1561 1936 τις
1573 1894 1611 1931 ἐκ
1625 1895 1686 1938 τῆς
1698 1895 1759 1930 τοῦ
1775 1891 1889 1944 Ἰάφεθ
1906 1892 2016 1943 φυλῆς
2026 1890 2260 1941 καταγόμενος

1219 1949 1333 2001 δόγμα
1352 1950 1534 2003 παρέδωκε
1561 1953 1727 1999 τιμᾶσθαι
1753 1949 1830 1992 τοὺς
1849 1949 1959 1987 πάλαι
1987 1948 2260 1995 τελευτήσαντας

1218 2009 1278 2047 καὶ
1297 2009 1568 2062 ἀριστεύσαντας
1587 2009 1712 2061 ἄνδρας
1727 2006 1748 2054 ἢ
1768 2008 1823 2046 διὰ
1838 2008 1975 2046 εἰκόνων
1990 2007 2012 2053 ἢ
2031 2006 2086 2045 διὰ
2101 2007 2259 2059 ἀνδριάν-

1216 2082 1300 2118 των,
1315 2066 1374 2106 καὶ
1387 2067 1524 2111 τούτους
1537 2070 1803 2120 προσκυνεῖσθαι
1816 2069 1894 2104 κατ’
1908 2066 1981 2110 ἔτος
1996 2069 2041 2109 ὡς
2054 2065 2102 2103 ἔτι
2120 2067 2260 2113 ζῶντας,

1216 2125 1276 2163 καὶ
1297 2125 1438 2176 μνήμας
1454 2127 1567 2163 αὐτῶν
1584 2127 1733 2163 ἐκτελεῖν
1750 2124 1809 2162 καὶ
1826 2126 1859 2162 ἐν
1877 2130 1952 2168 ταῖς
1969 2125 2157 2175 ἱερατικαῖς
2174 2126 2259 2161 ἀνα-

1217 2183 1411 2236 γράφεσθαι
1431 2183 1581 2235 βίὸλοις,
1598 2183 1658 2222 καὶ
1679 2182 1771 2226 θεοὺς
1790 2181 1910 2226 αὐτοὺς
1933 2182 2113 2232 ὀνομάζειν
2138 2184 2184 2225 ὡς
2204 2183 2260 2219 εὐ-

1218 2242 1373 2314 εργέτας.
1388 2243 1418 2289 ['
1424 2245 1590 2281 Εντεῧθεν
1603 2241 1749 2293 εἰσήχθη
1759 2244 1781 2287 ἡ
1794 2238 1960 2278 πολυθεία
1971 2240 2030 2278 καὶ
2042 2242 2064 2286 ἡ
2077 2241 2262 2277 εἰδωλολα-

1217 2301 1309 2353 τρία.
1318 2306 1330 2348 ]
1352 2296 1464 2340 Τοῦτο
1481 2300 1516 2338 δὲ
1533 2299 1678 2351 διέμεινε
1696 2301 1778 2352 παρ’
1798 2301 1911 2343 αὐτοῖς
1922 2299 2029 2370 μέχρι
2042 2301 2110 2336 τῶν
2128 2297 2261 2350 χρόνων

1219 2359 1345 2412 Θάρρα
1368 2363 1429 2398 τοῦ
1449 2359 1580 2413 πατρὸς
1603 2358 1776 2411 Ἀδραάμ.
1802 2361 1867 2397 Ην
1893 2358 1959 2431 γὰρ
1983 2357 2263 2408 ἀγαλματοποιὸς

1219 2418 1317 2457 καῖ’
1299 2417 1367 2456 απὸ
1387 2418 1558 2470 διαφόρων
1578 2419 1667 2456 ὒλων
1686 2420 1730 2468 τῇ
1750 2416 1848 2455 πόλει
1877 2416 2010 2459 εἰκόνας
2035 2414 2262 2469 ἐργαζόμενος

1219 2477 1279 2515 καὶ
1296 2476 1407 2529 λέγων
1427 2476 1565 2519 τούτους
1582 2480 1669 2514 εἶναι
1689 2474 1782 2519 θεους
1809 2474 1869 2513 καὶ
1892 2475 2040 2527 ὀφείλειν
2056 2479 2262 2525 προσκυνεῖ-

1220 2537 1336 2573 σθαι
1319 2552 1364 2578 ως
1390 2535 1518 2579 αἰτίους
1545 2551 1613 2573 των
1640 2536 1792 2585 ἀγαθῶν.
1815 2533 1994 2572 Ἐντεῦθεν
2019 2531 2055 2569 δὲ
2081 2530 2262 2583 διέδραμεν

1221 2597 1243 2640 ἢ
1263 2593 1406 2640 τοιαύτη
1432 2593 1512 2638 δόξα
1534 2594 1580 2635 εἷς
1607 2596 1650 2631 τὰ
1671 2594 1819 2631 πλεῖστα
1839 2594 1907 2629 τῶν
1938 2590 2126 2644 ἀνθρώπων
2155 2589 2255 2640 γένη,

111 2723 153 2730 —-
169 2702 188 2743 ὃ
206 2708 257 2736 20-
286 2703 455 2745 Μέρρος]
480 2704 579 2745 Μέρος
605 2704 683 2736 Chr.
714 2704 825 2736 Pasch.
851 2712 882 2744 p.
910 2708 968 2744 73,
989 2709 1049 2745 22;
1078 2705 1187 2746 Μέρως
1206 2705 1344 2740 cedren.
1370 2715 1401 2746 p.
1423 2708 1482 2746 42,
1507 2709 1533 2738 l.
1554 2705 1645 2746 Apud
1670 2704 1817 2737 Maialam
1837 2712 1954 2735 nomen
1973 2702 2034 2734 hoc
2055 2711 2118 2734 non
2135 2701 2261 2741 legitur,

154 2752 207 2782 Fr.
228 2753 258 2782 7.
282 2750 364 2781 Vide
379 2751 528 2781 Malalam
547 2759 579 2790 p.
601 2752 639 2782 42
657 2759 730 2790 sq.;
751 2749 886 2782 Cedren.
905 2759 934 2791 p.
953 2753 1005 2782 43.

151 2798 206 2829 Fr.
225 2800 255 2828 8.
277 2797 493 2838 Θεοὸοίου]
519 2797 564 2828 sic
583 2797 680 2828 etiam
697 2797 860 2829 cedrenus
874 2805 904 2837 p.
922 2799 958 2828 44
972 2821 982 2836 ‚
1005 2800 1014 2828 1
1043 2797 1054 2837 ζ
1066 2797 1211 2834 Θεόὸοιος
1230 2799 1247 2830 ὁ
1262 2798 1325 2835 υἱὸς
1342 2798 1502 2838 Βράτωνος
1515 2798 1545 2837 );
1564 2798 1699 2831 Θεόὸοον
1715 2798 1781 2829 υἱὸν
1798 2796 1960 2838 γενόμενον
1975 2794 2150 2837 Βρόντωνός
2167 2805 2260 2835 τινος,

111 2843 272 2884 ἐξαδέλφου
287 2847 340 2882 τῆς
354 2843 466 2884 Δίρκης
477 2868 485 2884 ,
501 2844 616 2875 Μ31313
632 2852 663 2884 p.
683 2846 742 2882 45,
763 2846 812 2875 17.
825 2846 1008 2876 Secundum
1022 2846 1170 2876 Tzetzem
1182 2844 1263 2876 nist.
1276 2846 1288 2875 l
1301 2869 1309 2884 ,
1325 2847 1385 2877 418
1399 2849 1430 2877 et
1447 2847 1542 2885 Exeg.
1558 2845 1588 2876 in
1603 2845 1639 2876 ΙΙ.
1660 2853 1689 2883 p.
1709 2847 1765 2876 132
1777 2843 1993 2875 Antiochenus
2007 2841 2216 2881 Amphionem
2230 2844 2263 2873 et

91 2891 225 2922 'Zetum
238 2890 318 2922 filios
332 2891 530 2927 Θεοὸόωντος
543 2891 622 2922 dixit
638 2900 645 2922 :
659 2891 747 2922 Κατὰ
760 2891 787 2922 δ’
801 2892 919 2932 ἑτέρους
933 2892 1093 2932 χρονικοὺς
1106 2892 1159 2922 καὶ
1173 2892 1225 2922 τὸν
1246 2892 1272 2923 Ἀ
1281 2903 1335 2923 ντι
1346 2893 1413 2933 οχέ
1421 2904 1440 2923 α
1453 2894 1515 2923 υἱοὶ
1530 2895 1585 2923 τοῦ
1600 2891 1808 2926 Θεοὸόωντος.
1824 2910 1864 2918 -
1878 2888 2077 2930 Ἐγχέλειαν]
2095 2888 2261 2919 Εὐθαλείαν

111 2936 182 2968 cod.
189 2937 409 2978 ,Ἐγχιλίαν
424 2938 528 2969 Μ3Ι3Ι.
546 2946 578 2978 p.
598 2940 657 2977 49,
671 2942 708 2976 6,
730 2938 784 2969 ubi
798 2940 882 2970 reete
898 2939 1007 2978 procul
1023 2938 1122 2970 dubio
1135 2940 1170 2970 L.
1186 2938 1368 2970 Dindorfius
1386 2948 1393 2969 :
1412 2951 1427 2965 «
1445 2938 1610 2978 Scripsisse
1624 2938 1764 2977 videtur,
1782 2938 1843 2976 ait,
1856 2936 2046 2978 Ἐγχέλειαν.
2065 2936 2146 2967 Nota
2158 2935 2261 2965 estfa-

112 2982 187 3014 bula
198 2983 238 3015 de
250 2983 363 3015 Cadmi
379 2985 410 3015 et
424 2984 606 3015 Harmoniae
622 2983 661 3015 ad
675 2961 827 3025 Ἐγχελεῖς
838 3009 846 3024 ,
859 2986 986 3025 gentem
1002 2985 1176 3025 {llyricam‚
1187 2993 1322 3017 secessu.
1340 2985 1431 3017 Unde
1444 2986 1575 3016 sortasse
1587 2984 1812 3024 expiicandum
1834 2984 1894 3015 hoc
1907 2984 1947 3015 de
1961 2984 2063 3024 primo
2080 2981 2261 3013 Thebarum

111 3030 241 3062 nomine
256 3032 523 3063 commentum.»
537 3032 587 3064 cf.
609 3034 648 3064 R.
665 3034 782 3072 Unger.
807 3033 951 3065 T.1=eban
979 3033 1091 3065 Parad.
1118 3043 1148 3073 p.
1172 3036 1223 3064 20.
1248 3050 1287 3054 —
1315 3031 1508 3067 Οἰδίπους
1527 3042 1626 3070 γενν.
1640 3030 1651 3071 ]
1674 3031 1806 3066 Ἰώκκας
1834 3029 1905 3069 (vel
1933 3029 2092 3063 Ἰόκαστος
2102 3050 2111 3066 ,
2137 3028 2173 3058 ut
2194 3035 2257 3058 em.

111 3077 265 3110 Vaflcken.
274 3077 286 3117 )
305 3086 380 3109 cum
400 3078 516 3110 Malala
537 3086 568 3118 p.
591 3083 649 3118 50,
669 3081 682 3110 ι
701 3079 872 3111 dicendum
889 3082 969 3111 erat.
989 3081 1100 3111 Postea
1112 3079 1243 3111 demum
1259 3077 1369 3117 OEdipi
1386 3086 1504 3108 nomen
1519 3078 1653 3117 aceepit.
1670 3096 1711 3103 -
1727 3076 1745 3118 §
1762 3077 1935 3109 3.1nclusa
1951 3076 1983 3107 h
2018 3099 2049 3115 ‚
2074 3076 2109 3105 ut
2125 3072 2258 3113 passim,

113 3123 238 3156 Malalae
257 3125 290 3155 et
302 3124 438 3156 cedreni
451 3134 511 3165 ope
527 3125 680 3157 resarcire
696 3126 815 3157 studui.
833 3128 1039 3166 Quamquam
1053 3125 1197 3156 hocloco
1211 3125 1312 3156 codex
1332 3125 1458 3155 nonnisi
1473 3125 1567 3155 unius
1581 3124 1729 3156 vocabuli
1744 3124 1885 3164 spatium
1900 3131 2038 3155 vacuum
2052 3120 2158 3152 habet.

153 3170 255 3202 Liber
270 3170 475 3211 secundus§
495 3176 522 3203 1.
538 3172 689 3213 Σερούχ
707 3183 764 3208 τις
780 3173 861 3204 κτλ.
873 3172 1020 3213 ]Eadem
1034 3172 1130 3204 habet
1153 3172 1266 3205 Suidas
1288 3181 1319 3203 v.
1335 3171 1451 3212 Σερούχ
1474 3173 1506 3202 in
1522 3172 1615 3210 gloss.
1634 3170 1785 3204 secunda.
1812 3171 1942 3203 Brevius
1969 3171 2036 3201 haec
2056 3169 2203 3207 leguntur
2227 3165 2260 3197 in

114 3218 191 3248 Exc.
211 3219 258 3248 De
272 3216 348 3250 virt.
358 3226 434 3258 ,ap.
451 3218 583 3250 suidam
600 3228 632 3250 v,
648 3219 763 3260 Σερουγ
784 3219 817 3251 in
833 3220 934 3259 prima
948 3220 1062 3259 gloss.;
1077 3219 1153 3250 item
1170 3220 1202 3250 in
1219 3222 1295 3251 Exc.
1312 3218 1466 3256 Salmas,
1484 3218 1537 3248 ubi
1560 3218 1633 3250 sic.
1657 3218 1776 3259 Σερουχ
1791 3229 1835 3253 τις
1849 3218 1884 3249 ἐκ
1897 3221 1950 3254 τῆς
1966 3216 2064 3256 Ἰάφεθ
2078 3214 2169 3254 φυλῆς
2190 3212 2260 3243 ἔνο·

115 3264 299 3303 μοθέτησεν,
317 3265 358 3300 ὡς
372 3264 418 3296 δεῖ
429 3265 499 3301 τοὺς
514 3265 754 3306 ἀριστεύσαντας
774 3266 885 3307 ἄνδρας
900 3268 954 3298 καὶ
972 3266 1181 3302 ἀποθανόντας
1200 3266 1238 3296 δι’
1256 3265 1383 3296 εἰκόνων
1399 3241 1547 3304 τιμάσθαι
1561 3266 1613 3296 καὶ
1628 3265 1865 3305 προσκυνεῖσθαι
1887 3263 1956 3294 κατ’
1973 3263 2048 3298 ἔτος.
2074 3261 2180 3291 Ἔνθεν
2201 3258 2252 3298 γε’-

113 3319 200 3349 γονεν
216 3311 236 3348 ἡ
251 3310 416 3350 πολυθεΐα,
439 3312 492 3342 καὶ
509 3312 720 3353 κατεκράτησε
738 3313 826 3353 μέχρι
844 3312 971 3353 Θάρρα,
988 3315 1044 3343 τοῦ
1061 3312 1176 3352 πατρὸς
1197 3311 1349 3367 Ἂὸραάμ·
1373 3310 1462 3346 οὗτος
1483 3311 1543 3352 γὰρ
1568 3311 1820 3351 ἀγαλματοποιὸς
1842 3310 1890 3349 ἦν.
1911 3308 2053 3340 Μάλιστα
2078 3306 2110 3337 δὲ
2128 3305 2257 3345 μετέσχε

113 3355 226 3392 ταύτης
241 3357 261 3393 ἡ
274 3356 381 3393 Ελὶὰς
391 3380 400 3396 ,
414 3358 576 3397 τιμήσασα
589 3354 726 3396 Ἕλληνα
737 3359 789 3390 τὸν
805 3358 936 3399 γίγαντα
953 3359 1006 3390 τὸν
1021 3362 1074 3396 τῆς
1089 3358 1291 3399 πυργοποιίας
1311 3358 1458 3399 ἄρξαντα·
1477 3358 1515 3388 δι’
1532 3358 1568 3395 ἣν
1583 3359 1783 3398 μερισθεισῶν
1799 3360 1861 3388 τῶν
1875 3357 2044 3395 γλωσσῶν,
2061 3355 2090 3384 οἱ
2103 3352 2256 3391 ἄνθρωποι

116 3402 245 3442 μέροπες
261 3402 444 3440 ἐκλήθησαν.
465 3405 614 3436 ceterum
630 3404 821 3437 cf.Ma1a1as
834 3413 865 3445 p.
884 3410 940 3445 53;
955 3405 1090 3438 cedren.
1112 3413 1142 3445 p
1158 3407 1215 3444 813
1240 3405 1314 3437 Chr.
1331 3404 1441 3436 pasch
1459 3412 1488 3445 p.
1506 3406 1555 3436 97.
1572 3423 1612 3431 -
1626 3404 1803 3436 ἐντεῦθεν
1834 3403 2035 3442 εἰσήχθη...
2051 3397 2210 3431 εἰδωλο)
2218 3407 2255 3426 α-

115 3448 223 3489 τρία]
238 3448 346 3481 addidi
358 3458 377 3481 e
388 3449 496 3482 suida.
508 3470 549 3478 ·-
562 3454 636 3482 τῶν
659 3450 892 3492 ἀνθρώπων]
909 3455 970 3483 τῶν
985 3452 1078 3483 ἐθνῶν
1091 3451 1215 3485 suidas.

257 3512 444 3536 ιιιυιοιιειντιι
466 3514 593 3538 ιιιετοιι.
615 3515 669 3538 uu.
691 3523 725 3530 ——
744 3515 817 3539 νοι..
840 3516 885 3547 ιν.
1033 3535 1036 3537 .
1630 3515 1634 3518 ⁴
2086 3504 2119 3529 ³⁵
