2372 3704
105 251 179 282 350

950 243 1120 282 1310le
1149 243 1402 294 SOLENSIS,

96 329 284 377 συντελεῖν,
303 327 391 366 ὥστε
409 328 557 373 καὶτοὺς
572 328 682 374 ξένους
701 329 856 374 ἅπαντας
870 330 927 368 ἐπὶ
941 329 1002 377 τὴν
1020 330 1133 377 θοίνην
1198 330 1328 369 Τελέου
1349 331 1386 369 δὲ
1408 331 1590 385 θυγατρός·
1611 327 1650 379 ἧς
1673 332 1732 371 καὶ
1754 332 1929 385 Περικλέα
1953 333 2011 371 τὸν
2034 333 2232 384 Ὀλύμπιον

95 386 406 437 παραλαμὸάνειν,
437 387 497 425 καὶ
523 388 601 432 τοὺς
629 389 810 439 δεσμώτας
837 389 946 436 λύειν,
975 389 1034 428 καὶ
1059 389 1136 432 τοὺς
1199 390 1283 441 ἐρᾶν
1307 405 1391 442 φησι
1405 391 1644 438 Τηλεκλείδης
1664 393 1698 429 ἓν
1721 390 1906 435 Ἡσιόδοις.

95 443 230 487 οἰκέτας
249 445 525 489 κατακλίναντας
545 445 633 496 μετὰ
654 446 768 494 πάσης
787 448 985 500 παρρησίας
1004 450 1134 494 ἑστιᾶν,

95 502 343 541 διακονούντων
372 505 488 548 αὐτοῖς
514 507 583 542 τῶν
615 506 808 543 δεσποτῶν·
832 505 892 543 καὶ
920 506 959 544 τὸ
992 505 1133 545 σύνολον

95 559 221 618 ἔτιῃκαὶ
237 565 296 599 νῦν
315 561 519 606 Θεσσαλοὺς
537 563 703 614 μεγίστην
725 563 844 616 ἑορτὴν
864 563 1008 614 ἄγοντας
1025 580 1132 616 προσ-

95 618 271 670 αγορεύειν
321 621 518 672 Πελωρίαν.
550 638 564 654 υ
610 623 666 660 Cf.
702 623 874 659 Panofka
913 625 953 659 in
991 624 1130 660 Abhdl.

94 679 132 715 d.
151 680 295 719 Berlin.
322 681 443 716 All-ad.
469 681 589 730 1839,
607 695 647 731 p.
674 680 720 718 35
735 709 744 727 ,
761 683 900 718 citante
915 683 1134 718 Hermanno

92 737 133 771 in
151 738 306 786 Amiqq.
325 751 442 777 sacrr.
461 740 482 788 S
498 740 544 783 64
558 768 568 785 ,
598 753 641 775 21
658 766 667 784 ,
693 747 730 775 et
747 741 898 792 Preller.
918 740 955 774 in
980 741 1137 786 Pauly's

95 796 325 844 Realencycl.
347 810 375 835 s.
393 811 430 836 v.
453 800 604 846 Jupiter,
633 805 723 834 tom.
745 799 809 842 IV,
829 811 869 846 p.
896 797 984 845 591.

372 998 493 1037 ΑΤΤΙ
502 999 588 1037 ΚΑΙ
617 998 856 1037 ΙΣΤΟΡΙΑΙ.

594 1078 630 1115 5.

374 1167 403 1201 E
432 1164 581 1200 LIBRO
610 1164 850 1202 SECUNDO.

146 1254 272 1289 Schol.
292 1253 446 1291 Pindar.
465 1253 595 1290 Isthm.
622 1255 678 1290 ΙΙΙ
706 1254 813 1302 (IV),
838 1258 906 1295 10l.
936 1265 944 1290 :
968 1251 1079 1296 Βάτος
1098 1252 1134 1291 δὲ

93 1311 128 1347 ἓν
149 1309 298 1363 δευτέρῳ
326 1310 489 1349 Ἀττικῶν
517 1313 676 1363 ἱστοριῶν
696 1311 921 1364 Πολύδωρον,
940 1310 1132 1362 Ἀνίκητον,

92 1369 370 1422 Μηκιστόφονον,
386 1368 607 1420 Πατροκλέα,
619 1367 861 1418 Τοξόκλειτον,
877 1369 1134 1421 Μενεὸρόντην,

90 1427 292 1480 Χερσίὸιον,
321 1442 374 1466 sc,
409 1430 618 1464 Herculise
648 1431 800 1477 Megara
824 1428 921 1465 filios
948 1437 1130 1467 recenset.

89 1509 140 1514 ——
157 1504 170 1519 «
192 1486 302 1529 Βάτος
316 1500 455 1524 nomen
474 1495 698 1536 corruptum
726 1487 898 1532 videtur;
921 1489 1133 1536 scripserim

88 1544 229 1585 Βάτων.
251 1564 266 1578 n
286 1547 438 1584 Boeckh.

501 1634 583 1644 »nc
587 1631 719 1647 evo*—

595 1704 632 1741 6.

141 1783 331 1820 Plutarch.
345 1782 457 1831 Agid.
476 1796 510 1818 c.
533 1782 592 1820 15.
612 1783 744 1818 AEtolis
758 1777 1059 1834 Peloponnesum
1071 1786 1132 1820 in-

89 1841 315 1877 vadentibus
327 1867 337 1886 ,
358 1843 493 1877 Aratus
511 1842 649 1877 auxilia
663 1843 758 1890 petit
774 1854 795 1877 a
814 1843 1130 1889 Lacedaemoniis;

92 1901 155 1947 qni
170 1901 325 1935 mittunt
341 1900 549 1935 exercitum
571 1900 667 1936 duce
689 1900 821 1948 Agide.
845 1901 914 1936 Hic
940 1902 1005 1937 ubi
1021 1902 1133 1938 adve-

88 1959 158 2002 nit,
180 1960 298 1994 Arato
309 1959 487 2007 proelium
507 1959 649 1995 evitare
662 1960 784 1994 visum
799 1966 853 1995 est
871 1960 1013 1997 satius:
1035 1958 1078 1998 ‘O
1094 1959 1128 1997 δὲ

90 2014 267 2058 Σινωπευς
299 2014 423 2053 Βάτων
456 2014 560 2053 αὐτὸν
591 2017 653 2053 οὐκ
685 2017 738 2053 εθε
730 2014 811 2053 ’λειν
845 2015 1022 2067 μάχεσθαί
1048 2032 1132 2069 φησι

89 2068 193 2145 ΎΙΑγιν
215 2072 359 2125 Ἀράτου
380 2073 596 2120 κελεύοντος,
617 2075 678 2111 οὐκ
701 2073 938 2126 ἐντετυχηκὼς
957 2078 1007 2118 οἷς
1025 2072 1131 2127 Ἄρα-

89 2148 143 2176 τος
155 2132 306 2185 γέγραφε
322 2132 402 2185 περὶ
419 2133 549 2171 τούτων
562 2133 852 2184 ἀπολογιζόμενος
862 2134 940 2172 κτλ.
957 2134 1016 2184 (ν,
1027 2137 1133 2171 Arati

89 2193 134 2230 fr.
163 2206 177 2228 1
197 2190 220 2242 )
245 2193 416 2230 Fortasse
443 2193 518 2230 alia
538 2193 709 2240 quaedam
730 2193 777 2229 de
796 2196 913 2229 Arato
934 2206 979 2230 ex
993 2194 1130 2230 eodem

91 2251 193 2286 fonte
213 2251 334 2286 hausit
360 2251 596 2289 Plutarchus,
627 2252 672 2288 V.
695 2253 883 2299 Droysen.
902 2252 1048 2290 Hellen.
1072 2254 1129 2297 ΙΙ,

88 2323 126 2357 p.
152 2310 222 2358 391
243 2318 318 2345 not.
667 2321 670 2331 ¹

250 2401 370 2440 ΠΕΡΙ
402 2401 560 2440 ΙΩΝΟΣ
590 2402 692 2439 ΤΟΥ
729 2402 971 2440 ΠΟΙΗΤΟΥ.

592 2501 626 2532 7.

141 2561 399 2606 AfficnaeusX,
414 2573 454 2609 p.
476 2560 566 2605 436,
584 2561 645 2596 F:
670 2557 793 2596 Βάτων
812 2558 843 2596 δ’
866 2561 929 2596 δ’ς
900 2563 1077 2604 μινωπεὺς
1097 2563 1131 2599 ἐν

90 2623 159 2661 τοῖς
178 2617 266 2670 Περὶ
283 2614 405 2660 Ἴωνος
424 2633 483 2655 του
504 2620 648 2664 ποιητοῦ
663 2617 851 2668 φιλοπότην
872 2617 956 2668 φησὶ
975 2618 1131 2668 γενέσθαι

90 2677 150 2714 καὶ
170 2676 430 2728 ἐρωτικώτατον
450 2674 532 2714 τὸν
535 2679 637 2715 Ιωνα.
656 2675 729 2714 Καὶ
749 2675 850 2718 αὐτὸς
861 2675 896 2713 δὲ
910 2678 943 2714 ἐν
959 2682 1028 2719 τοῖς
1045 2677 1128 2714 ἐλε-

91 2735 191 2786 γείοις
218 2736 299 2788 ἐρᾶν
327 2734 389 2786 μὲν
421 2736 582 2785 ὁμολογεῖ
610 2733 808 2787 Χρυσίλλης
836 2736 898 2780 τ’ῆς
930 2734 1128 2784 Κορινθίας,

90 2845 164 2878 bere
172 2847 203 2878 et
214 2855 286 2878 cum
298 2846 384 2878 omni
396 2845 540 2878 libertate
549 2845 669 2886 epulari
680 2844 825 2884 jubeant,
837 2844 1007 2876 ministeria
1016 2844 1133 2876 obeun-

90 2897 176 2929 tibus
187 2897 322 2929 dominis
341 2910 348 2928 :
367 2899 398 2929 et
414 2897 544 2928 omnino
558 2897 652 2928 etiam
669 2905 755 2928 nunc
768 2895 910 2928 Thessali
927 2895 1066 2927 maxima
1080 2905 1132 2928 ce-

90 2948 235 2981 lebritate
250 2950 364 2981 festum
381 2949 459 2981 illud
473 2951 588 2990 agunt,
599 2951 631 2982 et
649 2949 825 2981 Peloriam
838 2948 1015 2980 nominant.
1033 2961 1048 2975 υ

364 3030 565 3069 ATTICAE
598 3029 861 3067 HlSTORlAE.

590 3107 624 3154 ⁵:

133 3174 233 3207 Baton
261 3173 343 3205 libro
371 3173 509 3205 secundo
541 3173 751 3205 Historiarum
782 3173 960 3205 Atticarum
990 3171 1135 3203 Herculis

91 3228 124 3259 et
137 3229 270 3267 Megarae
288 3226 369 3258 filios
388 3228 530 3258 recenset
550 3226 743 3267 Polydorum
754 3249 762 3265 ‚
780 3227 968 3264 Anicetum,
986 3225 1134 3257 Mecisto-

91 3279 255 3319 plionuni,
286 3278 480 3317 Patroclem,
507 3278 729 3317 Tomentum,
753 3276 1011 3315 Menebrontem‚
1034 3276 1134 3308 Cher·

91 3330 220 3362 sibium.

597 3380 629 3411 6.

134 3444 235 3477 Batou
266 3443 446 3484 Sinopensis
475 3444 520 3475 ait
553 3443 661 3484 Agim,
690 3442 747 3474 elsi
772 3442 902 3482 jubente
928 3443 1046 3481 Arato,
1074 3451 1134 3482 pu-

1608 510 1822 525 *uo-—

1439 621 1607 678 BION
1640 622 1995 681 SOLENSlS.

1251 754 1438 802 Diogenes
1451 755 1497 791 L.
1513 755 1577 800 IV,
1595 753 1680 792 58·
1699 753 1870 806 Γεγόνασι
1887 752 1923 791 δὲ
1942 753 2071 797 Βίωνες
2101 752 2233 793 δέκα...

1199 809 1367 880 Πέμπτος
1386 810 1535 858 Σολευς,
1552 811 1738 850 Αἰθιοπικὰ
1760 811 1952 865 γεγραφώς.
1966 810 2096 856 εἝκτος
2109 842 2120 859 ,
2136 813 2238 865 ῥητο-

1199 867 1309 920 ρικὸς,
1327 872 1364 908 ου
1385 868 1524 921 φέρεται
1541 868 1637 908 ἐννέα
1658 869 1798 921 βιὸλίαι
1790 872 1942 911 Μουσῶν
1963 870 2236 923 ἐπιγραφόμενα.

1198 928 1338 964 Plinius
1358 930 1406 964 H.
1429 930 1474 966 N.
1495 930 1570 974 VI,
1589 928 1653 974 35,
1670 943 1711 978 p.
1736 929 1843 965 388:
1864 930 1989 965 Simili
2015 931 2123 966 modo
2137 938 2175 966 et
2190 931 2237 966 de

1197 998 1366 1022 mensura
1376 991 1455 1033 ejus
1467 990 1577 1022 varia
1588 988 1787 1035 prodidere
1803 1000 1812 1022 .·
1828 991 1968 1036 primus
1981 989 2120 1024 Dalion
2135 990 2234 1025 ultra

1198 1045 1352 1080 lWemen
1370 1046 1478 1092 longe
1500 1046 1700 1090 subvectus,
1727 1058 1815 1082 mox
1838 1048 2066 1082 Aristocreon
2085 1055 2123 1082 et
2136 1048 2233 1083 Bion

1196 1111 1231 1138 et
1249 1105 1399 1138 Basilis.
1416 1104 1462 1141 V.
1483 1102 1612 1139 Basilis
1625 1103 1754 1152 fragm.

1248 1162 1385 1197 Praeter
1401 1162 1612 1210 AEthiopica
1628 1163 1722 1198 Bion
1741 1162 1902 1199 Solensis
1922 1163 1977 1198 De
1994 1162 2152 1198 historia
2166 1175 2235 1199 na-

1199 1220 1310 1255 turali
1343 1221 1533 1269 scripsisse
1565 1220 1725 1257 videtur.
1758 1222 1853 1256 Nam
1887 1221 1989 1268 apud
2026 1224 2235 1258 Varronem

1197 1278 1267 1325 (De
1284 1291 1323 1314 re
1337 1291 1367 1316 r.
1392 1292 1405 1314 1
1416 1306 1425 1323 ,
1450 1292 1464 1314 1
1479 1278 1490 1329 )
1508 1287 1720 1315 recensetur
1737 1280 1836 1315 inter
1856 1291 1919 1315 eos
1941 1280 2006 1327 qui
2021 1281 2076 1316 rei
2091 1281 2236 1316 rusticae

1196 1337 1370 1372 studiosis
1397 1338 1616 1373 consulendi
1642 1339 1724 1373 sint.
1747 1338 1919 1373 Eundem
1938 1339 2037 1374 inter
2061 1344 2233 1374 auctores

1197 1407 1283 1430 suos
1296 1403 1465 1431 recenset
1476 1387 1617 1431 Plinius
1632 1397 1670 1431 in
1682 1396 1838 1432 elencho
1850 1396 1936 1433 libr.
1948 1397 2051 1441 VIII,
2061 1396 2115 1441 X,
2130 1397 2233 1442 XIV,

1195 1455 1263 1491 XV
1277 1481 1287 1498 ‚
1311 1455 1440 1499 XVII,
1456 1455 1597 1491 XVIII.
1611 1455 1801 1502 Quaeritur
1813 1467 1903 1489 num
1933 1454 2034 1490 idem
2049 1455 2095 1490 sit
2114 1455 2233 1491 Coeci·

1197 1514 1264 1547 lius
1277 1514 1383 1556 Bion,
1409 1512 1514 1559 cujus
1530 1511 1618 1563 Περὶ
1638 1511 1816 1560 δυνάμεων
1838 1524 1932 1560 opus
1952 1511 2080 1548 laudat
2092 1513 2233 1549 Plinius

1195 1571 1376 1615 XXVIII,
1395 1570 1456 1616 57,
1479 1584 1517 1619 p.
1545 1584 1616 1619 199
1636 1571 1696 1609 ed.
1717 1571 1831 1607 Tchn.
1855 1583 1861 1605 :
1882 1567 2082 1620 Datur(ad
2096 1570 2234 1606 sedan—

1197 1629 1286 1664 dum
1299 1630 1454 1678 lienem)
1466 1637 1503 1664 et
1514 1633 1598 1677 equi
1614 1631 1740 1676 lingua
1752 1631 1950 1664 inveterata
1961 1641 2009 1663 ex
2019 1631 2123 1674 vino,
2132 1642 2232 1677 prce-

1193 1696 1367 1724 sentaneo
1383 1689 1662 1731 medicamento,
1687 1696 1726 1723 ut
1751 1687 1919 1723 didicisse
1933 1700 1972 1722 se
1991 1700 2040 1722 ex
2056 1689 2233 1723 Barbarie·

1198 1747 1370 1783 Coecilius
1406 1748 1501 1782 Bion
1537 1747 1661 1784 tradit.
1702 1746 1876 1792 Ejusdem
1900 1746 2069 1781 meminit
2093 1746 2234 1781 Plinius

1194 1805 1345 1849 XXIX,
1370 1805 1439 1849 28,
1463 1817 1512 1852 p.
1538 1803 1612 1839 236
1642 1817 1648 1838 2
1683 1805 1843 1839 Tertium
1874 1815 1990 1851 genus
2025 1811 2079 1838 est
2106 1804 2233 1839 eodem

1189 1863 1394 1912 phalangis*
1413 1867 1560 1898 nomine
1590 1874 1749 1898 araneus
1776 1863 2032 1911 lanuginosus,
2055 1863 2233 1909 grandis—

1193 1926 1287 1958 simo
1316 1926 1450 1970 capite.
1470 1923 1551 1968 Quo
1575 1923 1730 1957 dissecto
1762 1923 1915 1957 inveniri
1936 1921 2110 1956 dicantur
2133 1923 2229 1956 intus

1193 1983 1387 2016 vermiculi
1411 1981 1498 2025 duo,
1541 1981 1812 2027 adalligatique
1849 1979 2062 2015 mulieribus
2087 1983 2234 2015 cervina

1189 2041 1292 2087 pelle
1313 2047 1400 2075 ante
1419 2041 1508 2075 solis
1527 2047 1643 2074 ortum
1655 2065 1665 2084 ,
1684 2045 1866 2087 proestare
1883 2049 1930 2073 ne
1943 2040 2172 2086 concipiant,
2194 2045 2236 2073 ut

1198 2098 1372 2134 Coecilius
1397 2101 1435 2133 in
1466 2098 1752 2134 Commentariis
1769 2097 1932 2144 reliquit.
1957 2097 2026 2131 Vis
2046 2107 2092 2131 ea
2108 2108 2235 2131 annua

1194 2164 1256 2193 est.
1271 2157 1465 2193 Pertinent
1483 2157 1560 2192 haec
1573 2156 1621 2191 ad
1633 2162 1843 2191 commenta
1858 2155 2013 2203 magica.
2032 2153 2124 2203 (Pro
2139 2155 2234 2189 Bion

1193 2216 1252 2251 vel
1272 2217 1408 2251 Dalion
1426 2221 1604 2262 corrupte
1625 2215 1762 2262 legitur
1779 2215 1935 2249 Bialcon
1963 2213 2030 2251 lib.
2051 2213 2232 2257 XXVIII,

1195 2272 1258 2317 80,
1275 2286 1315 2322 p.
1335 2272 1441 2320 214.)
1458 2273 1600 2310 Nomen
1617 2272 1787 2307 Coecilius
1800 2271 1923 2320 arguit
1937 2278 2138 2319 patronum
2154 2270 2235 2305 Ro-

1194 2343 1360 2369 manum.
1394 2331 1640 2379 AEthiopicon
1665 2342 1755 2365 vero
1786 2330 1950 2378 scriptor
1980 2341 2098 2376 quum
2122 2328 2234 2363 Basili

1195 2391 1389 2438 antiquior
1409 2391 1467 2425 vel
1488 2397 1590 2425 certe
1614 2389 1766 2436 aequalis
1796 2388 1877 2435 ejus
1899 2388 2011 2422 fuisse
2044 2386 2230 2430 videatur,

1194 2461 1271 2483 non
1291 2455 1344 2484 est
1361 2448 1562 2496 probabile
1579 2447 1741 2483 eundem
1759 2458 1835 2482 esse
1856 2458 1942 2482 cum
1953 2445 2114 2482 Caecilio.
2134 2445 2234 2479 Lau-

1195 2507 1305 2542 datur
1317 2507 1479 2554 denique
1487 2508 1582 2542 Bion
1590 2519 1665 2542 una
1679 2518 1764 2541 cum
1773 2504 1986 2542 Alexandro
1995 2503 2228 2551 polyhistore

1194 2565 1241 2600 de
1259 2566 1370 2600 rebus
1393 2566 1642 2612 Assyriorum.
1661 2563 1805 2611 Quodsi
1830 2571 1933 2599 recte
1951 2574 2092 2598 nomen
2113 2572 2151 2596 se
2164 2561 2231 2596 ha·

1193 2622 1279 2667 bet,
1302 2635 1428 2670 neque
1449 2624 1575 2659 Dinon
1589 2623 1715 2671 potius
1734 2634 1810 2658 esse
1830 2621 1943 2657 debet
1956 2649 1966 2668 ,
1983 2621 2062 2655 haec
2081 2618 2234 2654 fortasse

1195 2682 1229 2715 ei
1249 2681 1476 2716 vindicanda
1506 2682 1616 2716 Bioni
1649 2687 1733 2716 sunt
1748 2707 1758 2725 ‚
1788 2681 1852 2727 qui
1873 2691 2009 2715 novem
2040 2678 2233 2713 Musarum

1193 2739 1326 2782 libros,
1344 2739 1451 2774 sicuti
1468 2739 1683 2774 Herodotus
1699 2746 1735 2774 et
1758 2738 1979 2786 Cephalion,
1997 2735 2159 2784 scripsit.

1191 2855 1288 2886 gnare
1300 2856 1363 2878 non
1382 2847 1527 2878 voluisse.
1543 2849 1583 2878 At
1596 2855 1662 2878 non
1678 2847 1752 2887 legit
1768 2846 1821 2878 ille
1836 2854 1908 2886 quae
1923 2845 1988 2885 ipse
2004 2844 2120 2876 Aratus
2132 2842 2171 2874 de
2184 2842 2234 2894 his

1191 2898 1362 2930 defendens
1376 2907 1410 2930 se
1424 2898 1620 2938 conscripsit.

1496 3003 1562 3042 DE
1589 3002 1712 3040 IONE
1742 3001 1923 3039 POETA.

1695 3105 1730 3136 7.

1235 3182 1312 3213 Bato
1334 3180 1515 3220 Sinopensis
1530 3179 1562 3210 in
1587 3178 1686 3216 libro,
1700 3185 1797 3217 quem
1821 3175 1861 3207 de
1886 3177 1962 3207 lone
1981 3174 2074 3214 poeta
2091 3171 2231 3204 conscri-

1194 3232 1267 3274 psit,
1279 3233 1310 3264 et
1323 3231 1467 3262 bibacem
1479 3231 1511 3262 et
1526 3229 1688 3261 amoribus
1697 3226 1927 3259 deditissimum
1941 3227 2049 3257 Ionem
2064 3223 2158 3254 fuisse
2174 3222 2230 3253 ait.

1194 3285 1234 3316 Et
1251 3284 1316 3324 ipse
1340 3282 1469 3323 quidem
1501 3284 1556 3313 lon
1582 3281 1614 3312 in
1636 3279 1769 3320 Elegiis‚
1790 3286 1899 3309 amore
1919 3285 1952 3308 se
1974 3276 2105 3315 captum
2128 3273 2231 3313 Chry-

1194 3336 1273 3367 sillae
1303 3334 1477 3367 Corinthiae
1508 3332 1694 3373 profitetur,
1723 3329 1808 3362 Telei
1840 3328 1937 3368 filiae;
1969 3335 2066 3367 quam
2098 3324 2231 3356 eandem

1195 3397 1213 3419 a
1243 3387 1363 3419 Pericle
1388 3395 1515 3426 quoque
1543 3384 1694 3425 Olympio
1727 3382 1907 3414 adamatam
1935 3377 2107 3412 Teleclides
2133 3376 2178 3409 ait
2199 3375 2230 3407 in

1197 3439 1350 3472 Hesiodis.
