2372 3704
1096 245 1429 287 FRAGMENTA.

221 338 347 376 Schol.
372 337 563 385 Aristoph.
595 338 699 384 vesp.
725 333 800 381 875
824 347 832 370 ε
857 331 945 384 Περὶ
977 335 1034 370 τοῦ
1061 331 1205 382 ἀγυιέως

169 391 381 437 Ἀπόλλωνος
398 393 581 445 Διευχίδας
599 391 849 444 (Διευτυχίδας
869 392 958 431 cod.
977 394 1091 440 Ven.;
1111 389 1205 433 ἰδίως

169 451 330 503 εὐτυχίας
347 451 448 503 Ald.)
468 450 575 494 οὕτως
593 450 730 502 γράφει·
748 469 763 483 «
783 449 846 487 'Eu
864 447 900 486 δὲ
914 450 963 500 τῷ
984 450 1092 500 ἰατρῷ
1105 451 1206 486 τοῦτο

168 509 339 559 διαμένει,
352 508 412 547 καὶ
427 508 476 547 ἔτι
494 507 554 546 καὶ
569 512 626 546 νῦν
641 510 732 546 ἔστιν
746 509 793 551 ὡς
806 505 944 558 ἀγυιεῖις
956 508 1025 543 τῶν
1042 504 1204 557 Δωριέων

169 566 383 614 οἰκησάντων
400 569 434 605 ἐν
453 569 502 619 τῷ
519 565 616 619 τόπῳ
637 566 814 616 ἀνάθημα.
837 564 907 604 Καὶ
931 558 1028 608 οὗτος
1049 579 1207 613 καταμη-

168 624 240 663 νύει
258 625 310 664 ὅτι
330 625 491 678 Δωριέων
514 624 588 663 ἐστὶ
607 623 650 663 τὰ
671 626 739 662 τῶν
768 622 970 669 Ἑλλήνων·
991 621 1122 664 τούτοις
1140 620 1207 672 γὰρ

170 684 228 722 ἐπὶ
242 683 303 728 τὰς
319 683 483 736 στρατιὰς
494 684 513 703 '⁵
530 682 710 737 φάσματος
723 684 754 721 οἳ
768 682 911 733 Δωριεῖς
925 680 1207 731 ἀπομιμούμενοι

169 736 231 781 τὰς
247 736 368 788 ἀγυιὰς
383 739 518 775 ἱστᾶσιν
544 736 594 774 ἔτι
610 735 670 774 καὶ
684 739 743 773 νῦν
760 738 810 787 τῷ
826 733 1030 773 Ἀπόλλωνι,
1054 751 1070 767 »

224 797 333 848 ἰατρῷ
360 795 464 846 κτλ.]
493 795 581 832 cod.
607 798 702 833 Ven.
728 807 736 830 :
759 794 867 844 ἰατρῷ
887 791 998 843 τούτῳ
1022 791 1054 831 δ.
1078 790 1128 829 ἔτι
1150 789 1209 828 καὶ

170 857 229 892 νῦν
249 854 322 891 ἐστι
346 853 406 891 καὶ
427 856 474 896 ὣς
492 868 552 903 αγ.
573 853 685 890 Unde
703 852 881 889 Dindorf.'
897 850 998 898 conj.
1022 862 1030 888 :
1050 850 1085 886 ἐν
1103 846 1140 886 δὲ
1160 850 1209 900 τῷ

171 911 312 964 ἰατρείῳ
327 911 439 964 τούτῳ
458 910 611 962 διαμένει
631 910 682 948 ἔτι
700 909 762 948 καὶ
780 913 853 959 νῦν,
870 908 994 955 ἕστηκε
1015 906 1130 959 βωμὸς
1146 908 1205 957 ἀγ.

170 973 292 1008 Etiam
323 972 516 1019 sequentia
542 971 679 1023 mutila
711 981 786 1006 esse
804 975 921 1018 patet.
953 968 1128 1005 Ceterum
1160 965 1208 1004 cs.

170 1032 319 1069 Misiller.
336 1031 424 1068 Dor.
443 1031 474 1076 I,
494 1041 585 1078 299.

678 1098 712 1134 3.

224 1182 351 1219 Schol.
363 1179 473 1218 Pind.
488 1180 593 1215 Nem.
610 1179 679 1224 IX,
693 1179 739 1215 30
753 1190 762 1216 2
779 1175 961 1228 Διευχίδας
973 1176 1043 1227 (sie
1058 1176 1210 1213 Boeckh.

170 1254 241 1290 pro
258 1253 319 1289 vg.
341 1235 588 1287 Διευτυχίδας)
612 1235 697 1274 δὲέν
717 1238 766 1288 τῷ
785 1235 892 1288 τρίτῳ
910 1237 977 1273 τῶν
998 1235 1210 1286 Μεγαρικῶν

171 1297 210 1335 τὸ
225 1295 287 1348 μὲν
307 1295 464 1347 κενήριον
485 1293 672 1346 Ἀδράστου
692 1295 728 1332 ἐν
748 1293 902 1333 Σικυῶνί
929 1308 1048 1347 φησιν,
1071 1294 1209 1331 ἀποκεῖ-

178 1359 257 1394 σθαι
273 1354 310 1393 δὲ
324 1353 426 1393 αὐτὸν
444 1355 478 1392 ἐν
495 1351 685 1405 Μεγάροις.

464 1459 496 1493 E
522 1457 669 1494 LIBRO
697 1457 914 1504 QUARTO.

675 1548 711 1587 [ι.

226 1635 397 1672 Clemens
411 1633 518 1670 Alex.
534 1632 674 1671 Strom.
693 1633 778 1681 1,p.
801 1635 886 1677 141,
903 1630 951 1674 46
966 1631 1069 1679 Sylb.
1091 1632 1215 1669 εΔιευ-

175 1691 276 1743 χίδας
289 1691 356 1742 γὰρ
374 1692 410 1729 ἐν
423 1689 580 1742 τετάρτῳ
597 1690 808 1741 Μεγαρικῶν
822 1687 901 1740 περὶ
918 1687 957 1726 τὸ
979 1687 1215 1726 διακοσιοστὸν

172 1749 245 1793 ἔτος
257 1749 397 1800 ὕστερον
417 1752 477 1794 τ’ῆς
494 1747 597 1787 Ἰλίου
615 1747 778 1790 ἁλώσεως
793 1746 855 1793 τὴν
870 1745 988 1797 ἀκμὴν
1008 1747 1212 1800 Λυκούργου

172 1807 279 1860 φέρει.
302 1809 356 1847 Cf.
373 1809 523 1847 Miiller.
542 1810 629 1846 Dor.
647 1809 680 1853 1,
699 1820 740 1855 p.
766 1807 837 1843 132
857 1820 913 1856 sq.

676 1887 713 1925 5.
728 1907 733 1911 Ἴ

225 1963 415 2001 Plutarch.
435 1965 599 2011 Lycurg.
620 1975 655 2000 e.
675 1974 720 2000 2:
740 1960 937 2011 Σιμωνίδης
953 1963 971 1999 ὁ
990 1959 1136 2008 ποιητὴς
1153 1962 1216 1999 οὐκ

176 2020 337 2070 Εὐνόμου
351 2019 445 2070 λέγει
460 2019 517 2057 τὸν
532 2021 733 2070 Λυκοῦργον
752 2019 899 2072 πατρὸς,
918 2018 1009 2057 ἀλλὰ
1038 2018 1213 2070 Πρυτάνι-

176 2079 231 2121 δος
245 2078 304 2116 καὶ
318 2077 375 2115 τὸν
394 2080 594 2129 Λυκοῦργον
611 2077 670 2114 καὶ
686 2076 744 2114 τὸν
762 2077 939 2127 Εὔνομον,
957 2079 987 2115 οἱ
1003 2077 1038 2114 δὲ
1054 2078 1212 2115 πλεῖστοι

177 2136 300 2187 σχεδὸν
319 2137 383 2187 οὐχ
407 2134 497 2173 οὕτω
521 2136 800 2186 γενεαλογοῦσιν,
822 2136 911 2173 ἀλλὰ
930 2133 1126 2186 Προκλέους
1153 2133 1214 2185 μὲν

175 2197 235 2232 τοῦ
256 2193 507 2244 Ἀριστοδήμου
522 2193 680 2243 γενέσθαι
700 2192 800 2231 Σόον·
819 2193 910 2232 Σόου
925 2192 961 2231 δὲ
977 2194 1215 2243 Εὐρυπῶντα,

177 2251 299 2290 τούτου
321 2250 357 2289 δὲ
372 2250 559 2304 Πρύτανιν,
573 2252 612 2288 ἔκ
626 2250 747 2289 τούτου
762 2250 797 2288 δὲ
819 2250 989 2301 Εὔνομον,
1009 2250 1168 2300 Εὐνόμου
1180 2250 1216 2288 δὲ

179 2309 404 2356 Πολυδέκτην
429 2310 468 2347 ἐκ
486 2308 655 2361 προτέρας
669 2308 849 2359 γυναικὸς,
868 2311 1069 2361 Λυκοῦργον
1087 2307 1123 2345 δὲ
1133 2307 1216 2346 νεώ-

679 2429 717 2461 3.

217 2491 408 2524 Dieuchidas
428 2492 460 2523 in
484 2491 579 2524 tertio
596 2492 829 2533 Megaricorum
844 2491 1069 2532 cenotaphium
1088 2490 1218 2531 quidem

177 2543 299 2576 Adrasti
311 2544 446 2584 Sicyone
458 2551 542 2583 esse,
560 2543 661 2584 ipsum
680 2553 756 2576 vero
770 2553 886 2585 corpus
898 2543 1032 2584 Megaris
1041 2543 1146 2583 jacere
1159 2543 1216 2575 ait.

678 2618 714 2650 4.

217 2680 408 2714 Dieuchidas
434 2680 467 2712 in
479 2681 594 2722 quarto
615 2681 845 2722 Megaricorum
861 2681 948 2713 circa
965 2680 1218 2714 ducentesimum

177 2734 248 2774 post
269 2734 394 2774 captam
406 2732 531 2773 Troiam
545 2741 665 2764 annum
683 2734 863 2774 Lycurgum
879 2732 1020 2767 floruisse
1033 2732 1155 2764 statuit.

679 2797 715 2830 5.

219 2860 396 2894 Simonides
409 2862 502 2901 poeta
514 2861 649 2902 Lycurgi
661 2863 782 2902 patrem
793 2870 857 2894 non
871 2864 1051 2894 Eunomum
1065 2861 1154 2901 dicit,
1165 2861 1218 2894 sed

177 2913 378 2954 Prytanidem
392 2914 514 2953 patrem
539 2914 670 2953 Lycurgi
684 2915 716 2945 et
730 2914 887 2954 Eunomi3
904 2913 1046 2954 plerique
1060 2922 1138 2945 vero
1154 2922 1218 2944 non

177 2964 222 2996 ita
234 2965 348 2996 seriem
365 2964 486 3004 generis
495 2963 656 2996 deducunt
669 2987 677 3002 ,
691 2964 746 2996 sed
758 2973 775 2996 e
796 2965 924 3004 Procle,
939 2965 1127 2996 Aristodemi
1142 2965 1219 3004 filio,

177 3017 289 3047 natum
317 3015 456 3055 produnt
479 3017 597 3054 Soum,
622 3015 697 3046 huic
721 3015 823 3047 filium
855 3016 951 3047 fuisse
981 3017 1218 3056 Eurypontem‚

178 3067 239 3098 hoc
262 3069 373 3098 natum
402 3066 564 3106 Prytanim
577 3090 586 3105 ,
612 3066 704 3106 cujus
732 3067 814 3098 filius
839 3067 1025 3107 Polydectes
1053 3068 1147 3099 tuerit
1179 3076 1220 3098 ex

178 3117 282 3157 priore
301 3125 402 3148 uxore
413 3140 422 3154 ,
444 3126 486 3148 ex
508 3117 699 3157 posteriore,
726 3119 776 3149 cui
806 3118 970 3150 Dionassae
998 3127 1114 3149 nomen
1125 3143 1134 3157 ,
1165 3120 1220 3158 Ly·

179 3177 312 3207 curgus,
328 3169 365 3199 ut
379 3167 569 3199 Dieuchidas
584 3169 692 3200 narrat
708 3171 891 3210 Lycurgum
907 3178 926 3201 a
941 3169 1054 3201 Procle
1074 3171 1200 3200 sextum
1210 3194 1219 3209 ‚

179 3218 220 3250 ab
234 3219 370 3250 Hercule
382 3218 586 3250 undecimum
601 3218 722 3251 dicen-s.

682 3290 717 3322 6.

221 3354 350 3385 Homeri
373 3355 519 3394 poemata
546 3355 582 3386 ut
608 3355 725 3386 vicium
750 3354 861 3387 ordine
880 3356 913 3387 et
934 3356 1024 3396 quasi
1048 3357 1158 3387 tenore
1182 3355 1223 3387 ab

183 3404 343 3444 rhapsodis
362 3405 584 3444 recitarentur,
598 3405 741 3445 scripsit,
759 3406 813 3437 tali
827 3406 943 3445 modo,
958 3408 1014 3445 ut,
1031 3406 1085 3438 ubi
1101 3407 1223 3446 primus

183 3454 356 3495 desineret,
385 3455 458 3487 inde
480 3456 560 3488 alter
578 3456 737 3496 exciperet
758 3457 884 3489 seriem.
915 3458 1011 3498 Magis
1030 3467 1103 3498 ergo
1127 3459 1223 3489 Solon

2228 254 2301 287 389

1264 347 1361 383 τερον
1385 333 1424 369 ἐκ
1446 330 1669 378 Διωνάσσης,
1686 332 1731 373 ὥς
1750 331 1975 382 Διευτυχίδας
1993 333 2081 385 (scr.
2102 333 2302 385 Διευχίδας)

1265 389 1458 439 ἱστόρηκεν,
1491 388 1589 426 ἕκτον
1619 387 1681 439 μὲν
1706 387 1777 426 ἀπὸ
1810 389 2024 440 Προκλέους,
2051 391 2233 430 ἑνδέκατον
2265 391 2301 430 δὲ

1266 447 1325 500 ἀφ’
1341 446 1385 485 Ἥ
1393 445 1569 500 ρακλέους.

1570 546 1601 580 E
1627 546 1776 582 LIBRO
1805 546 2003 592 QUINTO.

1773 639 1810 675 6.

1321 715 1434 762 Diog.
1467 714 1511 751 L.
1535 715 1569 762 1,
1597 713 1666 761 57,
1686 714 1734 750 de
1760 715 1899 751 Solone
1923 728 1931 751 :
1953 713 2010 752 Τά
2029 729 2065 752 τε
2088 713 2246 767 Ὁμήρου
2275 716 2309 760 ἐξ

1269 770 1444 817 ὑποὸολῆς
1478 770 1628 824 γέγραφε
1648 772 1902 824 ῥαψῳδεῖσθαι,
1923 765 1992 810 οἷον
2026 772 2112 810 ὅπου
2140 775 2158 810 ὁ
2177 775 2311 825 πρῶτος

1270 828 1402 876 ἔληξεν,
1437 829 1563 867 ἐκεῖθεν
1594 828 1763 880 ἄρχεσθαι
1788 829 1847 867 τὸν
1867 829 2046 880 ἐχόμενον.
2077 832 2222 869 Μᾶλλον
2250 825 2308 869 οῧν

1274 887 1395 926 Σόλων
1430 886 1595 939 οΌμηρον
1615 887 1782 940 ἐφώτισεν
1816 887 1838 934 ἢ
1870 888 2138 940 Πεισίστρατος,
2164 888 2209 932 ὥς
2228 905 2311 941 φησι

1273 945 1456 997 Διευχίδας
1467 948 1501 983 ἐν
1518 946 1669 999 πέμπτῳ
1687 947 1912 999 Μεγαρικῶν.
1928 949 1983 986 Cf.
2000 950 2190 988 Welcker.
2207 951 2310 997 Cycl.

1271 1018 1310 1054 p.
1334 1006 1421 1052 378.
1448 1006 1536 1044 380.

1548 1101 1578 1136 Ε
1606 1101 1767 1137 LIBRIS
1796 1102 1846 1138 ΙΝ
1850 1101 2033 1141 CERTIS.

1778 1201 1811 1234 7.

1328 1263 1525 1299 Athenaeus
1539 1265 1651 1312 V1‚p.
1664 1263 1753 1308 262,
1769 1266 1796 1300 E
1808 1277 1816 1300 ε
1830 1262 2014 1315 Διευχίδας
2028 1263 2058 1301 δ’
2073 1263 2108 1301 ἐν
2116 1266 2185 1308 τοῖς
2194 1267 2314 1315 Μεγα·

1277 1325 1382 1371 ρικοῖς
1398 1339 1413 1355 α
1433 1321 1474 1341 *4
1487 1319 1548 1363 τὰς
1562 1320 1779 1370 καλουμένας
1802 1322 1944 1374 (φησὶν)
1960 1321 2098 1373 Ἀραιὰς
2113 1322 2124 1371 (
2137 1322 2264 1373 μεταξὺ
2281 1322 2316 1361 δὲ

1273 1381 1335 1424 τῆς
1364 1378 1491 1417 Κνίδου
1505 1379 1563 1417 καὶ
1582 1382 1644 1426 τῆς
1674 1378 1797 1427 Σύμης
1816 1379 1908 1431 εἶσί)
1923 1412 1932 1427 ,
1948 1379 2134 1431 γενομένης
2153 1382 2318 1434 διαφορᾶς

1274 1439 1344 1480 τοῖς
1363 1436 1638 1488 συνεξορμήσασι
1655 1439 1705 1489 τῷ
1725 1438 1866 1489 Τριόπᾳ
1885 1438 1974 1488 μετὰ
1991 1438 2048 1476 τὸν
2065 1438 2194 1479 ἐκείνου
2216 1440 2318 1478 θάνα-

1274 1510 1344 1542 τον,
1361 1494 1421 1532 καὶ
1437 1497 1503 1532 τῶν
1522 1494 1584 1545 μὲν
1603 1497 1650 1538 εἷς
1668 1495 1707 1533 τὸ
1723 1495 1856 1535 Δώτιον
1873 1498 2189 1549 ἀναχωρησάντων,
2208 1500 2238 1537 οἱ
2254 1500 2316 1549 μὲν

1276 1552 1365 1601 μετὰ
1397 1552 1602 1605 Φόρὸαντος
1623 1553 1800 1603 μείναντες
1833 1556 1880 1598 εἷς
1907 1555 2066 1601 Ἰηλυσὸν
2091 1550 2207 1604 ἦλθον,
2224 1560 2254 1595 οἱ
2281 1555 2318 1595 δὲ

1276 1609 1365 1661 μετὰ
1391 1612 1581 1663 Περιέργου
1601 1611 1664 1657 τὴν
1685 1612 1885 1664 Καμειρίδα
1904 1612 2090 1665 κατέσχον.
2111 1614 2201 1652 Τότε
2221 1614 2320 1666 λέγε-

1277 1684 1335 1706 ται
1366 1669 1634 1721 καταράσασθαι
1665 1669 1722 1708 τὸν
1746 1670 1933 1723 Περίεργον
1966 1674 2016 1724 τῷ
2035 1670 2238 1721 Φόρὸαντι,
2260 1673 2319 1710 καὶ

1278 1725 1335 1764 διὰ
1354 1731 1453 1765 τοῦτο
1473 1726 1534 1771 τὰς
1556 1726 1680 1773 νήσους
1701 1727 1841 1779 Ἀραιὰς
1861 1730 2043 1776 κληθῆναι.
2104 1729 2320 1780 Ναυαγήσας

1278 1784 1307 1822 δ’
1330 1786 1347 1822 ὁ
1369 1783 1513 1837 Φόρὸας
1527 1784 1587 1822 καὶ
1609 1785 1787 1837 Παρθενία
1800 1816 1809 1832 ,
1834 1789 1855 1833 ἡ
1874 1790 1934 1824 τοῦ
1963 1785 2166 1839 Φόρὸαντος
2182 1787 2241 1825 καὶ
2259 1792 2319 1827 τοῦ

1279 1842 1469 1894 Περιέργου
1490 1842 1646 1896 ἀδελφὴ,
1677 1843 1874 1890 διενήξαντο
1904 1846 1950 1889 εἷς
1971 1845 2131 1891 Ἰηλυσὸν
2164 1846 2242 1898 περὶ
2261 1847 2319 1885 τὸν

1279 1901 1491 1952 καλούμενον
1528 1901 1632 1940 τόπον
1666 1901 1833 1954 Σχεδίαν.
1875 1903 1945 1942 Καὶ
1980 1904 2095 1947 αὐτοῖς
2123 1905 2319 1957 περιτυχὼν

1276 1959 1460 2008 Θαμνεὺς,
1487 1959 1523 2003 ὃς
1545 1959 1712 2011 ἐτύγχανε
1732 1960 1823 1998 κατὰ
1850 1961 1911 2007 τὴν
1934 1961 2085 2014 Σχεδίαν
2106 1967 2318 2014 κυνηγετῶν,

1276 2011 1359 2068 ἦγεν
1379 2019 1425 2060 ὡς
1438 2017 1576 2062 ξενίσων
1609 2020 1656 2062 εἷς
1676 2013 1782 2068 οἶκον,
1804 2018 1937 2057 καὶτὸν
1957 2020 2093 2067 οἰκέτην
2118 2020 2319 2062 ἀπέστειλεν

1279 2079 1548 2128 ἀπαγγελοῦντα
1574 2081 1617 2130 τῇ
1648 2078 1784 2129 γυναικὶ
1800 2077 2006 2124 τάπιτήδεια
2025 2079 2319 2130 παρασκευάζειν,

1277 2137 1322 2178 ὡς
1342 2135 1481 2186 ἄγοντος
1502 2137 1606 2174 αὐτοῦ
1623 2135 1746 2180 ξένους.
1765 2136 1899 2175 Ἐλθὼν
1920 2136 1948 2174 δ’
1969 2138 2015 2180 εἷς
2034 2133 2143 2187 οἶκον,
2167 2141 2212 2181 ὡς
2226 2138 2321 2177 οὐδὲν

1280 2187 1356 2245 εἶρε
1373 2194 1714 2245 παρεσκευασμένον,
1736 2193 1838 2238 αὐτὸς
1867 2194 2043 2233 ἐπιὸαλὼν
2064 2195 2120 2233 τὸν
2151 2196 2242 2234 σῖτον
2263 2196 2321 2234 ἐπὶ

1280 2251 1337 2289 τὸν
1359 2254 1537 2302 ἀλετῶνα,
1566 2253 1626 2290 καὶ
1656 2253 1770 2291 τᾶλλα
1805 2253 2020 2303 τάκόλουθα,
2055 2253 2175 2292 ἔπειτα
2195 2254 2322 2299 ἀλέσας

1278 2308 1422 2353 ἐξένισεν
1441 2308 1578 2354 αὐτούς.
1599 2309 1671 2349 Καὶ
1687 2313 1706 2348 ὁ
1725 2309 1870 2363 Φόρὸας
1886 2310 1993 2355 οὕτως
2013 2311 2070 2349 ἐπὶ
2099 2314 2149 2365 τῷ
2171 2311 2321 2365 ξενισμῷ

1255 2448 1258 2451 ,
1277 2427 1373 2459 quam
1393 2420 1573 2451 Pisistratus
1590 2422 1764 2453 Homerum
1785 2421 1976 2462 illustravit,
1990 2422 2027 2454 ut
2039 2422 2072 2453 in
2087 2422 2199 2463 quinto
2216 2424 2322 2464 Mega-

1278 2470 1418 2503 ricorum
1431 2470 1623 2503 Dieuchidas
1632 2472 1691 2504 ait.

1780 2528 1815 2560 7.

1319 2586 1551 2619 Dieuchidasin
1567 2587 1731 2628 Megaricis
1746 2588 1816 2620 haec
1829 2588 1937 2621 scribit
1952 2600 1960 2621 ε
1979 2601 1995 2617 «
2013 2589 2104 2622 Circa
2116 2592 2221 2622 Anaeas
2232 2590 2320 2622 insu-

1278 2639 1327 2671 las
1341 2638 1430 2679 (sunt
1443 2639 1492 2672 hae
1506 2639 1589 2672 inter
1601 2640 1737 2672 Cnidum
1751 2641 1784 2672 et
1797 2641 1931 2681 Symen)
1944 2642 2016 2675 orto
2031 2644 2102 2682 post
2114 2642 2239 2682 Triopoe
2251 2642 2321 2673 obi·

1278 2692 1348 2722 tum
1365 2691 1448 2724 inter
1460 2700 1532 2731 eos,
1548 2692 1602 2733 qui
1620 2700 1695 2723 cum
1709 2692 1762 2723 illo
1772 2692 2008 2733 expeditionem
2024 2695 2244 2733 susceperant,
2258 2693 2323 2724 dis-

1278 2742 1376 2782 sidio,
1404 2743 1537 2782 aliisque
1555 2743 1690 2774 domum
1718 2743 1952 2783 repetentibus,
1983 2744 2125 2776 Phorbas
2152 2753 2226 2775 cum
2255 2744 2322 2776 suis

1279 2802 1428 2833 manens,
1447 2795 1584 2834 lalysum
1600 2795 1709 2834 venit;
1729 2794 1896 2834 Periergus
1917 2803 1995 2826 vero
2015 2804 2090 2827 cum
2107 2795 2171 2827 suis
2187 2795 2323 2827 Camiri-

1279 2845 1328 2877 dis
1339 2847 1467 2885 portum
1481 2846 1594 2877 tenuit.
1613 2848 1705 2878 'runc
1719 2845 1836 2878 dicitur
1852 2846 2066 2879 Phorbantem
2079 2847 2156 2879 diris
2166 2847 2323 2887 impreca-

1279 2895 1420 2927 tionibus
1442 2896 1628 2936 prosecutus
1643 2904 1711 2927 esse
1739 2896 1918 2936 Periergus;
1942 2897 2081 2937 indeque
2093 2897 2183 2929 aiunt
2205 2900 2323 2929 Araeas

1281 2947 1292 2986 (
1301 2947 1341 2977 ab
1357 2946 1475 2978 eisdem
1491 2946 1553 2978 iilis
1577 2947 1898 2988 imprecationibus)
1919 2948 2098 2980 nominatas
2113 2949 2231 2981 insulas
2242 2957 2320 2980 esse.

1282 2997 1381 3037 Igitur
1397 2997 1600 3037 naufragium
1617 3006 1727 3038 passus
1746 2999 1908 3038 Phorbas,
1924 3008 1998 3030 cum
2021 2999 2189 3031 Parthenia
2202 3023 2210 3038 ‚
2227 2999 2324 3030 Phor-

1280 3048 1385 3079 bantis
1399 3049 1431 3079 et
1450 3047 1586 3088 Periergi
1602 3057 1710 3081 sorore
1719 3049 1787 3089 ‚Jal
1792 3058 1887 3089 ysum
1894 3050 2034 3082 enatavit
2050 3074 2058 3089 ‚
2073 3052 2105 3082 et
2118 3059 2156 3082 eo
2169 3051 2238 3081 loco
2248 3072 2257 3086 .
2271 3050 2323 3081 cui

1281 3098 1415 3131 Schedia
1428 3107 1557 3137 nomen,
1571 3100 1690 3130 terram
1702 3100 1816 3140 attigit.
1832 3102 1869 3132 In
1881 3110 1962 3142 quos
1975 3101 2116 3134 incidens
2128 3101 2321 3138 Thamneus,

1281 3150 1336 3190 qui
1358 3150 1439 3181 sorte
1452 3149 1536 3181 circa
1550 3150 1719 3184 Schediam
1733 3151 1928 3191 venabatur,
1945 3151 2079 3184 domum
2093 3160 2181 3182 snam
2196 3159 2248 3182 eos
2269 3150 2321 3181 dc·

1281 3202 1373 3232 duxit
1386 3202 1521 3241 hospitio
1537 3203 1746 3242 excepturus,
1764 3204 1926 3243 praemisso
1942 3212 2033 3235 servo
2056 3205 2109 3243 qui
2124 3202 2215 3233 uxori
2237 3211 2321 3232 nuu-

1282 3254 1403 3293 claret,
1416 3255 1452 3284 ut
1466 3256 1592 3293 pararet
1602 3255 1776 3286 necessaria
1792 3255 1969 3295 hospitibus
1982 3264 2064 3295 quos
2076 3256 2157 3285 esset
2169 3253 2321 3284 adductu-

1283 3314 1349 3338 rus.
1365 3307 1486 3337 verum
1501 3314 1602 3346 quum
1617 3306 1750 3337 domum
1765 3307 1975 3347 pervenisset,
1987 3306 2130 3345 nihilque
2142 3304 2323 3335 offendisset

1283 3358 1449 3397 paratum,
1463 3355 1529 3396 ipse
1543 3357 1738 3388 frumentum
1753 3357 1784 3388 in
1801 3358 1918 3388 molam
1934 3357 2112 3396 conjectum
2130 3355 2260 3393 moluit;
2278 3363 2323 3384 re-

1284 3408 1441 3447 liquisque
1466 3407 1560 3439 rebus
1593 3408 1726 3447 paratis,
1749 3408 1865 3439 cibavit
1889 3407 2041 3447 hospiteS.
2074 3408 2144 3442 Qua
2177 3405 2322 3444 hospitali

1284 3458 1477 3498 benignitate
1501 3458 1545 3490 ita
1563 3458 1738 3490 delectatus
1755 3458 1895 3490 Phorbas
1909 3459 1975 3497 est,
1991 3458 2027 3488 ut
2046 3456 2077 3487 in
2091 3457 2234 3487 extremo
2250 3455 2324 3487 vitae
