2326 3724
123 209 171 242 62
897 199 1254 241 OLYMPIODORI
1283 199 1488 241 'I'HEBAEI

178 302 224 327 21.
253 287 339 328 ’Ότι
359 287 562 340 Ἀδάουλφος
591 287 841 338 ἀπαιτούμενος
870 287 1076 335 Πλακιδίαν,
1097 290 1157 326 ἀν-

128 347 272 398 ταπῄτει
293 346 350 385 τὸν
383 346 560 398 ὁρισθέντα
593 349 698 385 σῖτον.
734 345 888 397 Ἀπόρων
909 347 939 383 δ’
961 347 1067 383 ὄντων
1090 349 1157 383 τῶν

124 404 372 456 ὑποσχομένων
389 406 435 448 εἷς
454 404 492 442 τὸ
512 406 627 442 δοῦναι
642 433 653 454 ,
668 403 764 442 οὐδὲν
779 403 814 441 δὲ
833 399 934 450 ἧττον
951 403 1158 454 ὁμολογούν-

124 477 204 509 των,
220 465 249 500 εἰ
267 462 407 501 λάὸοιεν
429 463 640 512 Πλακιδίαν,
655 465 863 515 παρασχεῖν,
879 461 938 499 καὶ
952 465 970 499 6
986 461 1159 514 βάρὸαρος

122 520 166 557 τὰ
198 519 300 571 ὅμοια
335 521 533 573 ὑπεκρίνετο
546 551 557 571 ,
589 520 649 558 καὶ
682 520 768 572 πρὸς
801 519 1026 566 Μασσαλίαν,
1058 519 1157 557 πόλιν

123 578 213 616 οὕτω
231 580 461 629 καλουμένην,
479 578 876 631 παραγενόμενος,δόλῳ
891 578 1020 624 ταύτην
1038 577 1158 616 λαῧεῒν

122 637 280 684 ἤλπιζεν.
301 635 413 676 Ἔνθα
431 637 594 688 πληγεὶς,
607 636 823 688 Βονηφατίου
839 640 898 674 τοῦ
917 636 1157 686 γενναιοτάτου

124 695 304 747 βαλόντος,
329 696 389 734 καὶ
419 695 516 746 μόλις
538 694 596 733 τὸν
627 695 771 733 θάνατον
803 693 997 746 διαφυγὼν,
1029 695 1075 736 εἷς
1098 692 1159 736 τὰς

121 753 249 797 οἰκείας
280 753 487 806 ὑπεχώρησε
522 752 666 800 σκηνὰς,
703 752 764 799 τὴν
803 752 904 790 πόλιν
941 753 976 789 ἐν
1012 751 1158 804 εὐθυμία

123 811 250 861 λιπὼν,
272 811 332 850 καὶ
355 812 397 850 δι’
417 810 566 850 ἐπαίνων
591 811 651 850 καὶ
671 810 842 863 εὐφημίας
863 809 1070 861 ποιουμένην
1090 811 1159 849 Βο-

121 870 300 924 νηφάτιον.

174 942 223 967 22.
253 927 340 968 “Ou
355 927 561 980 Ἀδάουλφος
571 927 628 966 τὸν
644 926 755 979 γάμον
777 928 928 977 μελετῶν
946 925 1158 972 Πλακιδίας,

124 986 367 1026 Κωνσταντίου
399 986 528 1033 ταύτην
557 988 804 1032 ἀπαιτοῦντος,
832 983 1022 1037 βαρυτέρας
1050 983 1158 1037 προῦ-

121 1059 228 1082 τεινεν
256 1045 426 1092 αἰτήσεις,
445 1043 502 1083 ἵνα
529 1043 584 1081 διὰ
604 1042 664 1090 τὴν
686 1043 879 1095 ἀποτυχίαν
898 1045 966 1080 τῶν
987 1042 1158 1089 αἰτήσεων

123 1102 264 1154 εὔλογον
285 1102 364 1154 δόξῃ
385 1101 446 1148 τὴν
467 1102 679 1153 κατάσχεσιν
701 1102 807 1147 αὐτῆς
826 1099 1066 1148 πεποιηκέναι.

175 1174 224 1199 23.
255 1160 340 1199 “On
375 1159 616 1202 Κωνστάντιος
647 1158 838 1210 δισίγνατος
871 1158 983 1196 πάλαι
1012 1157 1159 1209 γεγονὼς

122 1217 250 1262 ὕπατος
269 1217 359 1257 κατὰ
378 1218 439 1263 τὴν
461 1217 652 1257 Ῥάὸενναν
673 1217 900 1269 προέρχεται,
922 1219 997 1267 μεθ’
1014 1211 1052 1254 οἷ
1069 1215 1159 1254 κατὰ

120 1276 182 1322 τὴν
206 1276 569 1315 Κωνσταντινούπολιν
590 1275 755 1314 ὑπατεύει
776 1275 958 1318 Κώνστας.
980 1275 1160 1326 Kal-'APU-

122 1335 195 1373 σίον
219 1335 282 1385 μὲν
306 1334 502 1386 σύμμετρον
530 1334 588 1372 καὶ
608 1333 724 1372 ἱκανὸν
747 1333 831 1385 πρὸς
849 1333 888 1371 τὸ
913 1336 973 1379 τῆς
992 1333 1159 1376 ἱπατείας

120 1395 288 1443 ἀνάλωμα
309 1392 452 1445 εὕρηται
468 1395 507 1431 ἐκ
523 1396 590 1431 τῶν
606 1396 666 1430 τοῦ
685 1391 729 1431 ‘H
737 1394 938 1444 ρακλειανοῧ
955 1421 964 1438 ,
984 1391 1019 1435 ὃς
1034 1407 1160 1442 τυραν-

122 1451 199 1488 νίδα
229 1454 383 1500 μελετῶν
415 1451 604 1504 ἀνῄρηται·
623 1452 660 1488 οὗ
687 1451 755 1500 μήν
780 1466 819 1500 γε
838 1454 1001 1488 τοσοῦτον
1022 1450 1161 1502 εὑρέθη,

122 1509 198 1547 ὅσον
220 1510 280 1547 καὶ
299 1510 484 1556 ἠλπίζετο·
506 1508 649 1562 χρυσίον
671 1508 733 1558 μὲν
760 1507 826 1559 γὰρ
855 1506 932 1546 οὐδὲ
963 1509 1064 1560 μέχρι
1084 1524 1161 1546 κεν-

121 1567 293 1620 τηναρίων
313 1567 439 1606 εἴκοσιν
461 1567 619 1620 εὕρηται·
639 1570 661 1613 ἧ
681 1566 717 1604 δὲ
735 1566 894 1613 ἀκίνητος
913 1567 1017 1604 αὐτοῦ
1038 1565 1136 1604 οὐσία
1149 1595 1159 1613 ,

121 1626 179 1664 καὶ
200 1626 288 1673 αὕτη
318 1630 364 1670 εἰς
391 1627 562 1679 δισχιλίας
589 1626 709 1678 λίτρας
734 1625 917 1662 συνέτεινε.
945 1625 1014 1663 Καὶ
1032 1624 1162 1670 ταύτην

123 1684 266 1722 ἅπασαν
287 1684 350 1732 τὴν
368 1685 556 1724 ὑπόστασιν
575 1683 817 1726 Κωνστάντιος
835 1684 873 1720 ἐκ
897 1689 977 1733 μιᾶς
995 1682 1163 1728 αἰτήσεως

122 1742 218 1792 παρὰ
250 1741 420 1795 Ὀνωρίου
451 1742 599 1795 εἰλήφει.
627 1735 698 1780 ἾΙν
724 1740 759 1778 δὲ
782 1741 1023 1784 Κωνστάντιος
1043 1742 1078 1778 ἐν
1099 1740 1162 1791 μὲν

122 1806 198 1844 ταῖς
216 1802 370 1853 προόδοις
389 1802 545 1854 κατηφὴς
561 1799 621 1838 καὶ
638 1798 858 1851 σκυθρωπὸς,
875 1798 1164 1852 μεγαλόφθαλμός

122 1875 159 1896 τε
175 1860 233 1897 καὶ
252 1859 494 1911 μεγαλαύχην,
513 1858 572 1897 καὶ
591 1857 878 1910 πλατυκέφαλος,
896 1858 1002 1895 νεύων
1018 1859 1064 1895 δι’
1081 1857 1162 1896 ὅλου

124 1916 183 1954 ἐπὶ
202 1917 260 1954 τὸν
282 1917 458 1969 τράχηλον
473 1921 532 1955 τοῦ
550 1916 709 1970 φέροντος
729 1915 832 1954 αὐτὸν
845 1914 953 1953 ἵππου
966 1945 976 1964 ,
995 1916 1055 1954 καὶ
1075 1915 1164 1953 οὕτω

123 1976 207 2027 τῇδε
239 1977 379 2013 κάκεῖσε
408 1975 505 2020 λοξὸν
533 1975 724 2026 ἐκπέμπων
755 1974 794 2012 τὸ
821 1974 1003 2025 ὅμμα·ὡς
1038 1975 1077 2012 τὸ
1105 1978 1163 2012 τοῦ

162 2090 213 2118 21.
229 2086 413 2126 Adaulphus
425 2095 511 2126 ergo,
526 2095 626 2126 quum
641 2085 779 2117 Placidia
792 2087 1000 2126 repeteretur,
1019 2085 1163 2117 frumen-

121 2138 191 2168 tum
209 2137 348 2169 vicissim
368 2137 433 2178 ipse
446 2137 638 2178 promissum
663 2138 762 2178 petiit.
785 2137 886 2177 cnjus
902 2136 1082 2168 conserendi
1105 2136 1164 2168 etsi

121 2190 176 2230 qui
190 2190 400 2231 promiserant
416 2191 542 2231 copiam
560 2190 682 2221 nullam
699 2189 870 2229 haberent,
883 2189 982 2221 nihilo
994 2191 1103 2221 tamen
1117 2197 1164 2220 se-

121 2241 189 2274 cius
203 2242 423 2281 consentiunt,
441 2243 466 2273 si
485 2241 654 2274 Placidiam
671 2242 866 2281 reciperent,
883 2242 1102 2281 accepturum.
1118 2240 1164 2271 Ad

121 2302 194 2332 quae
210 2294 305 2324 simili
322 2294 386 2325 t'ere
402 2295 434 2324 et
453 2293 518 2333 ipse
530 2293 684 2324 barbarus
694 2292 895 2324 simulatione
908 2292 1070 2324 utebatur.
1085 2294 1164 2324 Mas·

122 2345 224 2377 siliam
240 2345 360 2376 interea
375 2345 420 2376 sic
431 2344 548 2375 dictam
562 2344 676 2375 urbem
691 2344 863 2384 protectus,
877 2343 950 2375 dolo
966 2352 1037 2375 eam
1050 2351 1163 2384 capere

121 2397 257 2429 tentavit
273 2407 280 2428 :
295 2397 348 2428 sed
362 2406 380 2427 a
394 2397 567 2436 Bonifacio,
580 2396 773 2428 nobilissimo
784 2397 852 2427 viro
865 2420 874 2436 ,
887 2397 1071 2428 vulneratus
1083 2420 1092 2436 ,
1109 2398 1164 2427 vix

122 2450 259 2481 mortem
275 2449 426 2489 effugiens
447 2449 480 2480 in
502 2458 560 2480 sua
575 2457 608 2480 se
628 2448 761 2480 tentoria
778 2449 907 2489 recepit,
932 2450 1011 2481 urbe
1024 2450 1140 2480 omissa
1153 2473 1162 2488 ‚

125 2509 220 2540 quae,
245 2500 364 2531 laetitiae
387 2501 497 2540 plena,
514 2500 662 2532 laudibus
687 2508 725 2531 ac
753 2500 866 2532 faustis
879 2501 1163 2532 acclamationibus

124 2553 321 2585 Bonifacium
335 2553 382 2584 est
398 2553 575 2592 prosecuta.

166 2608 215 2635 22.
235 2603 420 2643 Adaulphus
433 2603 530 2643 idem,
544 2603 583 2635 de
598 2603 744 2635 Placidiae
757 2604 874 2644 nuptiis
895 2604 1040 2644 satagens
1051 2629 1060 2643 ‚
1081 2605 1166 2636 Con-

123 2656 242 2688 stantio
267 2664 339 2687 eam
364 2655 537 2696 postulanti
561 2655 720 2695 graviores
745 2656 893 2695 praetexit
916 2657 1166 2696 postulationes,

125 2710 182 2746 ut,
196 2708 222 2740 si
246 2716 376 2748 compos
391 2708 518 2739 illarum
535 2717 599 2739 non
623 2708 733 2748 fieret,
750 2708 803 2740 illa
823 2708 908 2748 juste
932 2710 1054 2741 retenta
1077 2709 1166 2741 vide-

125 2763 224 2792 retur.

169 2818 220 2845 23.
235 2813 318 2854 [An.
340 2814 410 2844 414,
425 2812 436 2853 ]
451 2813 654 2845 Constantius
669 2814 744 2845 olim
761 2814 958 2855 designatus,
975 2816 1084 2847 consul
1102 2818 1166 2848 Ra-

125 2874 239 2897 vennae
250 2866 389 2904 creatur,
403 2874 477 2896 cum
492 2874 555 2905 quo
566 2867 953 2908 constantinopolitanum
964 2869 1166 2900 consulatum

128 2918 285 2949 Constans
303 2916 393 2957 gerit.
439 2917 514 2948 Auri
532 2917 580 2948 vis
593 2918 678 2956 justa
693 2919 725 2949 et
740 2919 899 2950 sufficiens
921 2919 961 2950 ad
983 2920 1168 2952 consulatus

128 2971 277 3009 sumptus
289 2969 471 3000 tolerandos
485 2971 607 3010 reperta
621 2969 653 3000 in
670 2971 845 3002 Heracliani
865 2971 973 3011 bonis,
993 2973 1048 3012 qui
1061 2974 1168 3012 tyran-

128 3020 212 3052 nidis
222 3020 381 3051 affectatae
394 3019 523 3051 nomine
534 3022 581 3052 est
592 3021 812 3062 interemptus,
827 3031 1024 3063 quamquam
1041 3025 1166 3055 tantum

129 3070 273 3112 pecuniae
291 3073 450 3110 repertum
472 3080 534 3102 nou
553 3073 618 3111 est,
633 3074 789 3112 quantum
805 3076 964 3113 speratum
986 3076 1051 3106 erat
1073 3088 1079 3106 :
1098 3075 1167 3106 auri

130 3123 215 3154 enim
238 3130 278 3153 ne
300 3122 409 3162 viginti
431 3122 558 3162 quidem
584 3124 762 3155 centenaria
789 3124 935 3164 inventa,
955 3126 1167 3158 immobilium

130 3182 209 3205 vero
233 3173 391 3205 bonorum
407 3174 446 3205 ad
460 3174 509 3207 bis
528 3175 619 3207 mille
635 3176 743 3208 libras.
789 3180 874 3214 Quas
892 3178 1020 3218 quidem
1040 3180 1167 3212 faculta-

130 3227 180 3258 tes
191 3234 301 3258 omnes
312 3235 376 3257 una
388 3227 599 3267 postulatione
612 3228 652 3259 ab
666 3229 806 3260 Honorio
820 3231 1023 3262 Constantius
1033 3232 1166 3272 accepit.

133 3278 209 3309 Erat
225 3277 291 3317 ipse
308 3278 529 3316 constantim,
547 3287 649 3319 quum
672 3280 833 3320 prodiret,
847 3281 988 3313 subtristi
1011 3283 1104 3314 vultu
1129 3292 1168 3316 ac

131 3327 267 3367 tetrico,
287 3327 410 3368 magnis
433 3329 551 3368 oculis,
577 3329 766 3370 sublataque
785 3331 907 3362 cervice
919 3355 928 3370 ,
955 3334 988 3363 et
1003 3333 1098 3372 plano
1117 3342 1167 3364 ca-

134 3379 198 3419 pite
210 3404 219 3419 ‚
233 3378 386 3412 inclinans
400 3388 434 3412 se
446 3381 576 3413 omnino
598 3381 631 3413 in
645 3382 730 3422 equi,
747 3391 812 3422 quo
829 3382 1016 3423 vellebatur,
1029 3384 1147 3416 collum
1157 3409 1166 3425 ,

1219 286 1322 338 λόγου
1344 288 1430 323 πᾶσι
1447 284 1642 338 φαίνεσθαι,
1662 301 1677 318 τι
1700 277 1785 327 εἶδος
1804 283 1895 328 ἄξιον
1921 284 2130 336 τυραννίδος.
2156 303 2172 321 ι
2193 285 2256 326 Ἐν

1221 343 1257 382 δὲ
1278 344 1423 386 δείπνοις
1441 342 1501 380 καὶ
1521 341 1726 392 συμποσίοις
1743 341 1887 393 τερπνὸς
1905 342 1964 380 καὶ
1985 342 2181 394 πολιτικὸς,
2210 345 2257 385 ὣς

1219 402 1278 440 καὶ
1307 402 1427 453 ἐρίζειν
1455 403 1524 443 τοῖς
1555 399 1672 450 μίμοις
1702 398 1890 449 πολλάκις,
1917 399 2078 445 παίζουσι
2106 401 2175 454 πρὸ
2195 405 2257 450 τῆς

1219 460 1401 513 τραπέζης.

1272 531 1321 556 24.
1352 517 1437 556 ‘'Ou
1456 515 1656 568 Ἀδαούλφῳ
1686 516 1820 568 σπουδῇ
1846 515 1907 554 καὶ
1935 515 2091 569 ὑποθήκῃ
2122 518 2257 556 Κανδι-

1220 577 1335 614 διανοῦ
1351 577 1368 612 6
1380 574 1464 626 πρὸς
1480 573 1675 613 Πλακιδίαν
1693 574 1904 611 συντελεῖται
1922 573 2049 625 γάμος,
2070 573 2138 624 μὴν
2153 577 2172 613 ὃ
2188 575 2260 616 Ἰα·

1216 634 1373 685 νουάριος
1393 631 1603 679 ἐνειστήκει,
1620 631 1677 669 ἐπὶ
1698 631 1734 669 δὲ
1749 634 1814 678 ’τῆς
1833 632 1966 676 πόλεως
1987 632 2198 684 Νάρὸωνος,
2222 635 2258 672 ἐν

1219 692 1312 745 οἰκίᾳ
1331 690 1496 742 Ἰγγενίου
1516 690 1606 734 τινὸς
1624 689 1764 743 πρώτου
1785 693 1854 728 τῶν
1882 692 1916 728 ἐν
1936 693 1979 741 τῇ
2007 691 2120 729 πόλει.
2143 690 2258 732 Ἔνθα

1219 749 1512 801 προκαθεσθείσης
1541 747 1736 791 Πλακιδίας
1752 750 1787 786 ἐν
1811 747 1964 786 παστάδι
1989 764 2026 787 τε
2047 748 2260 799 Ῥωμαϊκῶς

1220 807 1457 859 ἐσκευασμένη
1491 805 1551 844 καὶ
1583 805 1741 858 σχήματι
1778 807 1972 859 βασιλικῷ,
2011 809 2259 859 συγκαθέζεται

1221 867 1307 916 αὐτῇ
1337 865 1396 903 καὶ
1429 864 1663 917 Ἀδάουλφος,
1682 863 1901 915 ἐνδεδυμένος
1929 865 2078 917 χλανίδα
2109 866 2169 905 καὶ
2195 865 2259 913 τὴν

1221 924 1330 971 ἄλλην
1350 922 1538 973 Ῥωμαίων
1556 924 1699 969 ἐσθῆτα.
1722 923 1784 962 Ἐν
1801 917 1849 967 οἷς
1867 923 1957 973 μετὰ
1974 927 2043 962 τῶν
2061 923 2176 963 ἄλλων
2194 939 2258 976 γα-

1223 984 1333 1032 μικῶν
1370 981 1487 1033 δώρων
1519 982 1680 1032 δωρεῖται
1715 981 1922 1034 Ἀδάσυλφος
1951 982 2012 1020 καὶ
2043 982 2259 1029 πεντήκοντα

1220 1041 1359 1083 εὐειδεῖς
1373 1038 1508 1083 νεανίας
1522 1039 1668 1091 σηρικὴν
1683 1040 1923 1089 ἐνδεδυμένους
1938 1041 2086 1088 ἐσθῆτα,
2102 1040 2260 1093 φέροντος

1221 1098 1367 1136 ἑκάστου
1401 1103 1476 1140 ταῖς
1506 1097 1625 1148 χερσὶν
1659 1096 1724 1134 ἀνὰ
1760 1097 1819 1134 δύο
1848 1097 2019 1148 μεγίστων
2048 1098 2191 1148 δίσκων,
2211 1092 2259 1136 ιῖιν

1221 1159 1239 1194 6
1259 1156 1320 1207 μὲν
1349 1155 1493 1208 χρυσίου
1514 1155 1669 1208 πλήρης,
1690 1158 1707 1193 6
1727 1154 1763 1192 δὲ
1788 1155 1913 1205 τιμίων
1933 1155 2049 1203 λίθων,
2070 1157 2202 1206 μᾶλλον
2221 1155 2259 1195 δὲ

1223 1214 1416 1265 ἀτιμήτων,
1433 1212 1636 1265 ἐτύγχανεν,
1653 1213 1675 1251 ἃ
1696 1217 1757 1260 τ’ἥς
1776 1213 1919 1264 Ῥώμης
1938 1216 2072 1267 ὓπῆρχε
2088 1213 2178 1252 κατὰ
2197 1214 2259 1262 τὴν

1223 1273 1354 1311 ἅλωσιν
1374 1278 1442 1315 τοῖς
1463 1272 1603 1315 Γότθοις
1623 1272 1898 1319 ἀποσυληθέντα.
1923 1266 2013 1311 Εἶτα
2027 1272 2186 1323 λέγονται
2200 1272 2261 1311 καὶ

1222 1330 1467 1380 ἐπιθαλάμιοι,
1495 1330 1659 1368 Ἀττάλου
1679 1333 1816 1382 πρῶτον
1851 1330 2028 1380 εἰπόντος,
2049 1325 2123 1369 εἶτα
2149 1330 2260 1370 Ῥου-

1222 1391 1353 1427 στικίου
1371 1388 1431 1426 καὶ
1449 1388 1643 1428 Φοιὸαδίου
1657 1404 1664 1412 ·
1684 1389 1744 1426 καὶ
1761 1390 1974 1426 συντελεῖται
1991 1390 2008 1426 ὃ
2023 1388 2155 1439 γάμος,
2177 1405 2262 1428 παι-

1222 1447 1347 1493 ζόντων
1365 1447 1424 1485 καὶ
1440 1446 1633 1498 χαιρόντων
1650 1450 1736 1498 ὁμοῦ
1763 1449 1829 1485 τῶν
1846 1462 1883 1485 τε
1910 1447 2096 1500 βαρὸάρων
2111 1448 2173 1486 καὶ
2192 1450 2261 1486 τῶν

1223 1509 1256 1545 ἐν
1273 1506 1387 1548 αὐτοῖς
1407 1505 1608 1555 (Ρωμαίων.

1276 1579 1324 1602 25.
1354 1563 1439 1603 ’Ὀτι
1458 1564 1546 1614 μετὰ
1563 1563 1624 1610 τὴν
1645 1563 1712 1602 ὑπὸ
1729 1562 1866 1603 Γότθων
1887 1563 2016 1602 ἅλωσιν
2039 1567 2100 1611 τῆς
2118 1563 2262 1615 Ῥώμης

1225 1622 1377 1666 Ἀλὸῖνος
1404 1625 1421 1659 6
1441 1627 1501 1669 τῆς
1523 1622 1667 1671 Ῥώμης
1696 1622 1868 1674 ἔπαρχος,
1899 1622 1967 1670 ἤδη
1995 1622 2124 1670 ταύτης
2155 1623 2262 1661 πάλιν

1224 1681 1574 1731 ἀποκαθισταμένης,
1595 1681 1695 1734 ,ἔγραι
1719 1697 1752 1728 ε,
1773 1681 1822 1730 μὴ
1843 1681 1996 1734 ἐξαρκεῖν
2021 1681 2061 1720 τὸ
2090 1681 2263 1735 χορηγού-

1224 1755 1324 1790 μενον
1346 1738 1447 1792 μέρος
1466 1742 1515 1790 τῷ
1533 1739 1634 1792 δήμῳ
1646 1771 1655 1787 ,
1676 1741 1721 1783 εἰς
1737 1740 1866 1785 πλῆθος
1886 1739 1952 1786 ἤδη
1969 1743 2029 1786 τῆς
2043 1739 2173 1784 πόλεως
2189 1741 2263 1778 ἐπι·

1225 1798 1395 1844 διδούσης.
1428 1797 1590 1851 Ἔγραψε
1619 1798 1686 1850 γὰρ
1720 1797 1780 1836 καὶ
1808 1799 1842 1835 ἐν
1867 1804 1931 1851 μιᾷ
1959 1797 2076 1851 ἡμέρα
2104 1798 2263 1851 τετέχθαι

1224 1856 1368 1909 ἀριθμὸν
1387 1856 1556 1908 χιλιάδων
1577 1857 1854 1909 δεκατεσσάρων,

1277 1928 1325 1955 26.
1358 1914 1445 1954 εὈτι
1463 1914 1689 1967 Ἀδάουλφος,
1709 1913 1886 1966 τεχθέντος
1904 1915 1999 1966 αὐτῷ
2019 1915 2058 1952 ἐκ
2078 1917 2140 1962 τῆς
2158 1915 2264 1952 Πλα-

1224 1973 1335 2016 κιδίας
1368 1972 1514 2020 παιδὸς,
1541 1966 1570 2025 ᾧ
1602 1973 1744 2011 ἐπέθετο
1773 1974 1896 2020 κλῆσιν
1929 1973 2131 2021 Θεοδόσιον,
2160 1972 2264 2011 πλέον

1225 2085 1258 2116 et
1275 2085 1322 2117 sic
1342 2085 1407 2116 huc
1429 2085 1506 2116 illuc
1521 2084 1650 2124 oblique
1669 2086 1824 2125 torquens
1839 2085 1967 2124 oculos,
1991 2087 2047 2124 ut,
2062 2084 2149 2125 quod
2165 2084 2265 2116 veteri

1228 2137 1327 2169 verbo
1343 2136 1474 2176 dicitur,
1496 2135 1663 2176 tyrannide
1676 2136 1770 2176 digna
1792 2136 1894 2167 forma
1913 2135 2062 2167 omnibus
2084 2137 2263 2176 appareret.

1227 2191 1262 2221 ln
1285 2188 1384 2220 coenis
1406 2189 1514 2219 tamen
1531 2189 1627 2228 atque
1647 2188 1801 2219 conviviis
1813 2187 1976 2227 jucundus
1998 2187 2078 2219 adeo
2101 2187 2266 2228 civilisque

1226 2242 1301 2281 fuit,
1315 2245 1352 2273 ut
1368 2241 1464 2273 etiam
1481 2249 1554 2272 cum
1567 2241 1675 2272 mimis
1693 2240 1853 2272 interdum
1867 2240 1907 2272 ad
1922 2249 2063 2272 mensam
2083 2239 2266 2272 ludentibus

1225 2298 1433 2330 contenderit.

1269 2354 1320 2383 24.
1337 2351 1504 2391 Adaulpbo
1519 2350 1628 2382 studio
1642 2359 1680 2382 ac
1695 2350 1827 2382 consilio
1838 2349 2024 2382 candidiani
2047 2350 2168 2390 nuptioe
2189 2357 2266 2381 cum

1226 2402 1364 2434 Placidia
1380 2402 1592 2441 celebrantur,
1615 2402 1768 2434 Januario
1786 2410 1894 2434 mense
1909 2401 1942 2433 in
1967 2402 2131 2440 Narbone,
2154 2401 2266 2434 Galliae

1226 2454 1321 2493 urbe,
1338 2454 1369 2485 iu
1383 2454 1479 2485 domo
1500 2453 1618 2493 lngenii
1632 2453 1816 2493 eujusdam,
1841 2453 1982 2493 primarii
1997 2453 2066 2493 ejus
2081 2452 2169 2484 urbis
2192 2452 2264 2484 viri.

1227 2507 1286 2537 Hic
1297 2505 1435 2545 digniore
1441 2505 1511 2536 loco
1522 2505 1678 2536 residente
1687 2504 1823 2536 Placidia
1834 2505 1865 2536 in
1874 2505 2015 2536 thalamo
2025 2506 2168 2536 Romano
2179 2512 2268 2536 more

1226 2557 1397 2596 adornato,
1414 2557 1588 2597 habituque
1604 2557 1707 2597 regio,
1733 2556 1849 2589 assedit
1869 2557 1926 2598 ipsi
1942 2559 1975 2589 et
1991 2556 2165 2597 Adauphus
2185 2557 2269 2590 laena

1227 2608 1358 2640 indutus
1378 2609 1548 2648 ceteroque
1569 2609 1688 2639 amictu
1710 2610 1863 2640 Romano.
1893 2610 1979 2640 inter
1996 2609 2056 2640 alia
2082 2608 2267 2648 nuptiarum

1227 2661 1310 2692 dona
1321 2661 1506 2701 Adaulpbus
1518 2661 1611 2692 offert
1621 2661 1715 2692 etiarn
1727 2662 1956 2702 quinquaginta
1970 2661 2123 2693 formosos
2135 2669 2267 2702 pueros,

1226 2714 1327 2745 serica
1349 2714 1438 2745 veste
1457 2713 1587 2744 indutos
1598 2738 1607 2753 ,
1625 2714 1761 2746 serentes
1773 2715 1887 2754 singuli
1903 2716 2039 2754 utraque
2051 2722 2146 2745 manu
2160 2714 2268 2753 ingen-

1227 2767 1275 2797 tes
1296 2765 1398 2797 discos
1416 2765 1531 2796 binos:
1554 2774 1692 2804 quorum
1713 2765 1794 2796 alter
1813 2765 1883 2796 auri
1905 2766 2036 2805 plenus,
2057 2766 2138 2797 alter
2153 2764 2269 2805 lapillis

1228 2817 1371 2857 pretiosis
1385 2817 1433 2848 vel
1455 2817 1549 2856 pretii
1565 2816 1671 2856 potius
1686 2816 1935 2855 inaestimabilis,
1958 2825 2031 2856 quae
2052 2825 2092 2848 ex
2115 2818 2267 2848 Romanae

1227 2869 1315 2901 urbis
1331 2870 1508 2910 direptione
1530 2869 1625 2901 Gothi
1639 2869 1811 2909 depraedati
1829 2870 1965 2901 fuerant.
1985 2869 2066 2901 Hinc
2081 2878 2191 2900 versus
2209 2877 2265 2900 ca·

1227 2923 1349 2952 nuntur
1361 2921 1570 2962 epithalamii,
1588 2921 1695 2953 Attalo
1709 2921 1914 2961 praecinente,
1929 2920 2002 2952 dein
2017 2920 2157 2952 Rusticio
2170 2923 2268 2961 atque

1228 2973 1418 3014 Phoebadio;
1445 2974 1628 3014 nuptiaeque
1646 2974 1839 3013 peraguntur
1854 2973 1923 3004 lusu
1948 2972 2128 3013 gaudioque
2149 2971 2268 3013 ingenti

1227 3025 1435 3057 barbarorum
1448 3025 1583 3057 simulet
1596 3027 1829 3063 Romanorum,
1841 3025 1896 3065 qui
1909 3033 1982 3055 cum
1996 3025 2033 3056 iis
2042 3026 2142 3056 erant.

1269 3082 1320 3110 25.
1341 3079 1414 3110 Post
1430 3081 1562 3110 Romam
1575 3086 1594 3109 a
1610 3077 1724 3110 Gothis
1742 3080 1867 3117 captam
1886 3077 2017 3109 Albinus
2028 3101 2038 3115 ‚
2055 3076 2144 3108 urbis
2156 3076 2266 3117 praese·

1229 3130 1313 3169 ctus,
1327 3129 1412 3170 quod
1423 3129 1491 3169 ¹iam
1504 3129 1613 3161 eadem
1626 3129 1665 3160 ad
1676 3129 1843 3169 pristinum
1856 3128 1973 3160 rediret
1985 3129 2116 3166 statum,
2130 3128 2266 3168 scripsit,

1227 3190 1292 3213 non
1307 3181 1451 3213 sufficere
1463 3181 1628 3221 praebitam
1645 3180 1764 3221 populo
1778 3179 1789 3219 (
1801 3180 1953 3211 frumenti
1969 3179 2110 3220 publici)
2124 3180 2246 3219 partem
2256 3203 2266 3219 ,

1229 3232 1432 3264 multitudine
1443 3232 1508 3272 jam
1518 3233 1613 3263 aucta
1623 3231 1750 3263 civitate
1765 3243 1773 3262 ι
1787 3230 1950 3271 additque,
1961 3239 2025 3262 uno
2035 3230 2085 3262 die
2097 3239 2266 3262 numerum

1228 3284 1340 3315 natum
1358 3292 1425 3315 esse
1437 3283 1555 3315 civium
1569 3282 1701 3314 millium
1717 3282 1981 3322 quattuordecim.

1272 3339 1324 3367 26.
1342 3334 1425 3376 [Au.
1441 3336 1502 3366 415
1514 3334 1538 3375 .]
1555 3333 1754 3374 Adaulphus,
1771 3334 1846 3364 nato
1859 3333 1918 3364 sibi
1932 3342 1950 3364 e
1969 3332 2108 3365 Placidia
2122 3332 2199 3371 tilio,
2216 3333 2268 3364 cni

1228 3386 1406 3419 Theodosio
1419 3394 1536 3418 nomen
1553 3385 1651 3425 dedit,
1668 3385 1701 3416 in
1717 3387 1932 3418 Romanorum
1945 3384 2118 3417 amicitiam
2130 3392 2267 3425 propen-
