2326 3724
88 251 162 283 246

84 330 135 370 λοί
166 332 232 368 εἶσι
263 330 367 378 δέκα,
401 328 566 374 ὡσαύτως
593 329 628 368 δὲ
662 330 721 368 καὶ
751 332 848 381 ὑμεῖς
883 333 914 370 οῖ
946 331 1123 382 Ῥωμαῖοι

85 389 218 427 πλείοσι
241 388 412 441 κέχρησθε
440 388 632 439 γλώσσαις·
653 389 713 428 καὶ
733 389 842 442 ταύτῃ
863 389 1007 440 μὲν,ἓμὲ
1029 392 1121 429 ἀπα-

80 454 162 486 τᾶτε
174 477 184 495 ,
201 451 244 500 τῇ
259 447 294 485 δὲ
310 447 400 499 ἄλλῃ
417 446 460 484 τὰ
476 447 553 486 κατ’
567 447 629 497 ἐμὲ
644 447 843 500 ἀνδράποδα
857 447 935 492 τοὺς
952 450 1124 500 Οὖαρχω-

81 506 186 550 νίτας.
211 507 279 546 Καὶ
306 506 426 550 ἁπλῶς
442 505 582 544 ἅπαντα
606 505 650 544 τὰ
671 505 751 554 ἔθνη
766 537 776 556 ,
798 507 966 558 ῥημάτων
990 523 1027 545 τε
1042 522 1124 545 ποι-

81 564 175 617 κιλίᾳ
215 564 275 603 καὶ
311 567 360 617 τῷ
398 566 528 616 δολερῷ
567 568 629 612 τῆς
660 565 833 612 διανοίας,
866 564 1124 618 εἷρωνευόμενοί

81 639 118 660 τε
138 623 198 661 καὶ
226 622 503 667 ὁποθωπεύοντες
536 623 624 661 αὐτὰ
654 623 716 673 μὲν
739 623 858 677 ὥσπερ
885 625 943 663 ἐπὶ
969 622 1124 676 κεφαλὴν

81 681 235 719 ὠσθέντα
261 685 303 733 τῇ
332 682 447 733 βλάὸῃ
479 685 733 734 περιφρονεῒτε,
764 685 843 732 ὑμῖν
875 683 910 721 δὲ
942 684 1057 726 αὐτοῖς
1085 682 1122 720 τὸ

81 739 257 784 λυσιτελὲς
277 739 487 793 ἐκπορίζετε.
510 740 617 784 Ἀλλὰ
630 740 697 793 γὰρ
714 741 774 779 καὶ
802 743 898 792 ὑμεῖς
912 744 943 780 οἳ
964 740 1127 794 πρέσὸεις

80 798 311 852 ἠμφιεσμένοι
337 800 375 837 τὸ
403 800 523 851 ψεῦδος
553 799 655 845 ἥκετε
684 802 730 844 ὡς
755 798 839 850 ἐμὲ,
870 800 929 838 καὶ
949 803 967 838 ὁ
987 800 1125 842 στείλας

81 860 172 907 ὑμᾶς
187 859 253 909 οὐχ
265 857 392 904 ἥκιστα
410 857 560 910 πέφυκεν
577 857 754 897 ἀπατεών.
775 858 845 897 Καὶ
862 861 951 908 ὑμᾶς
969 858 1031 908 μὲν
1050 860 1124 896 δια-

79 916 279 968 χειρίσομαι
304 919 527 969 παραχρῆμα
552 916 612 954 καὶ
635 917 697 954 οὐκ
723 918 756 959 ἔς
781 916 975 963 ἀναὸολήν·
998 916 1126 954 ὀθνεῖον

80 974 148 1027 γάρ
164 991 197 1012 τι
223 974 283 1012 καὶ
311 974 458 1027 ἔκφυλον
487 974 672 1027 ψεύδεσθαι
695 973 844 1027 Τούρκῳ
872 974 984 1025 ἀνδρί.
1022 973 1066 1012 Ὁ
1091 972 1127 1011 δὲ

81 1035 158 1071 καθ’
183 1035 272 1083 ὑμᾶς
294 1032 454 1086 βασιλεὺς
485 1033 613 1071 ἐκτίσει
641 1048 701 1083 μοι
722 1033 818 1076 δίκας
838 1034 872 1070 ἐν
894 1033 1024 1083 δέοντι,
1049 1031 1127 1082 ἐμοὶ

83 1092 145 1142 μὲν
163 1092 277 1144 φιλίας
294 1092 444 1144 ἐχόμενα
465 1091 722 1141 διαλεγόμενος,
743 1092 812 1135 τοῖς
833 1092 868 1129 δὲ
889 1090 930 1138 δὴ
953 1093 1126 1143 Οὖαρχω-

82 1150 190 1195 νίταις
214 1154 285 1194 τοῖς
309 1150 492 1201 ἡμετέροις
523 1149 656 1193 δούλοις
678 1149 822 1200 (ἐδήλου
853 1148 889 1187 δὲ
915 1149 995 1193 τοὺς
1023 1149 1128 1188 Ἀὅά-

85 1213 186 1265 ρους)
208 1210 428 1264 ἀποδράσασι
445 1209 522 1254 τοὺς
541 1209 709 1254 δεσπότας
731 1209 909 1261 γενόμενος
930 1209 1124 1253 ἔνσπονδος.

85 1272 132 1309 Οἳ
159 1268 221 1319 μὲν
249 1269 517 1321 Οὐαρχωνῒται,
541 1268 601 1307 ἅτε
627 1268 793 1315 κατήκοοι
810 1267 999 1320 Τούρκων,
1024 1268 1128 1315 ’ἡνίκα

86 1326 277 1380 βούλομαι,
313 1330 358 1371 ὡς
390 1326 452 1378 ἐμὲ
483 1326 624 1374 ἥξουσι·
661 1327 720 1365 καὶ
755 1327 826 1377 εἴγε
863 1326 924 1373 τὴν
957 1329 1035 1365 κατ’
1066 1325 1128 1376 ἐμὲ

83 1386 226 1425 ἱππείαν
256 1386 488 1439 ἐσαθρήσουσι
512 1386 667 1437 μάστιγα
693 1388 740 1429 ὡς
767 1384 889 1429 αὐτοὺς
915 1387 1128 1437 ἐκπεμφθεῖ·

84 1462 161 1493 σαν,
183 1448 216 1490 ἐς
234 1444 277 1483 τὰ
297 1447 484 1484 κατώτατα
499 1444 679 1498 φεύξονται
692 1448 753 1492 τῆς
769 1448 849 1496 γῆς·
865 1443 1128 1487 ἀντιὸλέποντες

85 1505 120 1543 δὲ
140 1508 240 1556 ἡμῖν,
267 1508 312 1547 ὡς
344 1504 452 1551 εἰκὸς,
474 1505 513 1542 οὐ
538 1503 805 1556 φονευθήσονται
835 1502 962 1556 ξίφεσι,
995 1503 1128 1553 μᾶλλον

85 1564 147 1613 μὲν
167 1558 224 1603 οὖν
244 1566 320 1607 ταῖς
339 1564 462 1606 ὁπλαῖς
483 1562 840 1609 καταπατηθήσονται
857 1564 926 1600 τῶν
948 1561 1126 1614 ἡμετέρων

83 1620 213 1668 ἵππων,
245 1621 305 1659 καὶ
337 1620 436 1667 δίκην
463 1622 674 1659 ἀπολοῦνται
703 1620 912 1672 μυρμήκων.
949 1619 1022 1659 Καὶ
1051 1618 1130 1670 περὶ

86 1680 148 1730 μὲν
172 1683 240 1718 τῶν
262 1681 521 1731 Οὐαρχωνιτῶν
542 1683 652 1717 ταῦτα
678 1681 759 1728 ὓμῖν
778 1681 813 1718 ἐν
836 1679 979 1731 βεὸαίῳ.
1007 1677 1131 1727 “Υμεῒς

85 1738 140 1786 δὲ,
159 1731 188 1776 ὦ
215 1738 409 1789 Ῥωμαῖοι,
432 1738 466 1775 τί
486 1739 574 1784 δῆτα
599 1737 666 1788 ἄρα
691 1737 769 1781 τοὺς
794 1740 871 1776 κατ’
890 1736 952 1787 ἐμὲ
969 1736 1130 1788 πρέσὸεις

86 1799 142 1837 διὰ
177 1803 238 1837 τοῦ
266 1797 456 1837 Καυκάσου
487 1798 754 1849 ὁδοιποροῦντας
785 1798 843 1835 ἐπὶ
874 1797 914 1834 τὸ
944 1794 1130 1840 Βυζάντιον

86 1857 211 1908 ἄγετε,
242 1859 287 1900 ὡς
304 1855 367 1906 ἐμὲ
395 1856 584 1908 φάσκοντες
613 1853 662 1905 μὴ
686 1849 775 1893 εἶναι
802 1854 921 1907 ἑτέραν
953 1854 1127 1907 ἀτραπὸν,

87 1917 130 1953 δι’
152 1911 193 1962 ἧς
214 1916 330 1958 αὐτοῖς
359 1914 457 1952 ἔσται
491 1916 512 1960 ἡ
543 1913 685 1965 πορεία,
716 1917 825 1951 ταῦτα
861 1913 898 1951 δὲ
925 1914 1131 1959 ἐπιτελεὶτε,

86 1977 134 2018 ὡς
159 1973 341 2024 ἆπείποιμι
369 1972 426 2010 διὰ
454 1971 515 2016 τὰς
544 1971 741 2024 δυσχωρίας
763 1971 943 2011 ἐπιθέσθαι
970 1975 1012 2023 τῇ
1034 1971 1131 2010 ‘Pm-

88 2034 201 2083 μαίων
238 2031 459 2084 ἐπικρατείᾳ.
498 2030 599 2078 Πλὴν
634 2031 743 2083 ἔγωγε
775 2030 1006 2081 ἐξεπίσταμαι
1035 2030 1132 2080 μάλα

86 2092 238 2146 ἀκριόῶς
266 2090 343 2129 ὅποι
364 2106 400 2129 τε
429 2093 447 2128 ὁ
476 2090 655 2142 Δάναπρις
683 2090 856 2140 ποταμὸς,
877 2091 915 2127 οὐ
947 2089 1016 2139 μὴν
1042 2089 1132 2127 ἀλλὰ

87 2203 201 2243 ingenii
215 2203 354 2234 versutia
364 2202 554 2234 demulcetis
567 2203 599 2234 et
609 2201 758 2233 deluditis
768 2214 777 2242 ;
788 2201 902 2233 deinde
925 2210 988 2241 eas,
1006 2201 1060 2232 ubi
1079 2200 1136 2232 da·

89 2255 171 2286 mnis
178 2254 285 2286 atssicti
295 2255 382 2293 sunt,
391 2254 559 2294 negligitis,
574 2255 606 2285 et
616 2253 674 2294 ipsi
685 2253 783 2294 partis
793 2262 906 2284 eorum
920 2253 1030 2284 labore
1044 2261 1133 2284 com-

88 2306 192 2338 modis
208 2306 356 2344 t'ruimini3
371 2307 403 2337 et
420 2314 477 2336 vos
490 2314 618 2345 quoque
634 2306 726 2345 legati
738 2305 877 2345 undique
894 2304 1006 2336 fraude
1020 2306 1050 2336 et
1064 2304 1138 2335 dolo

89 2357 244 2390 succincti
259 2357 300 2388 ad
324 2366 375 2388 me
393 2357 526 2396 venitis,
555 2359 587 2388 et
604 2357 702 2388 nihilo
725 2357 828 2388 secius
844 2357 949 2396 is‚qui
963 2365 1020 2387 vos
1030 2355 1071 2387 ad
1088 2364 1138 2387 me

89 2409 205 2448 mittit,
222 2408 440 2440 fraudulenter
455 2410 487 2440 et
503 2408 651 2440 insidiose
667 2417 792 2440 mecum
812 2408 886 2447 agit.
906 2410 971 2447 Ego
984 2416 1059 2439 vero
1081 2416 1139 2439 vos

88 2461 198 2493 statim
216 2459 422 2499 interficiam,
438 2467 542 2500 neque
551 2459 727 2490 cunctabor
745 2459 952 2491 :inusitatum
967 2459 1053 2490 enim
1070 2460 1101 2490 et
1119 2467 1138 2489 a

89 2515 183 2553 gente
196 2513 304 2544 nostra
314 2512 454 2543 alienum
464 2535 473 2551 ,
488 2513 524 2542 ut
540 2511 636 2542 homo
659 2514 783 2542 Turcus
799 2511 973 2542 mentiatur
984 2513 1016 2542 et
1038 2511 1136 2542 sallat..

91 2565 153 2602 Qui
167 2566 275 2596 autem
290 2563 373 2604 apud
394 2573 449 2595 vos
462 2565 589 2603 regnat,
604 2563 683 2593 mihi
700 2563 823 2594 debitas
842 2564 1000 2602 persolvet
1017 2571 1137 2602 poenas.

92 2619 176 2649 Dum
189 2616 275 2648 enim
288 2624 415 2647 mecum
436 2615 539 2646 amica
559 2615 657 2646 verba
671 2614 823 2654 loquitur,
847 2614 964 2646 t'sedera
978 2614 1047 2645 iniit
1063 2623 1138 2645 cum

92 2668 313 2708 Uarchonitis,
330 2668 430 2700 servis
447 2667 563 2699 nostris
585 2667 764 2707 (indicabat
780 2668 888 2698 autem
902 2667 1062 2706 Avares),
1082 2667 1137 2706 qui

93 2730 111 2752 a
133 2719 270 2751 dominis
293 2719 358 2751 suis
379 2719 582 2758 aufugerunt.
605 2719 644 2749 Et
664 2717 866 2748 Uar-chonitae
887 2717 1038 2757 quidem,
1067 2718 1138 2748 tan-

92 2780 191 2812 quam
204 2773 382 2803 Turcorum
396 2770 526 2809 subditi,
543 2778 646 2810 quum
659 2769 804 2808 voluero,
817 2768 856 2800 ad
869 2777 918 2799 me
928 2768 1090 2808 redibunt,
1108 2770 1139 2800 et

93 2825 120 2855 si
134 2824 288 2864 flagellum
310 2832 416 2855 meum
429 2847 437 2862 ‚
456 2831 520 2863 quo
537 2831 636 2862 equos
653 2822 801 2862 impello,
823 2821 1060 2861 conspexerint,
1078 2830 1136 2852 an·

94 2875 214 2916 fugient
233 2876 265 2906 et
286 2875 318 2906 in
333 2874 484 2906 interiora
503 2876 596 2905 terrae
616 2882 649 2905 se
669 2873 788 2905 abdent
807 2884 814 2904 ε
833 2873 858 2904 si
877 2872 1048 2904 consistere
1069 2873 1137 2904 ausi

95 2927 230 2967 suerint,
245 2928 421 2966 caedentur,
435 2929 472 2958 ut
485 2936 542 2967 par
554 2928 612 2966 est,
630 2935 694 2958 non
708 2926 837 2966 gladiis,
854 2925 910 2957 sed
932 2925 1138 2957 formicarum

94 2982 193 3012 instar
207 2983 409 3012 conterentur
423 2980 582 3020 unguibus
595 2979 755 3019 equitatus
771 2979 889 3018 nostri3
907 2978 947 3010 de
963 2979 1138 3010 Uarchoni-

94 3034 137 3065 tis
153 3034 248 3073 igitur
274 3042 324 3064 res
342 3033 461 3063 suntin
484 3033 567 3063 tuto.
589 3034 652 3063 Vos
678 3033 806 3070 autem,
824 3031 979 3069 Romani,
997 3031 1072 3072 quid
1093 3032 1141 3063 est

96 3085 182 3125 quod
195 3085 313 3124 legatos
327 3093 413 3115 meos
430 3093 485 3123 per
501 3086 682 3115 Caucasum
698 3083 758 3115 iter
772 3083 960 3123 Byzantium
976 3083 1140 3115 instituere

94 3137 212 3176 J'ubetis
224 3160 232 3175 ‚
248 3137 280 3167 et
298 3135 402 3166 dicitis
418 3135 513 3166 aliam
527 3135 612 3166 viam
638 3143 702 3166 non
718 3136 810 3166 esse?
826 3134 861 3166 Id
875 3143 950 3166 vero
968 3135 1088 3174 facitis,
1104 3137 1139 3167 ut

97 3188 227 3228 propter
254 3186 374 3217 itineris
404 3186 627 3217 difficultatem
652 3185 692 3217 al)
710 3186 897 3217 invadendis
919 3188 1137 3218 Romanorum

97 3240 214 3270 tinibus
228 3239 388 3271 absistam.
403 3240 463 3270 Sed
477 3248 533 3277 ego
545 3239 642 3278 probe
658 3239 723 3269 scio
733 3263 741 3278 ‚
759 3248 822 3278 qua
835 3239 991 3279 Danapris
1005 3239 1136 3280 fluvius,

96 3300 161 3331 qua
178 3293 267 3330 Ister,
277 3300 342 3331 qua
354 3291 479 3322 Hebrus
494 3291 590 3330 ssuat,
605 3299 670 3330 qua
682 3291 863 3322 transierint
875 3292 908 3322 in
921 3294 1137 3324 Romanorum

97 3343 251 3374 ditionem
267 3343 488 3381 Uarchouitae,
507 3342 589 3373 servi
612 3342 732 3382 nostri,
758 3343 795 3373 ut
816 3343 916 3382 ipsam
940 3343 1137 3376 invaderent.

96 3397 206 3435 Neque
221 3403 278 3436 ego
288 3404 358 3427 sum
376 3395 500 3426 nescius
510 3396 688 3426 vestrarum
702 3395 829 3426 virium.
840 3396 950 3427 Omnis
962 3397 1046 3428 enirn
1056 3399 1140 3429 terra

96 3447 170 3478 inde
187 3455 205 3478 a
218 3447 327 3487 primis
343 3446 418 3479 solis
435 3445 530 3478 radiis
554 3454 655 3486 usque
676 3446 717 3478 ad
734 3446 862 3478 ultimos
878 3447 1052 3480 occidentis
1076 3449 1138 3480 ter-

834 244 1106 284 MENANDRI
1139 245 1485 285 PROTECTORIS

1184 332 1244 370 καὶ
1263 335 1282 370 ὁ
1302 332 1440 385 Ἴστρος
1456 333 1534 371 ἔνθα
1552 335 1737 386 καταρρεῖ,
1757 333 1816 371 καὶ
1829 333 1885 372 ἵνα
1902 337 1920 373 ὁ
1935 333 2085 387 Ἕὸρος,
2102 335 2224 375 ὁπόθεν

1183 406 1221 428 τε
1240 391 1502 444 ἐπεραιώθησαν
1522 393 1555 435 ἐς
1574 389 1635 438 τὴν
1651 391 1859 442 Ῥωμαϊκὴν
1873 392 1911 430 τὸ
1925 392 2095 444 ἡμέτερον
2112 394 2226 432 δουλι-

1184 448 1244 487 κὸν
1261 450 1292 487 οἱ
1311 451 1573 503 Οὖαρχωνῒται.
1593 450 1671 489 Οὐκ
1691 452 1804 502 ἀγνοῶ
1827 450 1889 497 τὴν
1909 453 1987 489 καθ’
2007 454 2097 503 ὑμᾶς
2117 451 2227 492 δύνα-

1186 507 1365 558 μιν.Ἐμοὶ
1380 507 1446 559 γὰρ
1464 507 1691 547 ὑποκέκλιται
1713 514 1813 548 πᾶσα
1835 512 1857 556 ἡ
1877 512 1944 561 γῆ,
1963 509 2141 562 ἀρχομένη
2159 510 2223 562 μὲν

1186 567 1225 603 ἐκ
1238 567 1305 603 τῶν
1320 570 1380 604 τοῦ
1398 566 1497 613 ἡλίου
1518 566 1666 619 πρώτων
1686 566 1848 615 ἀκτίνων,
1869 568 2118 619 καταλήγουσα
2138 569 2175 608 δὲ
2191 571 2227 614 ἐς

1185 623 1229 662 τὰ
1246 624 1382 676 πέρατα
1400 628 1461 672 τῆς
1484 625 1644 679 ἑσπέρας.
1670 625 1912 678 Ἐσαθρήσατε
1926 657 1937 677 ,
1955 620 1984 665 ὦ
2005 627 2169 676 δείλαιοι,
2183 626 2230 669 τὰ

1187 682 1351 721 Ἀλανικὰ
1378 682 1478 732 ἔθνη,
1509 683 1559 721 ἔτι
1583 699 1623 735 γε
1651 683 1721 735 μὴν
1744 685 1804 723 καὶ
1831 685 1876 723 τὰ
1900 687 1992 738 φῦλα
2020 688 2087 724 τῶν
2115 687 2225 726 Οὔτι-

1187 740 1333 792 γούρων,
1356 740 1445 792 οἵγε
1472 742 1530 780 ἐπὶ
1548 741 1637 780 πολὺ
1664 742 1848 795 Θαρραλέοι
1873 744 1912 782 τέ
1940 759 2027 788 τινες
2053 743 2144 788 ὄντες
2165 743 2228 784 καὶ

1188 801 1231 849 τῇ
1248 799 1359 851 οἰκείᾳ
1375 799 1514 837 πίσυνοι
1532 799 1676 850 δυνάμει
1696 800 1926 846 ἀντετάξαντο
1946 800 2010 852 μὲν
2024 803 2072 854 τῷ
2093 803 2228 843 ἀκατα-

1190 857 1341 910 μαχήτῳ
1360 859 1428 894 τῶν
1443 855 1624 910 Τούρκων,
1645 860 1708 897 οὐκ
1723 858 1904 898 ἀπώναντο
1920 858 1956 897 δὲ
1978 862 2046 898 τῶν
2063 859 2227 901 ἐλπίδων.

1188 914 1312 967 Ταύτῃ
1333 931 1384 953 τοι
1402 915 1462 954 καὶ
1485 915 1717 955 ὑπακούωσιν
1737 920 1837 968 ἡμῖν,
1858 917 1919 956 καὶ
1943 919 1979 956 ἐν
1999 918 2104 971 μοίρᾳ
2122 923 2231 958 καθε-

1188 973 1339 1020 στήκασι
1365 973 1502 1013 δούλου.
1529 991 1546 1008 »
1568 977 1734 1014 Τοσαῦτα
1767 974 1829 1026 μὲν
1858 971 1916 1014 οὖν
1942 979 1992 1029 τῷ
2023 977 2232 1030 Τουρξάνθῳ

1189 1032 1453 1082 ἐκεκόμπαστο·
1481 1033 1658 1085 ὑψαγόρας
1678 1033 1745 1085 γάρ
1771 1050 1822 1078 τις
1848 1033 1936 1086 ἀνὴρ
1960 1034 2021 1074 καὶ
2045 1037 2229 1089 ἀλαζονείᾳ

1188 1090 1335 1143 χαίρων.
1358 1089 1405 1129 Ὁ
1425 1089 1461 1128 δὲ
1482 1092 1711 1134 Οὐαλεντῖνος
1730 1090 1889 1139 ἀκηκοὼς
1913 1091 2025 1137 ἔλεξεν
2045 1087 2134 1132 ὧδε·
2154 1113 2170 1130 ιι
2187 1096 2231 1134 Εἰ

1190 1148 1239 1200 μὴ
1256 1147 1507 1201 χαλεπώτατόν
1522 1164 1594 1192 πως
1607 1149 1666 1187 καὶ
1681 1150 1821 1203 ἀνιαρὸν
1837 1152 2002 1202 ὑπῆρχεν,
2018 1144 2047 1189 ὦ
2061 1150 2229 1204 Τοῦρκων

1190 1206 1343 1259 ἡγεμὼν,
1363 1207 1422 1246 καὶ
1438 1206 1567 1251 παντὸς
1587 1208 1828 1261 ὀλεθριώτερον
1847 1209 1995 1247 θανάτου
2013 1209 2052 1248 τὸ
2071 1210 2232 1250 τεθνάναι

1190 1270 1284 1317 ἡμᾶς
1306 1265 1372 1304 ὑπὸ
1392 1269 1453 1304 σοῦ
1467 1295 1477 1313 ,
1505 1267 1618 1310 ζῶσαν
1646 1266 1682 1305 ’δὲ
1705 1267 1803 1319 παρὰ
1828 1274 1935 1306 πᾶσιν
1959 1268 2150 1321 ἀνθρώποις
2167 1269 2232 1316 τὴν

1190 1324 1402 1377 κακηγορίαν
1418 1325 1628 1376 περινοστεῖν
1639 1339 1648 1349 ·
1666 1325 1726 1363 καὶ
1745 1329 1846 1364 τοῦτο
1861 1325 1901 1373 δὴ
1921 1326 1969 1377 μὴ
1987 1327 2129 1366 πώποτε
2142 1343 2234 1380 πρα-

1190 1386 1285 1437 χθὲν,
1303 1383 1620 1434 καινοτομούμενον
1634 1384 1702 1422 ὑπὸ
1721 1388 1800 1431 σοῦ,
1817 1388 1860 1438 τῇ
1881 1385 2004 1438 πράξει
2020 1385 2082 1433 τὴν
2098 1401 2231 1437 μαρτυ·

1192 1443 1269 1496 ρίαν
1303 1443 1559 1495 διασαφηνίζειν
1593 1441 1749 1493 ἔμελλεν,
1791 1446 1838 1488 ὡς
1877 1444 2080 1488 ἀπέκτεινας
2109 1444 2236 1496 ἄνδρας

1190 1500 1376 1554 πρέσὸεις,
1407 1501 1467 1538 καὶ
1495 1500 1534 1539 τὸ
1563 1504 1606 1554 τῇ
1642 1504 1730 1554 ἀκοῇ
1765 1501 1825 1540 καὶ
1851 1502 1937 1554 μόνῃ
1968 1503 2112 1556 φοὸερὸν
2141 1503 2232 1556 ἔργῳ

1191 1558 1411 1611 δειχθήσεται
1444 1558 1701 1612 φοὸερώτερον·
1729 1559 1894 1610 εὐξαίμην
1926 1559 1967 1598 ἂν
1997 1563 2047 1614 τῷ
2075 1561 2167 1599 κατὰ
2194 1561 2234 1600 σὲ

1191 1614 1279 1670 ξίφει
1295 1617 1444 1669 τήμερον
1461 1616 1523 1664 τὴν
1543 1617 1750 1656 τελευταίαν
1761 1620 1858 1665 ἰδεῖν,
1874 1622 1976 1656 τοῦτο
1993 1619 2055 1669 μὲν
2070 1621 2234 1673 ψευδολο-

1191 1675 1250 1729 γία
1269 1675 1405 1727 χαίρειν
1435 1675 1594 1722 ἀκηκοὼς
1609 1676 1666 1714 τὸν
1686 1679 1763 1714 κατ’
1790 1676 1851 1727 ἐμὲ
1875 1677 2022 1728 βασιλέα
2036 1707 2047 1727 ,
2078 1682 2179 1717 τοῦτο
2199 1678 2235 1718 δὲ

1191 1734 1420 1787 ψευδομένους
1440 1736 1535 1788 αὐτῷ
1555 1735 1631 1779 τοὺς
1646 1735 1818 1788 πρέσῧεις.
1835 1736 1898 1775 Διὸ
1915 1736 1956 1782 δὴ
1976 1738 2233 1789 ἐκλιπαροῧμεν

1192 1792 1382 1845 πραότερον
1399 1795 1482 1842 ἡμῖν
1499 1794 1736 1847 προσὸλέψαι,
1751 1794 1811 1832 καὶ
1831 1797 2015 1847 ὑποχαλᾶν
2032 1799 2093 1843 τῆς
2110 1797 2236 1848 ὀργῆς,

1196 1851 1255 1890 καὶ
1272 1850 1311 1889 τὸ
1327 1852 1405 1889 λίαν
1426 1851 1593 1903 ὀξύθυμον
1620 1853 1852 1910 φιλανθρώπῳ
1867 1854 2167 1905 καταμαλάττειν,
2185 1854 2236 1892 ἔτι

1192 1926 1232 1962 γε
1252 1909 1321 1962 μὴν
1338 1913 1388 1963 τῷ
1405 1914 1509 1963 κοινῷ
1523 1914 1590 1950 τῶν
1610 1911 1788 1964 πρέσὸεων
1807 1911 1984 1950 πείθεσθαι
2001 1913 2110 1966 νόμῳ.
2122 1913 2232 1964 Εἰρή-

1193 1985 1252 2015 νης
1271 1969 1338 2020 γάρ
1355 1972 1459 2019 ἐσμεν
1479 1970 1643 2022 ἐργάται,
1664 1971 1724 2008 καὶ
1751 1971 1969 2023 πραγμάτων
1987 1972 2091 2010 ὁσίων
2106 1971 2234 2022 ταμίαι

1193 2028 1471 2079 καθεστήκαμεν.
1498 2028 1631 2072 Ἄλλως
1664 2045 1700 2067 τε
1734 2030 1784 2067 δεῖ
1812 2028 1849 2067 σὲ
1884 2029 1944 2068 καὶ
1975 2032 2038 2077 τῆς
2069 2028 2238 2083 πατρῴας

1194 2089 1472 2140 κληρονομοῦντα
1491 2090 1554 2139 γ’ἧς
1573 2104 1610 2126 τε
1637 2087 1696 2126 καὶ
1717 2087 1826 2139 τύχης
1855 2088 1915 2126 καὶ
1945 2087 2023 2133 τοὺς
2055 2088 2240 2142 πατρῴους

1197 2200 1303 2231 minos
1320 2199 1398 2231 mihi
1411 2200 1502 2240 paret
1522 2211 1530 2230 :
1549 2199 1652 2238 vobis,
1669 2208 1689 2231 o
1709 2199 1828 2238 miseri,
1851 2200 1894 2231 ob
1906 2200 2018 2232 oculos
2034 2201 2142 2241 ponite
2163 2201 2240 2233 Ala-

1198 2260 1312 2284 norum
1326 2251 1451 2292 gentem
1464 2252 1561 2291 atque
1578 2251 1800 2291 Utigurorum.
1822 2251 1862 2284 Hi
1876 2251 1990 2292 insigni
2008 2251 2194 2284 fortitudine
2209 2254 2242 2285 et

1198 2303 1332 2335 audacia
1353 2302 1477 2343 praediti
1490 2304 1522 2334 et
1544 2303 1725 2335 domesticis
1741 2303 1840 2343 copiis
1862 2303 1933 2334 freti
1953 2304 2067 2335 contra
2088 2303 2241 2336 invictam

1198 2358 1378 2388 Turcorum
1391 2359 1518 2397 gentem
1534 2357 1602 2388 acie
1620 2355 1797 2396 congressi,
1816 2357 1895 2388 nihil
1919 2357 2090 2397 quicquam
2109 2365 2240 2396 eorum,

1199 2418 1272 2449 quae
1297 2409 1521 2449 speraverant,
1539 2408 1701 2440 consecuti
1717 2409 1811 2446 sunt,
1838 2408 1894 2440 sed
1908 2408 1999 2440 nobis
2021 2409 2153 2448 parent,
2178 2418 2238 2440 no-

1201 2463 1408 2502 strorumque
1431 2470 1596 2493 servorum
1623 2469 1758 2492 numero
1779 2461 1947 2492 habentur.
1969 2473 1984 2488 »
2002 2462 2080 2492 flaec
2095 2463 2242 2494 Tur-xan-

1198 2514 1358 2546 thuscum
1376 2522 1490 2553 magno
1507 2514 1588 2545 fastu
1609 2512 1743 2553 Jactavit
1755 2514 1787 2544 et
1799 2512 1933 2551 effudit3
1949 2513 2017 2544 erat
2040 2513 2126 2544 enim
2145 2512 2242 2544 homo

1198 2574 1290 2596 vanae
1307 2565 1414 2605 gloriae
1431 2565 1567 2605 cupidus
1588 2578 1595 2597 :
1614 2565 1666 2596 cui
1681 2565 1870 2597 Valentinus
1885 2565 1928 2596 ita
1941 2564 2102 2605 respondit
2116 2574 2125 2596 ε
2141 2577 2158 2594 α
2177 2565 2242 2598 Nisi

1198 2617 1421 2656 gravissimum
1435 2617 1515 2648 soret
1528 2619 1560 2650 et
1574 2618 1713 2649 maxime
1726 2617 1900 2649 nefandum
1911 2641 1920 2657 ,
1934 2626 1954 2649 o
1967 2619 2147 2650 Turcorum
2161 2617 2241 2658 dux,

1199 2669 1231 2700 et
1249 2668 1391 2708 qualibet
1415 2669 1519 2700 morte
1546 2669 1771 2708 perniciosius,
1796 2677 1854 2700 nos
1877 2677 1896 2700 a
1919 2670 1951 2700 te
1975 2669 2096 2708 occidi,
2118 2678 2158 2702 ex
2178 2677 2243 2710 quo

1200 2729 1364 2760 nunquam
1382 2721 1550 2752 interitura
1566 2721 1649 2761 apud
1670 2730 1781 2753 omnes
1795 2721 1941 2753 homines
1955 2724 1988 2754 te
2003 2723 2147 2754 maneret
2160 2722 2242 2754 insa-

1200 2773 1264 2804 mia
1276 2797 1284 2811 ,
1304 2774 1335 2804 et
1351 2782 1415 2813 quo
1433 2773 1517 2804 facto
1530 2775 1566 2804 tu
1591 2774 1713 2805 facinus
1736 2783 1902 2814 nunquam
1921 2775 2015 2806 antea
2038 2774 2242 2807 commissum

1199 2833 1296 2855 ausus
1309 2848 1318 2863 ,
1335 2824 1359 2855 si
1374 2824 1492 2864 legatos
1504 2833 1633 2856 necares
1642 2849 1651 2863 ‚
1666 2834 1699 2855 re
1710 2825 1778 2865 ipsa
1791 2825 1940 2858 omnibus
1953 2828 2066 2858 notum
2076 2827 2244 2858 testatum-

1198 2884 1262 2915 que
1281 2875 1493 2915 relinqueres,
1507 2875 1594 2915 quod
1609 2875 1720 2907 auditu
1737 2876 1804 2916 ipso
1821 2876 2037 2916 horrendum,
2051 2877 2135 2909 sacto
2151 2877 2243 2918 longe

1201 2926 1382 2957 horribilius
1397 2928 1428 2958 et
1441 2926 1660 2958 detestabilius
1675 2929 1858 2967 appareret;
1873 2937 1931 2968 ego
1945 2928 1995 2959 hic
2011 2937 2085 2960 ense
2097 2930 2154 2960 tuo
2173 2929 2241 2961 tra-

1196 2978 1301 3017 jectus
1311 2979 1454 3018 optarem
1465 2979 1645 3009 extremum
1653 2977 1738 3009 diem
1746 2977 1864 3017 videre,
1878 2987 1980 3018 quum
1990 2979 2086 3010 audio
2096 2987 2114 3010 a
2123 2980 2156 3011 te
2165 2979 2239 3020 dici,

1199 3032 1268 3062 tum
1294 3030 1518 3069 imperatorem
1540 3030 1685 3060 nostrum
1713 3029 1879 3061 mendacio
1894 3030 2058 3069 delectari,
2085 3033 2156 3063 tum
2183 3041 2242 3064 nos

1201 3083 1318 3122 legatos
1334 3083 1413 3122 ejus.
1426 3084 1537 3122 ltaque
1547 3083 1579 3113 te
1592 3082 1750 3122 supplices
1762 3091 1892 3114 oramus
1904 3084 2001 3123 atque
2013 3083 2240 3123 obstestamur,

1199 3136 1235 3166 ut
1251 3144 1308 3166 nos
1317 3134 1459 3174 benignis
1470 3134 1571 3166 oculis
1584 3134 1737 3166 intuearis
1747 3158 1755 3173 ,
1769 3135 1800 3166 et
1813 3135 1880 3166 tuae
1892 3135 1948 3166 irae
1962 3134 2093 3166 modum
2111 3135 2240 3176 faciens,

1198 3186 1394 3217 acerbiorem
1417 3186 1514 3217 animi
1532 3186 1580 3217 tui
1598 3186 1723 3216 motum
1742 3186 1894 3226 aequitate
1912 3187 1944 3217 et
1960 3186 2161 3218 humanitate
2183 3187 2240 3218 mi-

1198 3239 1276 3278 tiges
1289 3240 1321 3270 et
1340 3239 1462 3279 places,
1479 3240 1512 3270 et
1530 3238 1607 3278 legi,
1622 3246 1696 3278 quae
1708 3240 1925 3270 sacrosanctos
1943 3239 2061 3278 legatos
2079 3248 2146 3271 esse
2167 3248 2240 3271 con-

1200 3291 1319 3329 stituit,
1339 3299 1458 3331 pareas.
1477 3292 1593 3322 Sumus
1611 3290 1694 3322 enim
1718 3291 1801 3331 pacis
1815 3291 1950 3322 ministri
1966 3292 1998 3323 et
2013 3292 2130 3323 sanctis
2144 3292 2241 3324 rebus

1199 3343 1416 3384 dispensandis
1428 3352 1618 3384 praesumus.
1634 3345 1736 3383 Atque
1749 3343 1844 3374 etiam
1855 3352 1956 3383 quum
1969 3344 2017 3375 tui
2028 3344 2126 3384 patris
2137 3345 2240 3376 morte

1198 3396 1266 3436 ejus
1278 3396 1362 3435 regni
1374 3397 1405 3427 et
1417 3394 1561 3427 omnium
1573 3395 1772 3426 fortunarum
1784 3395 1942 3427 hereditas
1950 3395 1989 3427 ad
2003 3397 2036 3428 te
2048 3396 2237 3436 pervenerit,

1199 3449 1347 3488 paternos
1355 3455 1485 3487 quoqne
1497 3446 1634 3486 amicos,
1654 3448 1807 3487 tanquam
1821 3448 1984 3487 paternam
1998 3447 2238 3489 possessionem,
