<?xml version="1.0" encoding="UTF-8"?>
<!DOCTYPE html PUBLIC "-//W3C//DTD XHTML 1.0 Transitional//EN"
    "http://www.w3.org/TR/xhtml1/DTD/xhtml1-transitional.dtd">
<html xmlns="http://www.w3.org/1999/xhtml" xml:lang="en" lang="en">
 <head>
  <title>
</title>
<meta http-equiv="Content-Type" content="text/html;charset=utf-8" />
  <meta name='ocr-system' content='tesseract 3.04.00' />
  <meta name='ocr-capabilities' content='ocr_page ocr_carea ocr_par ocr_line ocrx_word'/>
</head>
<body>
  <div class='ocr_page' id='page_1' title='image "./fragmentahistori04mueluoft_0015.png"; bbox 0 0 2314 3756; ppageno 0'>
   <div class='ocr_carea' id='block_1_1' title="bbox 769 178 2206 220">
    <p class='ocr_par' dir='ltr' id='par_1_1' title="bbox 769 178 2206 220">
     <span class='ocr_line' id='line_1_1' title="bbox 769 178 2206 220; baseline -0.006 0"><span class='ocrx_word' id='word_1_1' title='bbox 769 178 1483 220; x_wconf 81' lang='lat' dir='ltr'>BEMARCHIUS.EUSTOCH1US.</span> <span class='ocrx_word' id='word_1_2' title='bbox 2186 189 2206 220; x_wconf 78' lang='lat'><strong>3</strong></span> 
     </span>
    </p>
   </div>
   <div class='ocr_carea' id='block_1_2' title="bbox 4 265 1102 1555">
    <p class='ocr_par' dir='ltr' id='par_1_2' title="bbox 50 265 1092 323">
     <span class='ocr_line' id='line_1_2' title="bbox 50 265 1092 323; baseline -0.007 -13"><span class='ocrx_word' id='word_1_3' title='bbox 50 268 232 323; x_wconf 82' lang='grc' dir='ltr'>εἰρημένας</span> <span class='ocrx_word' id='word_1_4' title='bbox 258 268 437 322; x_wconf 80' lang='grc' dir='ltr'>βασιλείας</span> <span class='ocrx_word' id='word_1_5' title='bbox 459 266 738 307; x_wconf 80' lang='grc' dir='ltr'>ἐπισπάσασθαι.</span> <span class='ocrx_word' id='word_1_6' title='bbox 765 268 840 314; x_wconf 80' lang='grc' dir='ltr'>Τῆς</span> <span class='ocrx_word' id='word_1_7' title='bbox 867 282 906 305; x_wconf 84' lang='grc' dir='ltr'>τε</span> <span class='ocrx_word' id='word_1_8' title='bbox 933 265 1001 319; x_wconf 83' lang='grc' dir='ltr'>γὰρ</span> <span class='ocrx_word' id='word_1_9' title='bbox 1021 280 1092 304; x_wconf 86' lang='grc' dir='ltr'>πα·</span> 
     </span>
    </p>

    <p class='ocr_par' dir='ltr' id='par_1_3' title="bbox 50 323 1095 437">
     <span class='ocr_line' id='line_1_3' title="bbox 50 323 1095 383; baseline -0.006 -15"><span class='ocrx_word' id='word_1_10' title='bbox 50 329 162 383; x_wconf 84' lang='grc' dir='ltr'>τρῴας</span> <span class='ocrx_word' id='word_1_11' title='bbox 171 328 410 380; x_wconf 82' lang='grc' dir='ltr'>κληρονόμος’</span> <span class='ocrx_word' id='word_1_12' title='bbox 395 343 450 378; x_wconf 92' lang='grc' dir='ltr'>εγ;</span> <span class='ocrx_word' id='word_1_13' title='bbox 436 323 529 365; x_wconf 77' lang='grc' dir='ltr'>ένετο</span> <span class='ocrx_word' id='word_1_14' title='bbox 540 326 668 373; x_wconf 87' lang='grc' dir='ltr'>καὶτης</span> <span class='ocrx_word' id='word_1_15' title='bbox 677 325 881 376; x_wconf 84' lang='grc' dir='ltr'>Ρωμαίων,</span> <span class='ocrx_word' id='word_1_16' title='bbox 892 323 1095 367; x_wconf 87' lang='grc' dir='ltr'>καταλυσας</span> 
     </span>
     <span class='ocr_line' id='line_1_4' title="bbox 52 383 1094 438; baseline -0.008 -10"><span class='ocrx_word' id='word_1_17' title='bbox 52 387 248 438; x_wconf 86' lang='grc' dir='ltr'>Μαξιμῖνον</span> <span class='ocrx_word' id='word_1_18' title='bbox 269 387 317 437; x_wconf 85' lang='lat' dir='ltr'>(l.</span> <span class='ocrx_word' id='word_1_19' title='bbox 346 384 445 430; x_wconf 86' lang='grc' dir='ltr'>Μαξε</span> <span class='ocrx_word' id='word_1_20' title='bbox 437 383 579 437; x_wconf 84' lang='grc' dir='ltr'>’ντιὸν),</span> <span class='ocrx_word' id='word_1_21' title='bbox 600 383 772 427; x_wconf 84' lang='grc' dir='ltr'>Ἑλλάδος</span> <span class='ocrx_word' id='word_1_22' title='bbox 791 399 829 422; x_wconf 88' lang='grc' dir='ltr'>τε</span> <span class='ocrx_word' id='word_1_23' title='bbox 847 383 908 422; x_wconf 85' lang='grc' dir='ltr'>καὶ</span> <span class='ocrx_word' id='word_1_24' title='bbox 931 383 1094 422; x_wconf 87' lang='grc' dir='ltr'>Μακεδο-</span> 
     </span>
    </p>

    <p class='ocr_par' dir='ltr' id='par_1_4' title="bbox 4 441 1100 1145">
     <span class='ocr_line' id='line_1_5' title="bbox 50 441 1098 502; baseline -0.007 -17"><span class='ocrx_word' id='word_1_25' title='bbox 50 446 125 490; x_wconf 85' lang='grc' dir='ltr'>νίας</span> <span class='ocrx_word' id='word_1_26' title='bbox 137 461 196 485; x_wconf 85' lang='grc' dir='ltr'>και</span> <span class='ocrx_word' id='word_1_27' title='bbox 209 447 270 491; x_wconf 82' lang='grc' dir='ltr'>τ’ἧς</span> <span class='ocrx_word' id='word_1_28' title='bbox 287 443 379 483; x_wconf 81' lang='grc' dir='ltr'>κατὰ</span> <span class='ocrx_word' id='word_1_29' title='bbox 390 442 528 493; x_wconf 86' lang='grc' dir='ltr'>Ἀσίας,</span> <span class='ocrx_word' id='word_1_30' title='bbox 543 442 751 495; x_wconf 86' lang='grc' dir='ltr'>παραλύσας</span> <span class='ocrx_word' id='word_1_31' title='bbox 770 458 831 490; x_wconf 88' lang='grc' dir='ltr'>της</span> <span class='ocrx_word' id='word_1_32' title='bbox 846 443 956 495; x_wconf 76' lang='grc' dir='ltr'>ἀρχῆς</span> <span class='ocrx_word' id='word_1_33' title='bbox 968 441 1026 479; x_wconf 83' lang='grc' dir='ltr'>τὸν</span> <span class='ocrx_word' id='word_1_34' title='bbox 1040 442 1098 502; x_wconf 80' lang='grc' dir='ltr'>ῥη-</span> 
     </span>
     <span class='ocr_line' id='line_1_6' title="bbox 4 499 1097 570; baseline -0.005 -27"><span class='ocrx_word' id='word_1_35' title='bbox 4 520 5 523; x_wconf 69' lang='grc'>’</span> <span class='ocrx_word' id='word_1_36' title='bbox 50 503 150 544; x_wconf 80' lang='grc' dir='ltr'>θέντα</span> <span class='ocrx_word' id='word_1_37' title='bbox 166 503 396 544; x_wconf 85' lang='grc' dir='ltr'>Λικίνιον·οὖ</span> <span class='ocrx_word' id='word_1_38' title='bbox 417 501 486 554; x_wconf 87' lang='grc' dir='ltr'>μὴν</span> <span class='ocrx_word' id='word_1_39' title='bbox 507 501 598 540; x_wconf 80' lang='grc' dir='ltr'>ἀλλὰ</span> <span class='ocrx_word' id='word_1_40' title='bbox 617 501 678 540; x_wconf 79' lang='grc' dir='ltr'>καὶ</span> <span class='ocrx_word' id='word_1_41' title='bbox 697 504 758 548; x_wconf 80' lang='grc' dir='ltr'>τ’ἧς</span> <span class='ocrx_word' id='word_1_42' title='bbox 775 500 883 548; x_wconf 83' lang='grc' dir='ltr'>ἄλλης</span> <span class='ocrx_word' id='word_1_43' title='bbox 899 499 1041 570; x_wconf 79' lang='grc' dir='ltr'>μοίρας,</span> <span class='ocrx_word' id='word_1_44' title='bbox 1056 503 1097 547; x_wconf 79' lang='grc' dir='ltr'>ἦς</span> 
     </span>
     <span class='ocr_line' id='line_1_7' title="bbox 50 557 1097 616; baseline -0.007 -13"><span class='ocrx_word' id='word_1_45' title='bbox 50 558 137 616; x_wconf 72' lang='grc' dir='ltr'>ἦρχε</span> <span class='ocrx_word' id='word_1_46' title='bbox 149 561 412 610; x_wconf 85' lang='grc' dir='ltr'>Διοκλητιανὸς,</span> <span class='ocrx_word' id='word_1_47' title='bbox 427 560 530 604; x_wconf 84' lang='grc' dir='ltr'>αὐτὸς</span> <span class='ocrx_word' id='word_1_48' title='bbox 544 559 740 607; x_wconf 80' lang='grc' dir='ltr'>ἀνεδήσατο</span> <span class='ocrx_word' id='word_1_49' title='bbox 751 575 789 597; x_wconf 92' lang='grc' dir='ltr'>το</span> <span class='ocrx_word' id='word_1_50' title='bbox 809 558 947 611; x_wconf 86' lang='grc' dir='ltr'>κράτος.</span> <span class='ocrx_word' id='word_1_51' title='bbox 963 557 1009 597; x_wconf 89' lang='grc' dir='ltr'>Ὁ</span> <span class='ocrx_word' id='word_1_52' title='bbox 1029 557 1097 610; x_wconf 84' lang='grc' dir='ltr'>γὰρ</span> 
     </span>
     <span class='ocr_line' id='line_1_8' title="bbox 49 616 1098 672; baseline -0.009 -9"><span class='ocrx_word' id='word_1_53' title='bbox 49 621 200 666; x_wconf 81' lang='grc' dir='ltr'>Λικίνιος</span> <span class='ocrx_word' id='word_1_54' title='bbox 220 621 280 660; x_wconf 88' lang='grc' dir='ltr'>καὶ</span> <span class='ocrx_word' id='word_1_55' title='bbox 298 620 430 667; x_wconf 88' lang='grc' dir='ltr'>ταύτην</span> <span class='ocrx_word' id='word_1_56' title='bbox 451 621 578 671; x_wconf 77' lang='grc' dir='ltr'>εἶχεν</span> <span class='ocrx_word' id='word_1_57' title='bbox 565 620 621 672; x_wconf 84' lang='grc' dir='ltr'>υφ’</span> <span class='ocrx_word' id='word_1_58' title='bbox 649 618 784 666; x_wconf 82' lang='grc' dir='ltr'>ἑαυτὸν,</span> <span class='ocrx_word' id='word_1_59' title='bbox 805 616 1004 668; x_wconf 83' lang='grc' dir='ltr'>Μαξιμίνου</span> <span class='ocrx_word' id='word_1_60' title='bbox 1031 631 1098 655; x_wconf 89' lang='grc' dir='ltr'>πο-</span> 
     </span>
     <span class='ocr_line' id='line_1_9' title="bbox 49 675 1096 739; baseline -0.007 -18"><span class='ocrx_word' id='word_1_61' title='bbox 49 681 158 732; x_wconf 82' lang='grc' dir='ltr'>λέμου</span> <span class='ocrx_word' id='word_1_62' title='bbox 177 680 274 733; x_wconf 84' lang='grc' dir='ltr'>νόμῳ</span> <span class='ocrx_word' id='word_1_63' title='bbox 294 678 456 739; x_wconf 82' lang='grc' dir='ltr'>ἀφελων,</span> <span class='ocrx_word' id='word_1_64' title='bbox 467 678 503 722; x_wconf 84' lang='grc' dir='ltr'>ὃς</span> <span class='ocrx_word' id='word_1_65' title='bbox 523 679 775 725; x_wconf 85' lang='grc' dir='ltr'>Διοκλητιανου</span> <span class='ocrx_word' id='word_1_66' title='bbox 795 677 989 729; x_wconf 79' lang='grc' dir='ltr'>διάδοχος’</span> <span class='ocrx_word' id='word_1_67' title='bbox 974 675 1096 728; x_wconf 86' lang='grc' dir='ltr'>εγεγό-</span> 
     </span>
     <span class='ocr_line' id='line_1_10' title="bbox 50 734 1097 792; baseline -0.007 -13"><span class='ocrx_word' id='word_1_68' title='bbox 50 756 112 780; x_wconf 83' lang='grc' dir='ltr'>νει.</span> <span class='ocrx_word' id='word_1_69' title='bbox 132 738 401 792; x_wconf 82' lang='grc' dir='ltr'>Κρατυνοίμενος</span> <span class='ocrx_word' id='word_1_70' title='bbox 417 740 475 776; x_wconf 79' lang='grc' dir='ltr'>οὖν</span> <span class='ocrx_word' id='word_1_71' title='bbox 499 737 559 775; x_wconf 85' lang='grc' dir='ltr'>καὶ</span> <span class='ocrx_word' id='word_1_72' title='bbox 580 735 663 787; x_wconf 87' lang='grc' dir='ltr'>μίαν</span> <span class='ocrx_word' id='word_1_73' title='bbox 690 736 801 781; x_wconf 87' lang='grc' dir='ltr'>δείξας</span> <span class='ocrx_word' id='word_1_74' title='bbox 819 734 882 782; x_wconf 84' lang='grc' dir='ltr'>τὴν</span> <span class='ocrx_word' id='word_1_75' title='bbox 904 734 1097 785; x_wconf 84' lang='grc' dir='ltr'>σύμπασαν</span> 
     </span>
     <span class='ocr_line' id='line_1_11' title="bbox 51 794 1098 875; baseline -0.006 -37"><span class='ocrx_word' id='word_1_76' title='bbox 51 798 244 875; x_wconf 88' lang='grc' dir='ltr'>βασιλείαν,</span> <span class='ocrx_word' id='word_1_77' title='bbox 258 797 366 843; x_wconf 82' lang='grc' dir='ltr'>κτίζει</span> <span class='ocrx_word' id='word_1_78' title='bbox 381 797 420 836; x_wconf 81' lang='grc' dir='ltr'>τὸ</span> <span class='ocrx_word' id='word_1_79' title='bbox 437 796 655 842; x_wconf 81' lang='grc' dir='ltr'>Βυζάντιον</span> <span class='ocrx_word' id='word_1_80' title='bbox 641 795 821 846; x_wconf 83' lang='grc' dir='ltr'>επώνυμον</span> <span class='ocrx_word' id='word_1_81' title='bbox 835 797 963 848; x_wconf 78' lang='grc' dir='ltr'>ἑαυτῶ.</span> <span class='ocrx_word' id='word_1_82' title='bbox 978 794 1098 842; x_wconf 83' lang='grc' dir='ltr'>Φησὶν</span> 
     </span>
     <span class='ocr_line' id='line_1_12' title="bbox 49 834 1096 911; baseline -0.007 -13"><span class='ocrx_word' id='word_1_83' title='bbox 49 852 107 898; x_wconf 90' lang='grc' dir='ltr'>ουν</span> <span class='ocrx_word' id='word_1_84' title='bbox 132 860 150 896; x_wconf 85' lang='grc' dir='ltr'>ὁ</span> <span class='ocrx_word' id='word_1_85' title='bbox 177 856 426 911; x_wconf 82' lang='grc' dir='ltr'>Πραξαγόρας,</span> <span class='ocrx_word' id='word_1_86' title='bbox 443 855 558 895; x_wconf 89' lang='grc' dir='ltr'>καίτοι</span> <span class='ocrx_word' id='word_1_87' title='bbox 574 854 637 902; x_wconf 86' lang='grc' dir='ltr'>τὴν</span> <span class='ocrx_word' id='word_1_88' title='bbox 662 854 851 907; x_wconf 86' lang='grc' dir='ltr'>θρησκείαν</span> <span class='ocrx_word' id='word_1_89' title='bbox 870 834 1012 901; x_wconf 66' lang='grc' dir='ltr'>εΈλλην</span> <span class='ocrx_word' id='word_1_90' title='bbox 1032 851 1096 904; x_wconf 78' lang='grc' dir='ltr'>ὢν,</span> 
     </span>
     <span class='ocr_line' id='line_1_13' title="bbox 49 913 1098 991; baseline -0.006 -35"><span class='ocrx_word' id='word_1_91' title='bbox 49 916 102 956; x_wconf 72' lang='grc' dir='ltr'>ὅτι</span> <span class='ocrx_word' id='word_1_92' title='bbox 114 915 212 970; x_wconf 82' lang='grc' dir='ltr'>πάσῃ</span> <span class='ocrx_word' id='word_1_93' title='bbox 227 918 332 991; x_wconf 82' lang='grc' dir='ltr'>ἀρετῇ</span> <span class='ocrx_word' id='word_1_94' title='bbox 350 915 409 954; x_wconf 80' lang='grc' dir='ltr'>καὶ</span> <span class='ocrx_word' id='word_1_95' title='bbox 422 913 664 966; x_wconf 81' lang='grc' dir='ltr'>καλοκάγαθία</span> <span class='ocrx_word' id='word_1_96' title='bbox 680 913 738 953; x_wconf 78' lang='grc' dir='ltr'>καὶ</span> <span class='ocrx_word' id='word_1_97' title='bbox 760 913 866 952; x_wconf 80' lang='grc' dir='ltr'>παντὶ</span> <span class='ocrx_word' id='word_1_98' title='bbox 881 912 1098 965; x_wconf 84' lang='grc' dir='ltr'>εὖτυχήματι</span> 
     </span>
     <span class='ocr_line' id='line_1_14' title="bbox 49 971 1099 1032; baseline -0.005 -18"><span class='ocrx_word' id='word_1_99' title='bbox 49 974 180 1020; x_wconf 78' lang='grc' dir='ltr'>πάντας</span> <span class='ocrx_word' id='word_1_100' title='bbox 206 974 286 1019; x_wconf 86' lang='grc' dir='ltr'>τους</span> <span class='ocrx_word' id='word_1_101' title='bbox 313 974 381 1027; x_wconf 86' lang='grc' dir='ltr'>πρὸ</span> <span class='ocrx_word' id='word_1_102' title='bbox 413 976 517 1012; x_wconf 81' lang='grc' dir='ltr'>αὐτου</span> <span class='ocrx_word' id='word_1_103' title='bbox 558 972 853 1032; x_wconf 74' lang='grc' dir='ltr'>βεὸασιλευκότας</span> <span class='ocrx_word' id='word_1_104' title='bbox 881 974 899 1010; x_wconf 84' lang='grc' dir='ltr'><strong>ὅ</strong></span> <span class='ocrx_word' id='word_1_105' title='bbox 935 971 1099 1024; x_wconf 86' lang='grc' dir='ltr'>βασιλευς</span> 
     </span>
     <span class='ocr_line' id='line_1_15' title="bbox 50 1029 1100 1085; baseline -0.006 -12"><span class='ocrx_word' id='word_1_106' title='bbox 50 1035 314 1077; x_wconf 89' lang='grc' dir='ltr'>Κωνσταντῖνος</span> <span class='ocrx_word' id='word_1_107' title='bbox 333 1031 573 1085; x_wconf 83' lang='grc' dir='ltr'>ἀπεκρύψατο.</span> <span class='ocrx_word' id='word_1_108' title='bbox 602 1030 666 1070; x_wconf 87' lang='grc' dir='ltr'>Ἔν</span> <span class='ocrx_word' id='word_1_109' title='bbox 692 1034 742 1074; x_wconf 75' lang='grc' dir='ltr'>οἷς</span> <span class='ocrx_word' id='word_1_110' title='bbox 762 1031 868 1069; x_wconf 83' lang='grc' dir='ltr'>αὐτου</span> <span class='ocrx_word' id='word_1_111' title='bbox 897 1029 958 1069; x_wconf 83' lang='grc' dir='ltr'>καὶ</span> <span class='ocrx_word' id='word_1_112' title='bbox 981 1031 1012 1068; x_wconf 81' lang='grc' dir='ltr'>οἱ</span> <span class='ocrx_word' id='word_1_113' title='bbox 1039 1030 1100 1068; x_wconf 88' lang='grc' dir='ltr'>δύο</span> 
     </span>
     <span class='ocr_line' id='line_1_16' title="bbox 51 1091 512 1152; baseline -0.007 -21"><span class='ocrx_word' id='word_1_114' title='bbox 51 1107 367 1145; x_wconf 88' lang='grc' dir='ltr'>συμπεραινουνται</span> <span class='ocrx_word' id='word_1_115' title='bbox 385 1091 438 1130; x_wconf 93' lang='grc' dir='ltr'>λό</span> <span class='ocrx_word' id='word_1_116' title='bbox 429 1107 512 1152; x_wconf 42' lang='grc' dir='ltr'>γ.οι”</span> 
     </span>
    </p>

    <p class='ocr_par' dir='ltr' id='par_1_5' title="bbox 52 1143 1101 1555">
     <span class='ocr_line' id='line_1_17' title="bbox 103 1143 1100 1201; baseline -0.005 -10.912"><span class='ocrx_word' id='word_1_117' title='bbox 103 1149 211 1195; x_wconf 82' lang='grc' dir='ltr'>Ἔτος</span> <span class='ocrx_word' id='word_1_118' title='bbox 221 1150 257 1189; x_wconf 85' lang='grc' dir='ltr'>δὲ</span> <span class='ocrx_word' id='word_1_119' title='bbox 267 1167 328 1198; x_wconf 84' lang='grc' dir='ltr'>της</span> <span class='ocrx_word' id='word_1_120' title='bbox 341 1143 512 1198; x_wconf 85' lang='grc' dir='ltr'>ἡλικίας’</span> <span class='ocrx_word' id='word_1_121' title='bbox 489 1164 554 1201; x_wconf 88' lang='grc' dir='ltr'>ηγε</span> <span class='ocrx_word' id='word_1_122' title='bbox 539 1148 719 1201; x_wconf 81' lang='grc' dir='ltr'>..δεύτερον</span> <span class='ocrx_word' id='word_1_123' title='bbox 731 1147 952 1187; x_wconf 83' lang='grc' dir='ltr'>καιεῖκοστὸν</span> <span class='ocrx_word' id='word_1_124' title='bbox 963 1146 1100 1200; x_wconf 85' lang='grc' dir='ltr'>Πραξα·</span> 
     </span>
     <span class='ocr_line' id='line_1_18' title="bbox 52 1205 1102 1264; baseline -0.004 -16"><span class='ocrx_word' id='word_1_125' title='bbox 52 1210 168 1264; x_wconf 86' lang='grc' dir='ltr'>γόρας,</span> <span class='ocrx_word' id='word_1_126' title='bbox 185 1213 231 1254; x_wconf 84' lang='grc' dir='ltr'>ὥς</span> <span class='ocrx_word' id='word_1_127' title='bbox 248 1209 350 1253; x_wconf 79' lang='grc' dir='ltr'>αὐτός</span> <span class='ocrx_word' id='word_1_128' title='bbox 368 1224 486 1262; x_wconf 82' lang='grc' dir='ltr'>φησιν,</span> <span class='ocrx_word' id='word_1_129' title='bbox 507 1207 563 1247; x_wconf 77' lang='grc' dir='ltr'>ὅτε</span> <span class='ocrx_word' id='word_1_130' title='bbox 580 1223 689 1246; x_wconf 83' lang='grc' dir='ltr'>ταυτα</span> <span class='ocrx_word' id='word_1_131' title='bbox 708 1206 911 1260; x_wconf 86' lang='grc' dir='ltr'>συνέγραφε.</span> <span class='ocrx_word' id='word_1_132' title='bbox 927 1205 1102 1259; x_wconf 85' lang='grc' dir='ltr'>Συνεγρά-</span> 
     </span>
     <span class='ocr_line' id='line_1_19' title="bbox 53 1265 1101 1322; baseline -0.006 -14"><span class='ocrx_word' id='word_1_133' title='bbox 53 1271 142 1322; x_wconf 83' lang='grc' dir='ltr'>ψατο</span> <span class='ocrx_word' id='word_1_134' title='bbox 156 1268 191 1307; x_wconf 85' lang='grc' dir='ltr'>δὲ</span> <span class='ocrx_word' id='word_1_135' title='bbox 207 1271 224 1307; x_wconf 88' lang='grc' dir='ltr'>ὁ</span> <span class='ocrx_word' id='word_1_136' title='bbox 238 1268 341 1312; x_wconf 83' lang='grc' dir='ltr'>αὐτὸς</span> <span class='ocrx_word' id='word_1_137' title='bbox 356 1267 416 1306; x_wconf 87' lang='grc' dir='ltr'>καὶ</span> <span class='ocrx_word' id='word_1_138' title='bbox 428 1267 529 1319; x_wconf 81' lang='grc' dir='ltr'>ἕτερα</span> <span class='ocrx_word' id='word_1_139' title='bbox 545 1266 665 1318; x_wconf 73' lang='grc' dir='ltr'>βιὸλία</span> <span class='ocrx_word' id='word_1_140' title='bbox 680 1265 740 1305; x_wconf 87' lang='grc' dir='ltr'>δύο</span> <span class='ocrx_word' id='word_1_141' title='bbox 752 1266 842 1319; x_wconf 81' lang='grc' dir='ltr'>Περὶ</span> <span class='ocrx_word' id='word_1_142' title='bbox 857 1267 925 1304; x_wconf 83' lang='grc' dir='ltr'>τῶν</span> <span class='ocrx_word' id='word_1_143' title='bbox 938 1265 1101 1312; x_wconf 88' lang='grc' dir='ltr'>Ἀθήνησι</span> 
     </span>
     <span class='ocr_line' id='line_1_20' title="bbox 55 1323 1101 1381; baseline -0.006 -14"><span class='ocrx_word' id='word_1_144' title='bbox 55 1327 348 1381; x_wconf 83' lang='grc' dir='ltr'>βασιλευσάντων,</span> <span class='ocrx_word' id='word_1_145' title='bbox 369 1326 441 1370; x_wconf 87' lang='grc' dir='ltr'>ἔτος</span> <span class='ocrx_word' id='word_1_146' title='bbox 459 1325 572 1363; x_wconf 83' lang='grc' dir='ltr'>ἀνύων</span> <span class='ocrx_word' id='word_1_147' title='bbox 589 1324 909 1364; x_wconf 82' lang='grc' dir='ltr'>ἐννεακαιδέκατον.</span> <span class='ocrx_word' id='word_1_148' title='bbox 927 1323 1101 1368; x_wconf 82' lang='grc' dir='ltr'>Συνέταξε</span> 
     </span>
     <span class='ocr_line' id='line_1_21' title="bbox 52 1382 1100 1439; baseline -0.005 -14"><span class='ocrx_word' id='word_1_149' title='bbox 52 1385 89 1425; x_wconf 84' lang='grc' dir='ltr'>δὲ</span> <span class='ocrx_word' id='word_1_150' title='bbox 108 1386 168 1425; x_wconf 78' lang='grc' dir='ltr'>καὶ</span> <span class='ocrx_word' id='word_1_151' title='bbox 183 1385 283 1439; x_wconf 77' lang='grc' dir='ltr'>ἕτερα</span> <span class='ocrx_word' id='word_1_152' title='bbox 299 1384 416 1438; x_wconf 73' lang='grc' dir='ltr'>βιὸλία</span> <span class='ocrx_word' id='word_1_153' title='bbox 435 1383 469 1429; x_wconf 83' lang='grc' dir='ltr'>ἓξ</span> <span class='ocrx_word' id='word_1_154' title='bbox 487 1386 550 1428; x_wconf 88' lang='grc' dir='ltr'>Εἷς</span> <span class='ocrx_word' id='word_1_155' title='bbox 565 1383 624 1422; x_wconf 79' lang='grc' dir='ltr'>τὸν</span> <span class='ocrx_word' id='word_1_156' title='bbox 634 1386 703 1422; x_wconf 83' lang='grc' dir='ltr'>τῶν</span> <span class='ocrx_word' id='word_1_157' title='bbox 718 1383 931 1423; x_wconf 86' lang='grc' dir='ltr'>Μακεδόνων</span> <span class='ocrx_word' id='word_1_158' title='bbox 953 1382 1100 1435; x_wconf 81' lang='grc' dir='ltr'>βασιλέα</span> 
     </span>
     <span class='ocr_line' id='line_1_22' title="bbox 52 1441 1098 1498; baseline -0.002 -14"><span class='ocrx_word' id='word_1_159' title='bbox 52 1444 290 1498; x_wconf 82' lang='grc' dir='ltr'>Ἀλέξανδρον,</span> <span class='ocrx_word' id='word_1_160' title='bbox 323 1444 529 1496; x_wconf 85' lang='grc' dir='ltr'>τριακοστὸν</span> <span class='ocrx_word' id='word_1_161' title='bbox 562 1444 700 1495; x_wconf 81' lang='grc' dir='ltr'>πρῶτον</span> <span class='ocrx_word' id='word_1_162' title='bbox 739 1442 893 1481; x_wconf 80' lang='grc' dir='ltr'>ἐλαύνων</span> <span class='ocrx_word' id='word_1_163' title='bbox 927 1441 1098 1482; x_wconf 81' lang='grc' dir='ltr'>ἐνιαυτόν.</span> 
     </span>
     <span class='ocr_line' id='line_1_23' title="bbox 53 1499 1098 1555; baseline -0.004 -13"><span class='ocrx_word' id='word_1_164' title='bbox 53 1501 160 1543; x_wconf 80' lang='grc' dir='ltr'>Ἐστι</span> <span class='ocrx_word' id='word_1_165' title='bbox 179 1502 217 1541; x_wconf 86' lang='grc' dir='ltr'>δὲ</span> <span class='ocrx_word' id='word_1_166' title='bbox 243 1502 308 1550; x_wconf 85' lang='grc' dir='ltr'>τὴν</span> <span class='ocrx_word' id='word_1_167' title='bbox 336 1501 461 1555; x_wconf 82' lang='grc' dir='ltr'>φράσιν</span> <span class='ocrx_word' id='word_1_168' title='bbox 491 1500 605 1555; x_wconf 74' lang='grc' dir='ltr'>σαφὴς</span> <span class='ocrx_word' id='word_1_169' title='bbox 633 1500 694 1539; x_wconf 81' lang='grc' dir='ltr'>καὶ</span> <span class='ocrx_word' id='word_1_170' title='bbox 713 1501 814 1548; x_wconf 76' lang='grc' dir='ltr'>ἡδὺς,</span> <span class='ocrx_word' id='word_1_171' title='bbox 834 1500 950 1552; x_wconf 84' lang='grc' dir='ltr'>ὀλίγον</span> <span class='ocrx_word' id='word_1_172' title='bbox 979 1499 1015 1538; x_wconf 83' lang='grc' dir='ltr'>δὲ</span> <span class='ocrx_word' id='word_1_173' title='bbox 1037 1503 1098 1539; x_wconf 81' lang='grc' dir='ltr'>τοῦ</span> 
     </span>
    </p>
   </div>
   <div class='ocr_carea' id='block_1_3' title="bbox 53 1557 1118 1612">
    <p class='ocr_par' dir='ltr' id='par_1_6' title="bbox 53 1557 1118 1612">
     <span class='ocr_line' id='line_1_24' title="bbox 53 1557 1118 1612; baseline 0 -13"><span class='ocrx_word' id='word_1_174' title='bbox 53 1559 185 1605; x_wconf 84' lang='grc' dir='ltr'>δέοντος</span> <span class='ocrx_word' id='word_1_175' title='bbox 213 1558 432 1611; x_wconf 84' lang='grc' dir='ltr'>ἀτονώτερος.</span> <span class='ocrx_word' id='word_1_176' title='bbox 466 1558 650 1612; x_wconf 84' lang='grc' dir='ltr'>Κέχρηται</span> <span class='ocrx_word' id='word_1_177' title='bbox 679 1558 716 1597; x_wconf 84' lang='grc' dir='ltr'>δὲ</span> <span class='ocrx_word' id='word_1_178' title='bbox 745 1557 886 1612; x_wconf 80' lang='grc' dir='ltr'>Ἰωνικῇ</span> <span class='ocrx_word' id='word_1_179' title='bbox 913 1558 1118 1612; x_wconf 48' lang='grc' dir='ltr'>διαλέκτῳμ</span> 
     </span>
    </p>
   </div>
   <div class='ocr_carea' id='block_1_4' title="bbox 452 1692 698 1709">
    <p class='ocr_par' dir='ltr' id='par_1_7' title="bbox 452 1692 698 1709">
     <span class='ocr_line' id='line_1_25' title="bbox 452 1692 698 1709; baseline 0 2047"><span class='ocrx_word' id='word_1_180' title='bbox 452 1692 698 1709; x_wconf 95' lang='lat' dir='ltr'> </span> 
     </span>
    </p>
   </div>
   <div class='ocr_carea' id='block_1_5' title="bbox 73 1802 1072 1889">
    <p class='ocr_par' dir='ltr' id='par_1_8' title="bbox 73 1802 1072 1889">
     <span class='ocr_line' id='line_1_26' title="bbox 73 1802 1072 1889; baseline -0.003 -27"><span class='ocrx_word' id='word_1_181' title='bbox 73 1803 540 1889; x_wconf 88' lang='lat' dir='ltr'><strong>BEMARCHIUS</strong></span> <span class='ocrx_word' id='word_1_182' title='bbox 567 1802 1072 1861; x_wconf 87' lang='lat' dir='ltr'>CAESARIENSIS.</span> 
     </span>
    </p>
   </div>
   <div class='ocr_carea' id='block_1_6' title="bbox 53 1952 1106 2592">
    <p class='ocr_par' dir='ltr' id='par_1_9' title="bbox 53 1952 1103 2405">
     <span class='ocr_line' id='line_1_27' title="bbox 107 1952 1100 2006; baseline -0.001 -13"><span class='ocrx_word' id='word_1_183' title='bbox 107 1956 240 1993; x_wconf 89' lang='lat' dir='ltr'>Suidas</span> <span class='ocrx_word' id='word_1_184' title='bbox 260 1969 268 1992; x_wconf 93' lang='lat'><strong>:</strong></span> <span class='ocrx_word' id='word_1_185' title='bbox 292 1953 571 2006; x_wconf 79' lang='grc' dir='ltr'>Βημοίρχιος,</span> <span class='ocrx_word' id='word_1_186' title='bbox 592 1952 838 2006; x_wconf 80' lang='grc' dir='ltr'>Καισαρεὺς</span> <span class='ocrx_word' id='word_1_187' title='bbox 858 1954 901 1991; x_wconf 79' lang='grc' dir='ltr'>ἐκ</span> <span class='ocrx_word' id='word_1_188' title='bbox 919 1956 1100 1994; x_wconf 88' lang='grc' dir='ltr'>Καππα-</span> 
     </span>
     <span class='ocr_line' id='line_1_28' title="bbox 54 2007 1102 2066; baseline -0.001 -13"><span class='ocrx_word' id='word_1_189' title='bbox 54 2013 217 2058; x_wconf 85' lang='grc' dir='ltr'>δοκίας.</span> <span class='ocrx_word' id='word_1_190' title='bbox 246 2007 357 2057; x_wconf 48' lang='lat' dir='ltr'>offro&lt;</span> <span class='ocrx_word' id='word_1_191' title='bbox 378 2012 508 2066; x_wconf 79' lang='grc' dir='ltr'>ἔγραψε</span> <span class='ocrx_word' id='word_1_192' title='bbox 532 2013 593 2056; x_wconf 80' lang='grc' dir='ltr'>τὰς</span> <span class='ocrx_word' id='word_1_193' title='bbox 619 2013 883 2051; x_wconf 88' lang='grc' dir='ltr'>Κωνσταντίνου</span> <span class='ocrx_word' id='word_1_194' title='bbox 903 2017 964 2051; x_wconf 81' lang='grc' dir='ltr'>τοῦ</span> <span class='ocrx_word' id='word_1_195' title='bbox 995 2016 1102 2065; x_wconf 88' lang='grc' dir='ltr'>βασι-</span> 
     </span>
     <span class='ocr_line' id='line_1_29' title="bbox 53 2070 1102 2125; baseline 0 -14"><span class='ocrx_word' id='word_1_196' title='bbox 53 2073 140 2117; x_wconf 87' lang='grc' dir='ltr'>λέως</span> <span class='ocrx_word' id='word_1_197' title='bbox 160 2071 337 2125; x_wconf 78' lang='grc' dir='ltr'>πράξεις’</span> <span class='ocrx_word' id='word_1_198' title='bbox 323 2088 356 2110; x_wconf 87' lang='grc' dir='ltr'>εν</span> <span class='ocrx_word' id='word_1_199' title='bbox 379 2072 526 2124; x_wconf 69' lang='grc' dir='ltr'>βιὸλίοις</span> <span class='ocrx_word' id='word_1_200' title='bbox 547 2071 649 2118; x_wconf 84' lang='grc' dir='ltr'>δέκα,</span> <span class='ocrx_word' id='word_1_201' title='bbox 670 2070 833 2114; x_wconf 83' lang='grc' dir='ltr'>Μελέτας</span> <span class='ocrx_word' id='word_1_202' title='bbox 848 2088 885 2110; x_wconf 89' lang='grc' dir='ltr'>τε</span> <span class='ocrx_word' id='word_1_203' title='bbox 905 2072 964 2110; x_wconf 82' lang='grc' dir='ltr'>καὶ</span> <span class='ocrx_word' id='word_1_204' title='bbox 980 2072 1102 2124; x_wconf 87' lang='grc' dir='ltr'>λόγους</span> 
     </span>
     <span class='ocr_line' id='line_1_30' title="bbox 54 2131 1103 2184; baseline 0 -15"><span class='ocrx_word' id='word_1_205' title='bbox 54 2131 251 2184; x_wconf 81' lang='grc' dir='ltr'>διαφόρους.</span> <span class='ocrx_word' id='word_1_206' title='bbox 270 2133 412 2168; x_wconf 87' lang='lat' dir='ltr'>Eadem</span> <span class='ocrx_word' id='word_1_207' title='bbox 431 2134 597 2167; x_wconf 82' lang='lat' dir='ltr'>Zonaras</span> <span class='ocrx_word' id='word_1_208' title='bbox 612 2144 652 2180; x_wconf 88' lang='lat' dir='ltr'>p.</span> <span class='ocrx_word' id='word_1_209' title='bbox 675 2131 766 2167; x_wconf 85' lang='lat'><strong>386.</strong></span> <span class='ocrx_word' id='word_1_210' title='bbox 786 2134 843 2168; x_wconf 82' lang='lat' dir='ltr'>Ex</span> <span class='ocrx_word' id='word_1_211' title='bbox 861 2145 976 2181; x_wconf 85' lang='lat' dir='ltr'>opere</span> <span class='ocrx_word' id='word_1_212' title='bbox 990 2134 1103 2169; x_wconf 81' lang='lat' dir='ltr'>histo-</span> 
     </span>
     <span class='ocr_line' id='line_1_31' title="bbox 54 2178 1100 2239; baseline 0 -12"><span class='ocrx_word' id='word_1_213' title='bbox 54 2192 137 2228; x_wconf 84' lang='lat' dir='ltr'>rico</span> <span class='ocrx_word' id='word_1_214' title='bbox 168 2192 263 2226; x_wconf 86' lang='lat' dir='ltr'>nihil</span> <span class='ocrx_word' id='word_1_215' title='bbox 292 2198 496 2229; x_wconf 85' lang='lat' dir='ltr'>servatum.</span> <span class='ocrx_word' id='word_1_216' title='bbox 529 2190 732 2239; x_wconf 88' lang='lat' dir='ltr'>Scripserit</span> <span class='ocrx_word' id='word_1_217' title='bbox 759 2178 830 2226; x_wconf 66' lang='lat' dir='ltr'>sub</span> <span class='ocrx_word' id='word_1_218' title='bbox 859 2191 1100 2237; x_wconf 85' lang='lat' dir='ltr'>Constantio,</span> 
     </span>
     <span class='ocr_line' id='line_1_32' title="bbox 57 2248 1103 2299; baseline 0 -12"><span class='ocrx_word' id='word_1_219' title='bbox 57 2251 164 2298; x_wconf 77' lang='lat' dir='ltr'>cujus</span> <span class='ocrx_word' id='word_1_220' title='bbox 194 2250 322 2287; x_wconf 85' lang='lat' dir='ltr'>laudes</span> <span class='ocrx_word' id='word_1_221' title='bbox 356 2248 641 2299; x_wconf 81' lang='lat' dir='ltr'>(mationibus)</span> <span class='ocrx_word' id='word_1_222' title='bbox 678 2249 886 2286; x_wconf 78' lang='lat' dir='ltr'>celebiasse</span> <span class='ocrx_word' id='word_1_223' title='bbox 915 2250 1056 2286; x_wconf 89' lang='lat' dir='ltr'>dicitu1</span> <span class='ocrx_word' id='word_1_224' title='bbox 1083 2264 1103 2287; x_wconf 91' lang='lat' dir='ltr'>a</span> 
     </span>
     <span class='ocr_line' id='line_1_33' title="bbox 55 2307 1100 2358; baseline 0 -12"><span class='ocrx_word' id='word_1_225' title='bbox 55 2310 216 2347; x_wconf 85' lang='lat' dir='ltr'>Libanio</span> <span class='ocrx_word' id='word_1_226' title='bbox 247 2311 304 2345; x_wconf 93' lang='lat' dir='ltr'>De</span> <span class='ocrx_word' id='word_1_227' title='bbox 333 2309 413 2344; x_wconf 89' lang='lat' dir='ltr'>vita</span> <span class='ocrx_word' id='word_1_228' title='bbox 441 2321 530 2354; x_wconf 89' lang='lat' dir='ltr'>sua,</span> <span class='ocrx_word' id='word_1_229' title='bbox 556 2315 636 2343; x_wconf 89' lang='lat' dir='ltr'>tom</span> <span class='ocrx_word' id='word_1_230' title='bbox 664 2308 704 2353; x_wconf 92' lang='lat' dir='ltr'>I,</span> <span class='ocrx_word' id='word_1_231' title='bbox 724 2320 766 2356; x_wconf 90' lang='lat' dir='ltr'>p.</span> <span class='ocrx_word' id='word_1_232' title='bbox 799 2312 848 2351; x_wconf 77' lang='lat'>24</span> <span class='ocrx_word' id='word_1_233' title='bbox 877 2315 915 2344; x_wconf 88' lang='lat' dir='ltr'>et</span> <span class='ocrx_word' id='word_1_234' title='bbox 938 2307 986 2345; x_wconf 87' lang='lat'>30</span> <span class='ocrx_word' id='word_1_235' title='bbox 1016 2321 1100 2358; x_wconf 84' lang='lat' dir='ltr'>sqq.</span> 
     </span>
     <span class='ocr_line' id='line_1_34' title="bbox 57 2370 186 2405; baseline -0.008 0"><span class='ocrx_word' id='word_1_236' title='bbox 57 2370 117 2405; x_wconf 87' lang='lat' dir='ltr'>ed.</span> <span class='ocrx_word' id='word_1_237' title='bbox 138 2371 186 2405; x_wconf 88' lang='lat' dir='ltr'>R.</span> 
     </span>
    </p>

    <p class='ocr_par' dir='ltr' id='par_1_10' title="bbox 58 2426 1106 2592">
     <span class='ocr_line' id='line_1_35' title="bbox 109 2426 1106 2475; baseline -0.002 -11"><span class='ocrx_word' id='word_1_238' title='bbox 109 2427 303 2475; x_wconf 82' lang='lat' dir='ltr'>Subjiccre</span> <span class='ocrx_word' id='word_1_239' title='bbox 330 2428 444 2462; x_wconf 83' lang='lat' dir='ltr'>liccat</span> <span class='ocrx_word' id='word_1_240' title='bbox 474 2427 708 2462; x_wconf 83' lang='lat' dir='ltr'>mentionem</span> <span class='ocrx_word' id='word_1_241' title='bbox 739 2426 924 2461; x_wconf 72' lang='lat' dir='ltr'>PALLAnn</span> <span class='ocrx_word' id='word_1_242' title='bbox 943 2427 1106 2462; x_wconf 67' lang='grc'><strong>111111110-</strong></span> 
     </span>
     <span class='ocr_line' id='line_1_36' title="bbox 58 2483 1105 2536; baseline -0.001 -14"><span class='ocrx_word' id='word_1_243' title='bbox 58 2500 148 2532; x_wconf 79' lang='lat' dir='ltr'>NAEI,</span> <span class='ocrx_word' id='word_1_244' title='bbox 177 2487 244 2536; x_wconf 86' lang='lat' dir='ltr'>qui</span> <span class='ocrx_word' id='word_1_245' title='bbox 267 2486 401 2521; x_wconf 86' lang='lat' dir='ltr'>iisdem</span> <span class='ocrx_word' id='word_1_246' title='bbox 421 2485 497 2521; x_wconf 88' lang='lat' dir='ltr'>fere</span> <span class='ocrx_word' id='word_1_247' title='bbox 522 2484 759 2533; x_wconf 86' lang='lat' dir='ltr'>temporibus</span> <span class='ocrx_word' id='word_1_248' title='bbox 781 2483 941 2530; x_wconf 86' lang='lat' dir='ltr'>florens,</span> <span class='ocrx_word' id='word_1_249' title='bbox 964 2485 1105 2521; x_wconf 89' lang='lat' dir='ltr'>librum</span> 
     </span>
     <span class='ocr_line' id='line_1_37' title="bbox 60 2543 1106 2592; baseline -0.003 -10"><span class='ocrx_word' id='word_1_250' title='bbox 60 2547 116 2582; x_wconf 86' lang='lat' dir='ltr'>De</span> <span class='ocrx_word' id='word_1_251' title='bbox 133 2543 249 2591; x_wconf 80' lang='lat' dir='ltr'>sestis</span> <span class='ocrx_word' id='word_1_252' title='bbox 276 2547 523 2581; x_wconf 82' lang='lat' dir='ltr'>Romanorum</span> <span class='ocrx_word' id='word_1_253' title='bbox 543 2545 734 2592; x_wconf 83' lang='lat' dir='ltr'>scripsisse</span> <span class='ocrx_word' id='word_1_254' title='bbox 752 2543 990 2592; x_wconf 82' lang='lat' dir='ltr'><strong>perhibetur.</strong></span> <span class='ocrx_word' id='word_1_255' title='bbox 1022 2545 1106 2580; x_wconf 89' lang='lat' dir='ltr'>Sui-</span> 
     </span>
    </p>
   </div>
   <div class='ocr_carea' id='block_1_7' title="bbox 58 2649 1108 3059">
    <p class='ocr_par' dir='ltr' id='par_1_11' title="bbox 58 2649 1108 3059">
     <span class='ocr_line' id='line_1_38' title="bbox 59 2649 1108 2695; baseline -0.002 -7"><span class='ocrx_word' id='word_1_256' title='bbox 59 2665 191 2688; x_wconf 88' lang='lat' dir='ltr'>manum</span> <span class='ocrx_word' id='word_1_257' title='bbox 207 2665 318 2688; x_wconf 83' lang='lat' dir='ltr'>everso</span> <span class='ocrx_word' id='word_1_258' title='bbox 332 2655 506 2688; x_wconf 80' lang='lat' dir='ltr'>Maximino</span> <span class='ocrx_word' id='word_1_259' title='bbox 520 2654 757 2695; x_wconf 71' lang='lat' dir='ltr'>(Maxentio),</span> <span class='ocrx_word' id='word_1_260' title='bbox 775 2649 910 2686; x_wconf 75' lang='lat' dir='ltr'>Graeciae</span> <span class='ocrx_word' id='word_1_261' title='bbox 924 2654 1061 2695; x_wconf 84' lang='lat' dir='ltr'>denique</span> <span class='ocrx_word' id='word_1_262' title='bbox 1076 2656 1108 2686; x_wconf 89' lang='lat' dir='ltr'>et</span> 
     </span>
     <span class='ocr_line' id='line_1_39' title="bbox 61 2706 1108 2748; baseline -0.004 -7"><span class='ocrx_word' id='word_1_263' title='bbox 61 2708 255 2741; x_wconf 83' lang='lat' dir='ltr'>Macedoniae</span> <span class='ocrx_word' id='word_1_264' title='bbox 268 2708 414 2748; x_wconf 76' lang='lat' dir='ltr'>Asiaeque</span> <span class='ocrx_word' id='word_1_265' title='bbox 430 2707 561 2738; x_wconf 87' lang='lat' dir='ltr'>minoris</span> <span class='ocrx_word' id='word_1_266' title='bbox 570 2708 682 2746; x_wconf 80' lang='lat' dir='ltr'>exuto,</span> <span class='ocrx_word' id='word_1_267' title='bbox 699 2706 897 2746; x_wconf 65' lang='lat' dir='ltr'>utdiximus„</span> <span class='ocrx_word' id='word_1_268' title='bbox 916 2715 1012 2746; x_wconf 85' lang='lat' dir='ltr'>regno</span> <span class='ocrx_word' id='word_1_269' title='bbox 1026 2706 1108 2738; x_wconf 89' lang='lat' dir='ltr'>Lici-</span> 
     </span>
     <span class='ocr_line' id='line_1_40' title="bbox 58 2757 1105 2800; baseline -0.003 -8"><span class='ocrx_word' id='word_1_270' title='bbox 58 2761 129 2800; x_wconf 89' lang='lat' dir='ltr'>nio;</span> <span class='ocrx_word' id='word_1_271' title='bbox 153 2769 267 2792; x_wconf 89' lang='lat' dir='ltr'>verum</span> <span class='ocrx_word' id='word_1_272' title='bbox 283 2760 380 2791; x_wconf 83' lang='lat' dir='ltr'>etiam</span> <span class='ocrx_word' id='word_1_273' title='bbox 407 2758 476 2799; x_wconf 87' lang='lat' dir='ltr'>ejus</span> <span class='ocrx_word' id='word_1_274' title='bbox 500 2758 619 2799; x_wconf 86' lang='lat' dir='ltr'>partis,</span> <span class='ocrx_word' id='word_1_275' title='bbox 649 2758 701 2789; x_wconf 88' lang='lat' dir='ltr'>cui</span> <span class='ocrx_word' id='word_1_276' title='bbox 730 2757 948 2790; x_wconf 80' lang='lat' dir='ltr'>Diocletianus</span> <span class='ocrx_word' id='word_1_277' title='bbox 966 2758 1105 2798; x_wconf 81' lang='lat' dir='ltr'>praesue-</span> 
     </span>
     <span class='ocr_line' id='line_1_41' title="bbox 59 2810 1107 2854; baseline -0.002 -9"><span class='ocrx_word' id='word_1_278' title='bbox 59 2815 125 2853; x_wconf 86' lang='lat' dir='ltr'>rat,</span> <span class='ocrx_word' id='word_1_279' title='bbox 148 2813 318 2854; x_wconf 87' lang='lat' dir='ltr'>imperium</span> <span class='ocrx_word' id='word_1_280' title='bbox 334 2812 394 2844; x_wconf 85' lang='lat' dir='ltr'>sibi</span> <span class='ocrx_word' id='word_1_281' title='bbox 411 2811 566 2852; x_wconf 81' lang='lat' dir='ltr'>adjunxit.</span> <span class='ocrx_word' id='word_1_282' title='bbox 591 2814 672 2843; x_wconf 89' lang='lat' dir='ltr'>Nam</span> <span class='ocrx_word' id='word_1_283' title='bbox 688 2811 772 2842; x_wconf 87' lang='lat' dir='ltr'>hanc</span> <span class='ocrx_word' id='word_1_284' title='bbox 789 2819 918 2851; x_wconf 85' lang='lat' dir='ltr'>quoque</span> <span class='ocrx_word' id='word_1_285' title='bbox 934 2811 1009 2843; x_wconf 85' lang='lat' dir='ltr'>belli</span> <span class='ocrx_word' id='word_1_286' title='bbox 1034 2810 1107 2850; x_wconf 84' lang='lat' dir='ltr'>jure</span> 
     </span>
     <span class='ocr_line' id='line_1_42' title="bbox 59 2863 1108 2904; baseline -0.002 -7"><span class='ocrx_word' id='word_1_287' title='bbox 59 2865 234 2898; x_wconf 86' lang='lat' dir='ltr'>Maximino</span> <span class='ocrx_word' id='word_1_288' title='bbox 248 2865 430 2904; x_wconf 81' lang='lat' dir='ltr'>ademptam</span> <span class='ocrx_word' id='word_1_289' title='bbox 442 2888 452 2903; x_wconf 91' lang='lat'><strong>,</strong></span> <span class='ocrx_word' id='word_1_290' title='bbox 466 2863 520 2904; x_wconf 88' lang='lat' dir='ltr'>qni</span> <span class='ocrx_word' id='word_1_291' title='bbox 535 2863 733 2895; x_wconf 86' lang='lat' dir='ltr'>Diocletiano</span> <span class='ocrx_word' id='word_1_292' title='bbox 747 2864 961 2902; x_wconf 85' lang='lat' dir='ltr'>successerat,</span> <span class='ocrx_word' id='word_1_293' title='bbox 978 2863 1108 2895; x_wconf 81' lang='lat' dir='ltr'>tenebat</span> 
     </span>
     <span class='ocr_line' id='line_1_43' title="bbox 59 2914 1107 2956; baseline -0.004 -7"><span class='ocrx_word' id='word_1_294' title='bbox 59 2917 209 2949; x_wconf 89' lang='lat' dir='ltr'>Licinius.</span> <span class='ocrx_word' id='word_1_295' title='bbox 230 2917 343 2948; x_wconf 86' lang='lat' dir='ltr'>Victor</span> <span class='ocrx_word' id='word_1_296' title='bbox 365 2916 492 2956; x_wconf 85' lang='lat' dir='ltr'>itaque,</span> <span class='ocrx_word' id='word_1_297' title='bbox 520 2916 552 2947; x_wconf 87' lang='lat' dir='ltr'>et</span> <span class='ocrx_word' id='word_1_298' title='bbox 570 2923 671 2946; x_wconf 90' lang='lat' dir='ltr'>unum</span> <span class='ocrx_word' id='word_1_299' title='bbox 697 2923 739 2946; x_wconf 89' lang='lat' dir='ltr'>ex</span> <span class='ocrx_word' id='word_1_300' title='bbox 766 2914 917 2946; x_wconf 86' lang='lat' dir='ltr'>omnibus</span> <span class='ocrx_word' id='word_1_301' title='bbox 937 2914 1107 2955; x_wconf 86' lang='lat' dir='ltr'>imperium</span> 
     </span>
     <span class='ocr_line' id='line_1_44' title="bbox 61 2965 1106 3008; baseline -0.002 -8"><span class='ocrx_word' id='word_1_302' title='bbox 61 2969 220 3008; x_wconf 88' lang='lat' dir='ltr'>conflans,</span> <span class='ocrx_word' id='word_1_303' title='bbox 237 2977 315 3000; x_wconf 83' lang='lat' dir='ltr'>mox</span> <span class='ocrx_word' id='word_1_304' title='bbox 329 2967 518 3008; x_wconf 84' lang='lat' dir='ltr'>Byzantium</span> <span class='ocrx_word' id='word_1_305' title='bbox 532 2966 754 3006; x_wconf 81' lang='lat' dir='ltr'>cognominem</span> <span class='ocrx_word' id='word_1_306' title='bbox 766 2965 825 2997; x_wconf 89' lang='lat' dir='ltr'>sibi</span> <span class='ocrx_word' id='word_1_307' title='bbox 840 2965 1002 2997; x_wconf 84' lang='lat' dir='ltr'>civitatem</span> <span class='ocrx_word' id='word_1_308' title='bbox 1022 2966 1106 2998; x_wconf 76' lang='lat' dir='ltr'>fecit.</span> 
     </span>
     <span class='ocr_line' id='line_1_45' title="bbox 62 3016 1107 3059; baseline -0.004 -7"><span class='ocrx_word' id='word_1_309' title='bbox 62 3021 165 3052; x_wconf 80' lang='lat' dir='ltr'>Refert</span> <span class='ocrx_word' id='word_1_310' title='bbox 188 3021 296 3051; x_wconf 89' lang='lat' dir='ltr'>autem</span> <span class='ocrx_word' id='word_1_311' title='bbox 323 3021 540 3059; x_wconf 79' lang='lat' dir='ltr'>Praxagoras,</span> <span class='ocrx_word' id='word_1_312' title='bbox 557 3025 756 3058; x_wconf 83' lang='lat' dir='ltr'>quamquam</span> <span class='ocrx_word' id='word_1_313' title='bbox 781 3017 906 3056; x_wconf 83' lang='lat' dir='ltr'>gentilis</span> <span class='ocrx_word' id='word_1_314' title='bbox 924 3016 1021 3047; x_wconf 85' lang='lat' dir='ltr'>homo</span> <span class='ocrx_word' id='word_1_315' title='bbox 1043 3019 1107 3056; x_wconf 91' lang='lat' dir='ltr'>est,</span> 
     </span>
    </p>
   </div>
   <div class='ocr_carea' id='block_1_8' title="bbox 62 3067 1124 3111">
    <p class='ocr_par' dir='ltr' id='par_1_12' title="bbox 62 3067 1124 3111">
     <span class='ocr_line' id='line_1_46' title="bbox 62 3067 1124 3111; baseline -0.006 -8"><span class='ocrx_word' id='word_1_316' title='bbox 62 3072 151 3103; x_wconf 88' lang='lat' dir='ltr'>omni</span> <span class='ocrx_word' id='word_1_317' title='bbox 167 3071 326 3103; x_wconf 86' lang='lat' dir='ltr'>virtutum</span> <span class='ocrx_word' id='word_1_318' title='bbox 346 3072 445 3111; x_wconf 87' lang='lat' dir='ltr'>atque</span> <span class='ocrx_word' id='word_1_319' title='bbox 461 3070 636 3101; x_wconf 85' lang='lat' dir='ltr'>honestatis</span> <span class='ocrx_word' id='word_1_320' title='bbox 652 3077 766 3108; x_wconf 84' lang='lat' dir='ltr'>genere</span> <span class='ocrx_word' id='word_1_321' title='bbox 781 3067 936 3108; x_wconf 88' lang='lat' dir='ltr'>omnique</span> <span class='ocrx_word' id='word_1_322' title='bbox 958 3068 1124 3100; x_wconf 78' lang='lat' dir='ltr'>felicitate.</span> 
     </span>
    </p>
   </div>
   <div class='ocr_carea' id='block_1_9' title="bbox 63 3119 1110 3424">
    <p class='ocr_par' dir='ltr' id='par_1_13' title="bbox 63 3119 1110 3424">
     <span class='ocr_line' id='line_1_47' title="bbox 63 3119 1109 3163; baseline -0.002 -9"><span class='ocrx_word' id='word_1_323' title='bbox 63 3125 196 3154; x_wconf 89' lang='lat' dir='ltr'>cunctos</span> <span class='ocrx_word' id='word_1_324' title='bbox 211 3123 265 3163; x_wconf 90' lang='lat' dir='ltr'>qui</span> <span class='ocrx_word' id='word_1_325' title='bbox 283 3121 509 3154; x_wconf 83' lang='lat' dir='ltr'>antecesserint</span> <span class='ocrx_word' id='word_1_326' title='bbox 521 3121 729 3161; x_wconf 89' lang='lat' dir='ltr'>imperatores</span> <span class='ocrx_word' id='word_1_327' title='bbox 743 3119 932 3151; x_wconf 84' lang='lat' dir='ltr'>obscurasse</span> <span class='ocrx_word' id='word_1_328' title='bbox 947 3121 1109 3152; x_wconf 86' lang='lat' dir='ltr'>Constan-</span> 
     </span>
     <span class='ocr_line' id='line_1_48' title="bbox 64 3173 1044 3215; baseline -0.003 -8"><span class='ocrx_word' id='word_1_329' title='bbox 64 3175 178 3207; x_wconf 84' lang='lat' dir='ltr'>tinum.</span> <span class='ocrx_word' id='word_1_330' title='bbox 198 3178 234 3208; x_wconf 92' lang='lat' dir='ltr'>In</span> <span class='ocrx_word' id='word_1_331' title='bbox 248 3175 296 3207; x_wconf 89' lang='grc'><strong>1115</strong></span> <span class='ocrx_word' id='word_1_332' title='bbox 308 3175 373 3206; x_wconf 90' lang='grc'><strong>(1110</strong></span> <span class='ocrx_word' id='word_1_333' title='bbox 389 3175 487 3215; x_wconf 88' lang='lat' dir='ltr'>ipsius</span> <span class='ocrx_word' id='word_1_334' title='bbox 502 3174 715 3206; x_wconf 87' lang='lat' dir='ltr'>Historiarum</span> <span class='ocrx_word' id='word_1_335' title='bbox 731 3173 804 3204; x_wconf 87' lang='lat' dir='ltr'>libri</span> <span class='ocrx_word' id='word_1_336' title='bbox 817 3173 1044 3204; x_wconf 85' lang='lat' dir='ltr'>terminantur.</span> 
     </span>
     <span class='ocr_line' id='line_1_49' title="bbox 106 3225 1110 3265; baseline -0.004 -6"><span class='ocrx_word' id='word_1_337' title='bbox 106 3229 257 3260; x_wconf 81' lang='lat' dir='ltr'>ceterum</span> <span class='ocrx_word' id='word_1_338' title='bbox 273 3236 373 3259; x_wconf 90' lang='lat' dir='ltr'>annos</span> <span class='ocrx_word' id='word_1_339' title='bbox 385 3229 480 3259; x_wconf 90' lang='lat' dir='ltr'>natus</span> <span class='ocrx_word' id='word_1_340' title='bbox 496 3228 565 3259; x_wconf 86' lang='lat' dir='ltr'>erat</span> <span class='ocrx_word' id='word_1_341' title='bbox 583 3226 664 3258; x_wconf 86' lang='lat' dir='ltr'>duos</span> <span class='ocrx_word' id='word_1_342' title='bbox 677 3226 710 3257; x_wconf 89' lang='lat' dir='ltr'>et</span> <span class='ocrx_word' id='word_1_343' title='bbox 723 3225 835 3265; x_wconf 85' lang='lat' dir='ltr'>viginti</span> <span class='ocrx_word' id='word_1_344' title='bbox 852 3227 1059 3265; x_wconf 82' lang='lat' dir='ltr'>Praxagoras,</span> <span class='ocrx_word' id='word_1_345' title='bbox 1075 3225 1110 3256; x_wconf 89' lang='lat' dir='ltr'>ut</span> 
     </span>
     <span class='ocr_line' id='line_1_50' title="bbox 65 3276 1106 3320; baseline -0.004 -9"><span class='ocrx_word' id='word_1_346' title='bbox 65 3279 105 3311; x_wconf 91' lang='lat' dir='ltr'>de</span> <span class='ocrx_word' id='word_1_347' title='bbox 119 3288 153 3311; x_wconf 83' lang='grc'>50</span> <span class='ocrx_word' id='word_1_348' title='bbox 168 3279 234 3320; x_wconf 91' lang='lat' dir='ltr'>ipse</span> <span class='ocrx_word' id='word_1_349' title='bbox 255 3281 409 3318; x_wconf 73' lang='lat' dir='ltr'>testatur,</span> <span class='ocrx_word' id='word_1_350' title='bbox 433 3287 534 3319; x_wconf 90' lang='lat' dir='ltr'>quum</span> <span class='ocrx_word' id='word_1_351' title='bbox 562 3278 631 3309; x_wconf 86' lang='lat' dir='ltr'>haec</span> <span class='ocrx_word' id='word_1_352' title='bbox 656 3278 892 3309; x_wconf 87' lang='lat' dir='ltr'>commentatus</span> <span class='ocrx_word' id='word_1_353' title='bbox 923 3278 982 3308; x_wconf 87' lang='lat' dir='ltr'>est.</span> <span class='ocrx_word' id='word_1_354' title='bbox 1019 3276 1106 3308; x_wconf 91' lang='lat' dir='ltr'>Scri-</span> 
     </span>
     <span class='ocr_line' id='line_1_51' title="bbox 66 3329 1109 3373; baseline -0.005 -9"><span class='ocrx_word' id='word_1_355' title='bbox 66 3334 172 3373; x_wconf 85' lang='lat' dir='ltr'>pserat</span> <span class='ocrx_word' id='word_1_356' title='bbox 188 3333 282 3364; x_wconf 88' lang='lat' dir='ltr'>etiam</span> <span class='ocrx_word' id='word_1_357' title='bbox 300 3335 346 3364; x_wconf 76' lang='lat' dir='ltr'>De</span> <span class='ocrx_word' id='word_1_358' title='bbox 362 3332 496 3372; x_wconf 73' lang='lat' dir='ltr'>reqibus</span> <span class='ocrx_word' id='word_1_359' title='bbox 513 3331 727 3364; x_wconf 77' lang='lat' dir='ltr'>Athenarum</span> <span class='ocrx_word' id='word_1_360' title='bbox 741 3330 840 3362; x_wconf 87' lang='lat' dir='ltr'>libros</span> <span class='ocrx_word' id='word_1_361' title='bbox 865 3329 964 3368; x_wconf 88' lang='lat' dir='ltr'>duos,</span> <span class='ocrx_word' id='word_1_362' title='bbox 988 3338 1109 3361; x_wconf 89' lang='lat' dir='ltr'>annum</span> 
     </span>
     <span class='ocr_line' id='line_1_52' title="bbox 67 3375 1109 3424; baseline -0.003 -8"><span class='ocrx_word' id='word_1_363' title='bbox 67 3391 164 3424; x_wconf 82' lang='lat' dir='ltr'>agens</span> <span class='ocrx_word' id='word_1_364' title='bbox 179 3383 464 3416; x_wconf 85' lang='lat' dir='ltr'>undevicesimum.</span> <span class='ocrx_word' id='word_1_365' title='bbox 492 3375 590 3415; x_wconf 65' lang='lat' dir='ltr'>Porro</span> <span class='ocrx_word' id='word_1_366' title='bbox 613 3382 710 3415; x_wconf 87' lang='lat' dir='ltr'>libros</span> <span class='ocrx_word' id='word_1_367' title='bbox 732 3390 788 3415; x_wconf 80' lang='lat' dir='ltr'>sex</span> <span class='ocrx_word' id='word_1_368' title='bbox 814 3385 861 3414; x_wconf 83' lang='lat' dir='ltr'>De</span> <span class='ocrx_word' id='word_1_369' title='bbox 879 3380 982 3414; x_wconf 82' lang='lat' dir='ltr'>rebus</span> <span class='ocrx_word' id='word_1_370' title='bbox 1002 3382 1109 3422; x_wconf 73' lang='lat' dir='ltr'>qestis</span> 
     </span>
    </p>
   </div>
   <div class='ocr_carea' id='block_1_10' title="bbox 1159 265 2213 905">
    <p class='ocr_par' dir='ltr' id='par_1_14' title="bbox 1159 265 2213 905">
     <span class='ocr_line' id='line_1_53' title="bbox 1162 265 2209 320; baseline 0.003 -17"><span class='ocrx_word' id='word_1_371' title='bbox 1162 265 1550 313; x_wconf 66' lang='grc' dir='ltr'><strong>1105εΠαλλάδιος,</strong></span> <span class='ocrx_word' id='word_1_372' title='bbox 1577 268 1852 315; x_wconf 85' lang='grc' dir='ltr'>Μεθωναῒος,</span> <span class='ocrx_word' id='word_1_373' title='bbox 1880 267 2059 319; x_wconf 79' lang='grc' dir='ltr'>σοφιστής.</span> <span class='ocrx_word' id='word_1_374' title='bbox 2084 267 2209 320; x_wconf 81' lang='grc' dir='ltr'>Γέγονε</span> 
     </span>
     <span class='ocr_line' id='line_1_54' title="bbox 1160 323 2210 379; baseline 0.004 -17"><span class='ocrx_word' id='word_1_375' title='bbox 1160 323 1196 362; x_wconf 85' lang='grc' dir='ltr'>δὲ</span> <span class='ocrx_word' id='word_1_376' title='bbox 1216 324 1273 363; x_wconf 82' lang='grc' dir='ltr'>ἐπὶ</span> <span class='ocrx_word' id='word_1_377' title='bbox 1295 324 1562 364; x_wconf 85' lang='grc' dir='ltr'>Κωνσταντίνου</span> <span class='ocrx_word' id='word_1_378' title='bbox 1582 328 1644 363; x_wconf 77' lang='grc' dir='ltr'>τοῦ</span> <span class='ocrx_word' id='word_1_379' title='bbox 1663 325 1844 377; x_wconf 84' lang='grc' dir='ltr'>βασιλέως.</span> <span class='ocrx_word' id='word_1_380' title='bbox 1863 327 1920 364; x_wconf 88' lang='grc' dir='ltr'>Πε</span> <span class='ocrx_word' id='word_1_381' title='bbox 1935 326 1972 378; x_wconf 75' lang='lat' dir='ltr'>pl</span> <span class='ocrx_word' id='word_1_382' title='bbox 1989 329 2071 365; x_wconf 86' lang='grc' dir='ltr'>τῶν</span> <span class='ocrx_word' id='word_1_383' title='bbox 2085 341 2148 365; x_wconf 80' lang='grc' dir='ltr'>πα</span> <span class='ocrx_word' id='word_1_384' title='bbox 2161 327 2210 379; x_wconf 86' lang='grc' dir='ltr'>ρὰ</span> 
     </span>
     <span class='ocr_line' id='line_1_55' title="bbox 1161 382 2209 437; baseline 0.002 -15"><span class='ocrx_word' id='word_1_385' title='bbox 1161 382 1395 434; x_wconf 84' lang='grc' dir='ltr'>Ῥωμαίοις</span> <span class='ocrx_word' id='word_1_386' title='bbox 1423 386 1599 436; x_wconf 79' lang='grc' dir='ltr'>ἑορτῶν.</span> <span class='ocrx_word' id='word_1_387' title='bbox 1625 382 1814 428; x_wconf 83' lang='grc' dir='ltr'>Διαλέξεις.</span> <span class='ocrx_word' id='word_1_388' title='bbox 1843 383 1975 436; x_wconf 86' lang='grc' dir='ltr'>Λόγους</span> <span class='ocrx_word' id='word_1_389' title='bbox 2005 385 2209 437; x_wconf 80' lang='grc' dir='ltr'>διαφόρους,</span> 
     </span>
     <span class='ocr_line' id='line_1_56' title="bbox 1161 441 2211 494; baseline -0.001 -12"><span class='ocrx_word' id='word_1_390' title='bbox 1161 442 1424 492; x_wconf 76' lang='grc' dir='ltr'>Ὀλυμπιακόν,</span> <span class='ocrx_word' id='word_1_391' title='bbox 1444 442 1704 494; x_wconf 85' lang='grc' dir='ltr'>Πανηγυρικόν,</span> <span class='ocrx_word' id='word_1_392' title='bbox 1722 441 1923 481; x_wconf 85' lang='grc' dir='ltr'>Δικανικόν.</span> <span class='ocrx_word' id='word_1_393' title='bbox 1953 443 2009 480; x_wconf 87' lang='lat' dir='ltr'>Cf.</span> <span class='ocrx_word' id='word_1_394' title='bbox 2038 445 2211 481; x_wconf 84' lang='lat' dir='ltr'>Eudocia</span> 
     </span>
     <span class='ocr_line' id='line_1_57' title="bbox 1159 502 2211 552; baseline 0 -13"><span class='ocrx_word' id='word_1_395' title='bbox 1159 516 1199 552; x_wconf 91' lang='lat' dir='ltr'>p.</span> <span class='ocrx_word' id='word_1_396' title='bbox 1223 502 1313 539; x_wconf 83' lang='lat'><strong>352.</strong></span> <span class='ocrx_word' id='word_1_397' title='bbox 1337 503 1398 539; x_wconf 91' lang='lat' dir='ltr'>Ad</span> <span class='ocrx_word' id='word_1_398' title='bbox 1414 503 1516 538; x_wconf 89' lang='lat' dir='ltr'>hunc</span> <span class='ocrx_word' id='word_1_399' title='bbox 1528 529 1539 548; x_wconf 90' lang='lat'>‚</span> <span class='ocrx_word' id='word_1_400' title='bbox 1559 510 1603 538; x_wconf 88' lang='lat' dir='ltr'>ut</span> <span class='ocrx_word' id='word_1_401' title='bbox 1618 503 1784 547; x_wconf 87' lang='lat' dir='ltr'>videtur,</span> <span class='ocrx_word' id='word_1_402' title='bbox 1804 502 2014 538; x_wconf 84' lang='lat' dir='ltr'>Palladium</span> <span class='ocrx_word' id='word_1_403' title='bbox 2028 503 2211 539; x_wconf 84' lang='lat' dir='ltr'>Libanius</span> 
     </span>
     <span class='ocr_line' id='line_1_58' title="bbox 1160 559 2213 611; baseline -0.001 -13"><span class='ocrx_word' id='word_1_404' title='bbox 1160 563 1312 611; x_wconf 85' lang='lat' dir='ltr'>scripsit</span> <span class='ocrx_word' id='word_1_405' title='bbox 1330 561 1402 611; x_wconf 85' lang='lat' dir='ltr'>Ep.</span> <span class='ocrx_word' id='word_1_406' title='bbox 1426 562 1502 607; x_wconf 79' lang='lat'>573</span> <span class='ocrx_word' id='word_1_407' title='bbox 1522 569 1595 598; x_wconf 89' lang='lat' dir='ltr'>etc.</span> <span class='ocrx_word' id='word_1_408' title='bbox 1622 561 1731 598; x_wconf 90' lang='lat' dir='ltr'>Adde</span> <span class='ocrx_word' id='word_1_409' title='bbox 1748 562 1860 597; x_wconf 90' lang='lat' dir='ltr'>Phot.</span> <span class='ocrx_word' id='word_1_410' title='bbox 1885 561 1974 597; x_wconf 92' lang='lat' dir='ltr'>cod.</span> <span class='ocrx_word' id='word_1_411' title='bbox 1996 561 2068 597; x_wconf 84' lang='lat'>132</span> <span class='ocrx_word' id='word_1_412' title='bbox 2087 573 2096 599; x_wconf 91' lang='lat'><strong>:</strong></span> <span class='ocrx_word' id='word_1_413' title='bbox 2117 559 2213 598; x_wconf 82' lang='grc' dir='ltr'>Ἀνε-</span> 
     </span>
     <span class='ocr_line' id='line_1_59' title="bbox 1161 617 2212 671; baseline 0 -15"><span class='ocrx_word' id='word_1_414' title='bbox 1161 618 1367 670; x_wconf 86' lang='grc' dir='ltr'>γνώσθησαν</span> <span class='ocrx_word' id='word_1_415' title='bbox 1394 618 1600 657; x_wconf 89' lang='grc' dir='ltr'>Παλλαδίου</span> <span class='ocrx_word' id='word_1_416' title='bbox 1619 621 1783 670; x_wconf 76' lang='grc' dir='ltr'>σοφιστοῦ</span> <span class='ocrx_word' id='word_1_417' title='bbox 1802 617 1946 669; x_wconf 83' lang='grc' dir='ltr'>μελέται</span> <span class='ocrx_word' id='word_1_418' title='bbox 1960 617 2136 671; x_wconf 72' lang='grc' dir='ltr'>διάφοροι,</span> <span class='ocrx_word' id='word_1_419' title='bbox 2153 619 2212 656; x_wconf 76' lang='grc' dir='ltr'>καὶ</span> 
     </span>
     <span class='ocr_line' id='line_1_60' title="bbox 1161 676 2212 730; baseline -0.002 -13"><span class='ocrx_word' id='word_1_420' title='bbox 1161 677 1335 729; x_wconf 87' lang='grc' dir='ltr'>Ἇφθονίου</span> <span class='ocrx_word' id='word_1_421' title='bbox 1355 676 1415 715; x_wconf 86' lang='grc' dir='ltr'>καὶ</span> <span class='ocrx_word' id='word_1_422' title='bbox 1435 677 1607 717; x_wconf 70' lang='grc' dir='ltr'>Εὐσεὸίου</span> <span class='ocrx_word' id='word_1_423' title='bbox 1639 682 1804 730; x_wconf 70' lang='grc' dir='ltr'>σοφιστοῦ</span> <span class='ocrx_word' id='word_1_424' title='bbox 1824 676 1885 715; x_wconf 81' lang='grc' dir='ltr'>καὶ</span> <span class='ocrx_word' id='word_1_425' title='bbox 1920 676 2090 727; x_wconf 85' lang='grc' dir='ltr'>Μαξίμου</span> <span class='ocrx_word' id='word_1_426' title='bbox 2111 692 2212 729; x_wconf 83' lang='grc' dir='ltr'>σοφι-</span> 
     </span>
     <span class='ocr_line' id='line_1_61' title="bbox 1163 735 2213 788; baseline -0.002 -13"><span class='ocrx_word' id='word_1_427' title='bbox 1163 740 1246 775; x_wconf 81' lang='grc' dir='ltr'>στοῦ</span> <span class='ocrx_word' id='word_1_428' title='bbox 1259 735 1520 788; x_wconf 77' lang='grc' dir='ltr'>Ἀλεξανδρέως.</span> <span class='ocrx_word' id='word_1_429' title='bbox 1534 735 1640 775; x_wconf 81' lang='grc' dir='ltr'>Ἀλλὰ</span> <span class='ocrx_word' id='word_1_430' title='bbox 1653 739 1722 775; x_wconf 82' lang='grc' dir='ltr'>τῶν</span> <span class='ocrx_word' id='word_1_431' title='bbox 1739 735 1855 775; x_wconf 87' lang='grc' dir='ltr'>ἄλλων</span> <span class='ocrx_word' id='word_1_432' title='bbox 1870 738 1888 774; x_wconf 82' lang='grc' dir='ltr'>ὁ</span> <span class='ocrx_word' id='word_1_433' title='bbox 1904 736 2107 780; x_wconf 82' lang='grc' dir='ltr'>Παλλάδιος</span> <span class='ocrx_word' id='word_1_434' title='bbox 2120 737 2213 775; x_wconf 85' lang='grc' dir='ltr'>κατὰ</span> 
     </span>
     <span class='ocr_line' id='line_1_62' title="bbox 1161 793 2210 848; baseline 0.002 -15"><span class='ocrx_word' id='word_1_435' title='bbox 1161 800 1280 833; x_wconf 84' lang='grc' dir='ltr'>πᾶσαν</span> <span class='ocrx_word' id='word_1_436' title='bbox 1299 793 1424 848; x_wconf 78' lang='grc' dir='ltr'>ἀρετὴν</span> <span class='ocrx_word' id='word_1_437' title='bbox 1445 794 1507 842; x_wconf 86' lang='grc' dir='ltr'>τὴν</span> <span class='ocrx_word' id='word_1_438' title='bbox 1536 796 1573 832; x_wconf 82' lang='grc' dir='ltr'>ἐν</span> <span class='ocrx_word' id='word_1_439' title='bbox 1592 794 1706 846; x_wconf 89' lang='grc' dir='ltr'>λόγοις</span> <span class='ocrx_word' id='word_1_440' title='bbox 1726 794 1783 833; x_wconf 77' lang='grc' dir='ltr'>ἐπὶ</span> <span class='ocrx_word' id='word_1_441' title='bbox 1809 795 1972 834; x_wconf 82' lang='grc' dir='ltr'>πλεῖστον</span> <span class='ocrx_word' id='word_1_442' title='bbox 1995 794 2210 848; x_wconf 80' lang='grc' dir='ltr'>διενήνοχεν.</span> 
     </span>
     <span class='ocr_line' id='line_1_63' title="bbox 1162 855 2183 905; baseline -0.003 -11"><span class='ocrx_word' id='word_1_443' title='bbox 1162 855 1219 894; x_wconf 89' lang='lat' dir='ltr'>Cf.</span> <span class='ocrx_word' id='word_1_444' title='bbox 1242 857 1520 894; x_wconf 86' lang='lat' dir='ltr'>Westermann.</span> <span class='ocrx_word' id='word_1_445' title='bbox 1545 855 1675 892; x_wconf 75' lang='lat' dir='ltr'>Gesclc.</span> <span class='ocrx_word' id='word_1_446' title='bbox 1697 857 1736 891; x_wconf 91' lang='lat' dir='ltr'>d.</span> <span class='ocrx_word' id='word_1_447' title='bbox 1759 869 1820 905; x_wconf 80' lang='lat' dir='ltr'>gr.</span> <span class='ocrx_word' id='word_1_448' title='bbox 1843 856 2002 892; x_wconf 77' lang='lat' dir='ltr'>Bereds.</span> <span class='ocrx_word' id='word_1_449' title='bbox 2025 855 2098 905; x_wconf 80' lang='lat'>93,</span> <span class='ocrx_word' id='word_1_450' title='bbox 2123 860 2183 898; x_wconf 78' lang='lat'>14.</span> 
     </span>
    </p>
   </div>
   <div class='ocr_carea' id='block_1_11' title="bbox 1554 977 1802 995">
    <p class='ocr_par' dir='ltr' id='par_1_15' title="bbox 1554 977 1802 995">
     <span class='ocr_line' id='line_1_64' title="bbox 1554 977 1802 995; baseline 0 2761"><span class='ocrx_word' id='word_1_451' title='bbox 1554 977 1802 995; x_wconf 95' lang='lat' dir='ltr'> </span> 
     </span>
    </p>
   </div>
   <div class='ocr_carea' id='block_1_12' title="bbox 1234 1079 2138 1139">
    <p class='ocr_par' dir='ltr' id='par_1_16' title="bbox 1234 1079 2138 1139">
     <span class='ocr_line' id='line_1_65' title="bbox 1234 1079 2138 1139; baseline 0.003 -3"><span class='ocrx_word' id='word_1_452' title='bbox 1234 1079 1700 1139; x_wconf 88' lang='lat' dir='ltr'><strong>EUSTOCHIUS</strong></span> <span class='ocrx_word' id='word_1_453' title='bbox 1726 1079 2138 1139; x_wconf 86' lang='lat' dir='ltr'><strong>CAPPADOX.</strong></span> 
     </span>
    </p>
   </div>
   <div class='ocr_carea' id='block_1_13' title="bbox 1161 1214 2217 2389">
    <p class='ocr_par' dir='ltr' id='par_1_17' title="bbox 1178 1214 2215 1329">
     <span class='ocr_line' id='line_1_66' title="bbox 1215 1214 2211 1272; baseline 0.004 -19"><span class='ocrx_word' id='word_1_454' title='bbox 1215 1214 1663 1267; x_wconf 65' lang='grc' dir='ltr'><strong>51111135.Εὐστόχιος,</strong></span> <span class='ocrx_word' id='word_1_455' title='bbox 1690 1217 2008 1269; x_wconf 76' lang='grc' dir='ltr'>Καππαδόκης,</span> <span class='ocrx_word' id='word_1_456' title='bbox 2031 1220 2211 1272; x_wconf 82' lang='grc' dir='ltr'>σοφιστής.</span> 
     </span>
     <span class='ocr_line' id='line_1_67' title="bbox 1161 1271 2215 1347; baseline 0.005 -35.082"><span class='ocrx_word' id='word_1_457' title='bbox 1161 1271 1322 1347; x_wconf 78' lang='grc' dir='ltr'>’Ἔγραψε</span> <span class='ocrx_word' id='word_1_458' title='bbox 1358 1272 1413 1313; x_wconf 71' lang='grc' dir='ltr'><em>Τ</em></span> <span class='ocrx_word' id='word_1_459' title='bbox 1400 1290 1422 1311; x_wconf 93' lang='grc' dir='ltr'>α</span> <span class='ocrx_word' id='word_1_460' title='bbox 1441 1273 1553 1312; x_wconf 83' lang='grc' dir='ltr'>κατὰ</span> <span class='ocrx_word' id='word_1_461' title='bbox 1592 1273 1856 1314; x_wconf 86' lang='grc' dir='ltr'>Κώνσταντα</span> <span class='ocrx_word' id='word_1_462' title='bbox 1897 1275 1968 1315; x_wconf 84' lang='grc' dir='ltr'>τὸν</span> <span class='ocrx_word' id='word_1_463' title='bbox 2010 1279 2215 1329; x_wconf 82' lang='grc' dir='ltr'>βασιλέα,</span> 
     </span>
    </p>

    <p class='ocr_par' dir='ltr' id='par_1_18' title="bbox 1163 1332 2214 1443">
     <span class='ocr_line' id='line_1_68' title="bbox 1163 1332 2214 1384; baseline 0.006 -14"><span class='ocrx_word' id='word_1_464' title='bbox 1163 1333 1222 1370; x_wconf 85' lang='grc' dir='ltr'>καὶ</span> <span class='ocrx_word' id='word_1_465' title='bbox 1248 1332 1575 1384; x_wconf 82' lang='grc' dir='ltr'>Ἀρχαιολογίαν</span> <span class='ocrx_word' id='word_1_466' title='bbox 1606 1335 1923 1379; x_wconf 82' lang='grc' dir='ltr'>Καππαδοκίας</span> <span class='ocrx_word' id='word_1_467' title='bbox 1949 1336 2021 1374; x_wconf 83' lang='grc' dir='ltr'>καὶ</span> <span class='ocrx_word' id='word_1_468' title='bbox 2051 1338 2214 1376; x_wconf 88' lang='grc' dir='ltr'>λοιπων</span> 
     </span>
     <span class='ocr_line' id='line_1_69' title="bbox 1165 1391 1634 1443; baseline 0.009 -15"><span class='ocrx_word' id='word_1_469' title='bbox 1165 1393 1274 1443; x_wconf 86' lang='grc'><strong>(1111111</strong></span> <span class='ocrx_word' id='word_1_470' title='bbox 1295 1391 1410 1429; x_wconf 83' lang='grc' dir='ltr'>ἄλλων</span> <span class='ocrx_word' id='word_1_471' title='bbox 1424 1392 1459 1443; x_wconf 80' lang='lat'>?)</span> <span class='ocrx_word' id='word_1_472' title='bbox 1490 1393 1634 1432; x_wconf 82' lang='grc' dir='ltr'>ἐθνῶν.</span> 
     </span>
    </p>

    <p class='ocr_par' dir='ltr' id='par_1_19' title="bbox 1161 1448 2217 2093">
     <span class='ocr_line' id='line_1_70' title="bbox 1215 1448 2215 1503; baseline 0.007 -16"><span class='ocrx_word' id='word_1_473' title='bbox 1215 1448 1518 1501; x_wconf 79' lang='lat' dir='ltr'>Archaeologiam</span> <span class='ocrx_word' id='word_1_474' title='bbox 1535 1452 1648 1500; x_wconf 89' lang='lat' dir='ltr'>hujus</span> <span class='ocrx_word' id='word_1_475' title='bbox 1671 1455 1870 1503; x_wconf 87' lang='lat' dir='ltr'>scriptoris</span> <span class='ocrx_word' id='word_1_476' title='bbox 1886 1463 1972 1492; x_wconf 86' lang='lat' dir='ltr'>ante</span> <span class='ocrx_word' id='word_1_477' title='bbox 1992 1458 2125 1494; x_wconf 88' lang='lat' dir='ltr'>oculos</span> <span class='ocrx_word' id='word_1_478' title='bbox 2142 1458 2215 1494; x_wconf 86' lang='lat' dir='ltr'>ha-</span> 
     </span>
     <span class='ocr_line' id='line_1_71' title="bbox 1161 1510 2215 1567; baseline 0.006 -20"><span class='ocrx_word' id='word_1_479' title='bbox 1161 1510 1247 1547; x_wconf 86' lang='lat' dir='ltr'>huit</span> <span class='ocrx_word' id='word_1_480' title='bbox 1260 1511 1470 1560; x_wconf 88' lang='lat' dir='ltr'>Stephanus</span> <span class='ocrx_word' id='word_1_481' title='bbox 1489 1513 1611 1560; x_wconf 85' lang='lat' dir='ltr'><strong>Byz.:</strong></span> <span class='ocrx_word' id='word_1_482' title='bbox 1631 1511 1982 1561; x_wconf 81' lang='grc' dir='ltr'>Παντικάπαιον,</span> <span class='ocrx_word' id='word_1_483' title='bbox 2001 1514 2100 1559; x_wconf 87' lang='grc' dir='ltr'>πόλις</span> <span class='ocrx_word' id='word_1_484' title='bbox 2117 1531 2160 1565; x_wconf 88' lang='grc' dir='ltr'>με</span> <span class='ocrx_word' id='word_1_485' title='bbox 2163 1516 2215 1567; x_wconf 89' lang='grc' dir='ltr'>γί-</span> 
     </span>
     <span class='ocr_line' id='line_1_72' title="bbox 1167 1566 2217 1627; baseline 0.007 -21"><span class='ocrx_word' id='word_1_486' title='bbox 1167 1583 1248 1618; x_wconf 87' lang='grc' dir='ltr'>στη,</span> <span class='ocrx_word' id='word_1_487' title='bbox 1265 1571 1332 1606; x_wconf 86' lang='grc' dir='ltr'>τῶν</span> <span class='ocrx_word' id='word_1_488' title='bbox 1350 1566 1444 1606; x_wconf 79' lang='grc' dir='ltr'>κατὰ</span> <span class='ocrx_word' id='word_1_489' title='bbox 1458 1568 1636 1621; x_wconf 85' lang='grc' dir='ltr'>Βόσπορον</span> <span class='ocrx_word' id='word_1_490' title='bbox 1656 1570 1880 1622; x_wconf 86' lang='grc' dir='ltr'>μητρόπολις.</span> <span class='ocrx_word' id='word_1_491' title='bbox 1897 1571 2044 1627; x_wconf 84' lang='grc' dir='ltr'>ᾨκίσθη</span> <span class='ocrx_word' id='word_1_492' title='bbox 2064 1572 2100 1611; x_wconf 78' lang='grc' dir='ltr'>δὲ</span> <span class='ocrx_word' id='word_1_493' title='bbox 2118 1576 2217 1627; x_wconf 79' lang='grc' dir='ltr'>παρὰ</span> 
     </span>
     <span class='ocr_line' id='line_1_73' title="bbox 1167 1627 2216 1684; baseline 0.005 -17"><span class='ocrx_word' id='word_1_494' title='bbox 1167 1627 1300 1675; x_wconf 79' lang='grc' dir='ltr'>Αἰήτου</span> <span class='ocrx_word' id='word_1_495' title='bbox 1314 1628 1457 1678; x_wconf 86' lang='grc' dir='ltr'>παιδὸς,</span> <span class='ocrx_word' id='word_1_496' title='bbox 1479 1628 1647 1671; x_wconf 75' lang='grc' dir='ltr'>λαὸόντος</span> <span class='ocrx_word' id='word_1_497' title='bbox 1660 1645 1718 1667; x_wconf 88' lang='grc' dir='ltr'>τον</span> <span class='ocrx_word' id='word_1_498' title='bbox 1735 1629 1839 1668; x_wconf 84' lang='grc' dir='ltr'>τόπον</span> <span class='ocrx_word' id='word_1_499' title='bbox 1856 1630 1953 1684; x_wconf 86' lang='grc' dir='ltr'>παρὰ</span> <span class='ocrx_word' id='word_1_500' title='bbox 1971 1631 2140 1684; x_wconf 82' lang='grc' dir='ltr'>Ἀγαήτου</span> <span class='ocrx_word' id='word_1_501' title='bbox 2157 1650 2216 1672; x_wconf 85' lang='grc' dir='ltr'>του</span> 
     </span>
     <span class='ocr_line' id='line_1_74' title="bbox 1165 1686 2216 1739; baseline 0.004 -13"><span class='ocrx_word' id='word_1_502' title='bbox 1165 1688 1309 1726; x_wconf 80' lang='grc' dir='ltr'>Σκυθῶν</span> <span class='ocrx_word' id='word_1_503' title='bbox 1329 1686 1521 1739; x_wconf 86' lang='grc' dir='ltr'>βασιλέως,</span> <span class='ocrx_word' id='word_1_504' title='bbox 1544 1703 1604 1725; x_wconf 87' lang='grc' dir='ltr'>και</span> <span class='ocrx_word' id='word_1_505' title='bbox 1624 1687 1837 1733; x_wconf 83' lang='grc' dir='ltr'>καλέσαντος</span> <span class='ocrx_word' id='word_1_506' title='bbox 1859 1688 1922 1736; x_wconf 79' lang='grc' dir='ltr'>τὴν</span> <span class='ocrx_word' id='word_1_507' title='bbox 1942 1689 2042 1728; x_wconf 89' lang='grc' dir='ltr'>πόλιν</span> <span class='ocrx_word' id='word_1_508' title='bbox 2063 1690 2133 1729; x_wconf 83' lang='grc' dir='ltr'>ἀπὸ</span> <span class='ocrx_word' id='word_1_509' title='bbox 2156 1696 2216 1730; x_wconf 75' lang='grc' dir='ltr'>τοῦ</span> 
     </span>
     <span class='ocr_line' id='line_1_75' title="bbox 1163 1745 2213 1799; baseline 0.006 -16"><span class='ocrx_word' id='word_1_510' title='bbox 1163 1745 1420 1798; x_wconf 84' lang='grc' dir='ltr'>παραρρέοντος</span> <span class='ocrx_word' id='word_1_511' title='bbox 1436 1750 1596 1797; x_wconf 72' lang='grc' dir='ltr'>ποταμοῦ</span> <span class='ocrx_word' id='word_1_512' title='bbox 1619 1748 1852 1786; x_wconf 82' lang='grc' dir='ltr'>Παντικαποῧ</span> <span class='ocrx_word' id='word_1_513' title='bbox 1869 1748 2111 1799; x_wconf 80' lang='grc' dir='ltr'>(Παντικαπᾶ</span> <span class='ocrx_word' id='word_1_514' title='bbox 2128 1753 2213 1790; x_wconf 91' lang='lat' dir='ltr'>cod.</span> 
     </span>
     <span class='ocr_line' id='line_1_76' title="bbox 1162 1803 2215 1859; baseline 0.007 -18"><span class='ocrx_word' id='word_1_515' title='bbox 1162 1806 1283 1843; x_wconf 86' lang='lat' dir='ltr'>Palat.</span> <span class='ocrx_word' id='word_1_516' title='bbox 1300 1805 1324 1855; x_wconf 86' lang='lat'>).</span> <span class='ocrx_word' id='word_1_517' title='bbox 1341 1803 1386 1844; x_wconf 75' lang='lat' dir='ltr'>‘O</span> <span class='ocrx_word' id='word_1_518' title='bbox 1401 1803 1547 1852; x_wconf 89' lang='grc' dir='ltr'>πολίτης</span> <span class='ocrx_word' id='word_1_519' title='bbox 1558 1806 1860 1850; x_wconf 86' lang='grc' dir='ltr'>Παντικαπαιεύς.</span> <span class='ocrx_word' id='word_1_520' title='bbox 1879 1805 2102 1859; x_wconf 83' lang='grc' dir='ltr'>Λέγεταικαὶ</span> <span class='ocrx_word' id='word_1_521' title='bbox 2116 1811 2215 1849; x_wconf 85' lang='grc' dir='ltr'>Παν-</span> 
     </span>
     <span class='ocr_line' id='line_1_77' title="bbox 1163 1861 2215 1911; baseline 0.007 -11"><span class='ocrx_word' id='word_1_522' title='bbox 1163 1861 1413 1910; x_wconf 85' lang='grc' dir='ltr'>τικαπαιοίτης.</span> <span class='ocrx_word' id='word_1_523' title='bbox 1441 1862 1550 1902; x_wconf 78' lang='grc' dir='ltr'>’Ἐστι</span> <span class='ocrx_word' id='word_1_524' title='bbox 1579 1863 1616 1902; x_wconf 82' lang='grc' dir='ltr'>δὲ</span> <span class='ocrx_word' id='word_1_525' title='bbox 1650 1864 1940 1910; x_wconf 78' lang='grc' dir='ltr'>Παντικαπαιεὺς</span> <span class='ocrx_word' id='word_1_526' title='bbox 1974 1868 2019 1911; x_wconf 81' lang='grc' dir='ltr'>ὡς</span> <span class='ocrx_word' id='word_1_527' title='bbox 2054 1867 2124 1909; x_wconf 78' lang='grc' dir='ltr'>ἀπὸ</span> <span class='ocrx_word' id='word_1_528' title='bbox 2156 1872 2215 1907; x_wconf 78' lang='grc' dir='ltr'>τοῦ</span> 
     </span>
     <span class='ocr_line' id='line_1_78' title="bbox 1164 1921 2216 1970; baseline 0.005 -10"><span class='ocrx_word' id='word_1_529' title='bbox 1164 1921 1398 1969; x_wconf 82' lang='grc' dir='ltr'>Παντικάπη,</span> <span class='ocrx_word' id='word_1_530' title='bbox 1415 1923 1461 1965; x_wconf 81' lang='grc' dir='ltr'>ὡς</span> <span class='ocrx_word' id='word_1_531' title='bbox 1476 1926 1535 1960; x_wconf 72' lang='grc' dir='ltr'>τοῦ</span> <span class='ocrx_word' id='word_1_532' title='bbox 1555 1922 1700 1970; x_wconf 84' lang='grc' dir='ltr'>Σινώπη</span> <span class='ocrx_word' id='word_1_533' title='bbox 1718 1924 1757 1961; x_wconf 85' lang='grc' dir='ltr'>τὸ</span> <span class='ocrx_word' id='word_1_534' title='bbox 1776 1924 1971 1969; x_wconf 86' lang='grc' dir='ltr'>Σινωπεύς.</span> <span class='ocrx_word' id='word_1_535' title='bbox 1990 1925 2044 1965; x_wconf 81' lang='grc' dir='ltr'>Τὸ</span> <span class='ocrx_word' id='word_1_536' title='bbox 2064 1925 2100 1964; x_wconf 78' lang='grc' dir='ltr'>δὲ</span> <span class='ocrx_word' id='word_1_537' title='bbox 2116 1928 2216 1966; x_wconf 89' lang='grc' dir='ltr'>Παν-</span> 
     </span>
     <span class='ocr_line' id='line_1_79' title="bbox 1163 1980 2212 2037; baseline 0.007 -20"><span class='ocrx_word' id='word_1_538' title='bbox 1163 1980 1400 2029; x_wconf 86' lang='grc' dir='ltr'>τικαπαιοίτης</span> <span class='ocrx_word' id='word_1_539' title='bbox 1419 1982 1654 2031; x_wconf 83' lang='grc' dir='ltr'>(Παντικᾶπη</span> <span class='ocrx_word' id='word_1_540' title='bbox 1671 1985 1786 2021; x_wconf 89' lang='lat' dir='ltr'>codd.</span> <span class='ocrx_word' id='word_1_541' title='bbox 1803 1986 1967 2036; x_wconf 84' lang='lat' dir='ltr'>Rhedig.</span> <span class='ocrx_word' id='word_1_542' title='bbox 1989 1994 2027 2023; x_wconf 88' lang='lat' dir='ltr'>et</span> <span class='ocrx_word' id='word_1_543' title='bbox 2040 1988 2212 2037; x_wconf 64' lang='lat' dir='ltr'>Salmas.)</span> 
     </span>
     <span class='ocr_line' id='line_1_80' title="bbox 1164 2040 1611 2093; baseline 0.004 -16"><span class='ocrx_word' id='word_1_544' title='bbox 1164 2045 1278 2077; x_wconf 83' lang='grc' dir='ltr'>κεῖται</span> <span class='ocrx_word' id='word_1_545' title='bbox 1294 2041 1393 2091; x_wconf 86' lang='grc' dir='ltr'>παρὰ</span> <span class='ocrx_word' id='word_1_546' title='bbox 1411 2040 1611 2093; x_wconf 76' lang='grc' dir='ltr'>Εὐστοχίῳ.</span> 
     </span>
    </p>

    <p class='ocr_par' dir='ltr' id='par_1_20' title="bbox 1163 2101 2217 2385">
     <span class='ocr_line' id='line_1_81' title="bbox 1217 2101 2216 2154; baseline 0.006 -18"><span class='ocrx_word' id='word_1_547' title='bbox 1217 2101 1323 2136; x_wconf 86' lang='grc' dir='ltr'><strong>ΑΙί115</strong></span> <span class='ocrx_word' id='word_1_548' title='bbox 1337 2102 1564 2138; x_wconf 84' lang='lat' dir='ltr'>Eustochius</span> <span class='ocrx_word' id='word_1_549' title='bbox 1581 2110 1635 2138; x_wconf 88' lang='lat' dir='ltr'>est</span> <span class='ocrx_word' id='word_1_550' title='bbox 1651 2103 1820 2139; x_wconf 86' lang='lat' dir='ltr'>medicus</span> <span class='ocrx_word' id='word_1_551' title='bbox 1834 2111 1871 2139; x_wconf 89' lang='lat' dir='ltr'>et</span> <span class='ocrx_word' id='word_1_552' title='bbox 1884 2105 2025 2140; x_wconf 87' lang='lat' dir='ltr'>Plotini</span> <span class='ocrx_word' id='word_1_553' title='bbox 2045 2105 2216 2154; x_wconf 81' lang='lat' dir='ltr'>discipu·-</span> 
     </span>
     <span class='ocr_line' id='line_1_82' title="bbox 1163 2159 2217 2211; baseline 0.007 -18"><span class='ocrx_word' id='word_1_554' title='bbox 1163 2159 1241 2203; x_wconf 87' lang='lat' dir='ltr'>lus,</span> <span class='ocrx_word' id='word_1_555' title='bbox 1255 2160 1321 2206; x_wconf 86' lang='lat' dir='ltr'>qui</span> <span class='ocrx_word' id='word_1_556' title='bbox 1337 2160 1478 2208; x_wconf 88' lang='lat' dir='ltr'>scripta</span> <span class='ocrx_word' id='word_1_557' title='bbox 1493 2161 1663 2209; x_wconf 82' lang='lat' dir='ltr'>magistri</span> <span class='ocrx_word' id='word_1_558' title='bbox 1681 2162 1894 2207; x_wconf 84' lang='lat' dir='ltr'>ordinavit,</span> <span class='ocrx_word' id='word_1_559' title='bbox 1915 2162 1962 2199; x_wconf 87' lang='lat' dir='ltr'>de</span> <span class='ocrx_word' id='word_1_560' title='bbox 1976 2176 2053 2211; x_wconf 89' lang='lat' dir='ltr'>quo</span> <span class='ocrx_word' id='word_1_561' title='bbox 2071 2177 2109 2199; x_wconf 89' lang='lat' dir='ltr'>v.</span> <span class='ocrx_word' id='word_1_562' title='bbox 2127 2165 2217 2201; x_wconf 89' lang='lat' dir='ltr'>Por·</span> 
     </span>
     <span class='ocr_line' id='line_1_83' title="bbox 1164 2217 2217 2270; baseline 0.007 -18"><span class='ocrx_word' id='word_1_563' title='bbox 1164 2217 1274 2266; x_wconf 85' lang='lat' dir='ltr'>phyr.</span> <span class='ocrx_word' id='word_1_564' title='bbox 1305 2218 1344 2253; x_wconf 89' lang='lat' dir='ltr'>in</span> <span class='ocrx_word' id='word_1_565' title='bbox 1362 2221 1393 2255; x_wconf 80' lang='lat' dir='ltr'>V</span> <span class='ocrx_word' id='word_1_566' title='bbox 1395 2219 1437 2254; x_wconf 88' lang='lat' dir='ltr'>it</span> <span class='ocrx_word' id='word_1_567' title='bbox 1461 2219 1602 2255; x_wconf 87' lang='lat' dir='ltr'>Plotini</span> <span class='ocrx_word' id='word_1_568' title='bbox 1626 2233 1660 2257; x_wconf 89' lang='lat' dir='ltr'>c.</span> <span class='ocrx_word' id='word_1_569' title='bbox 1694 2234 1731 2267; x_wconf 89' lang='lat'>7.</span> <span class='ocrx_word' id='word_1_570' title='bbox 1755 2222 1785 2257; x_wconf 87' lang='lat' dir='ltr'>F</span> <span class='ocrx_word' id='word_1_571' title='bbox 1788 2223 2004 2258; x_wconf 85' lang='lat' dir='ltr'>ustochium</span> <span class='ocrx_word' id='word_1_572' title='bbox 2033 2223 2168 2270; x_wconf 88' lang='lat' dir='ltr'>Syrum</span> <span class='ocrx_word' id='word_1_573' title='bbox 2197 2237 2217 2259; x_wconf 89' lang='grc'>0</span> 
     </span>
     <span class='ocr_line' id='line_1_84' title="bbox 1166 2277 2213 2332; baseline 0.007 -22"><span class='ocrx_word' id='word_1_574' title='bbox 1166 2277 1361 2312; x_wconf 83' lang='lat' dir='ltr'>Palaestina</span> <span class='ocrx_word' id='word_1_575' title='bbox 1375 2277 1568 2313; x_wconf 86' lang='lat' dir='ltr'>rhetorem</span> <span class='ocrx_word' id='word_1_576' title='bbox 1586 2278 1701 2314; x_wconf 89' lang='lat' dir='ltr'>habes</span> <span class='ocrx_word' id='word_1_577' title='bbox 1717 2291 1778 2327; x_wconf 89' lang='lat' dir='ltr'>ap.</span> <span class='ocrx_word' id='word_1_578' title='bbox 1798 2280 2003 2316; x_wconf 89' lang='lat' dir='ltr'>Libanium</span> <span class='ocrx_word' id='word_1_579' title='bbox 2018 2282 2088 2330; x_wconf 89' lang='lat' dir='ltr'>Ep.</span> <span class='ocrx_word' id='word_1_580' title='bbox 2109 2281 2213 2332; x_wconf 89' lang='lat'>699:</span> 
     </span>
     <span class='ocr_line' id='line_1_85' title="bbox 1169 2328 2217 2389; baseline 0.006 -19"><span class='ocrx_word' id='word_1_581' title='bbox 1169 2333 1360 2385; x_wconf 81' lang='grc' dir='ltr'>Εὐστόχιον</span> <span class='ocrx_word' id='word_1_582' title='bbox 1375 2328 1476 2372; x_wconf 83' lang='grc' dir='ltr'>οἶσθά</span> <span class='ocrx_word' id='word_1_583' title='bbox 1494 2350 1559 2372; x_wconf 88' lang='grc' dir='ltr'>που</span> <span class='ocrx_word' id='word_1_584' title='bbox 1576 2335 1634 2373; x_wconf 82' lang='grc' dir='ltr'>τὸν</span> <span class='ocrx_word' id='word_1_585' title='bbox 1651 2337 1690 2374; x_wconf 83' lang='grc' dir='ltr'>ἐκ</span> <span class='ocrx_word' id='word_1_586' title='bbox 1707 2337 1957 2384; x_wconf 61' lang='grc' dir='ltr'>Παλαιστίνης</span> <span class='ocrx_word' id='word_1_587' title='bbox 1966 2337 2023 2376; x_wconf 82' lang='grc' dir='ltr'>τὸν</span> <span class='ocrx_word' id='word_1_588' title='bbox 2044 2337 2159 2389; x_wconf 88' lang='grc' dir='ltr'>νόμων</span> <span class='ocrx_word' id='word_1_589' title='bbox 2179 2354 2217 2376; x_wconf 88' lang='grc' dir='ltr'>τε</span> 
     </span>
    </p>
   </div>
   <div class='ocr_carea' id='block_1_14' title="bbox 1165 2392 2215 2448">
    <p class='ocr_par' dir='ltr' id='par_1_21' title="bbox 1165 2392 2215 2448">
     <span class='ocr_line' id='line_1_86' title="bbox 1165 2392 2215 2448; baseline 0.007 -19"><span class='ocrx_word' id='word_1_590' title='bbox 1165 2392 1284 2445; x_wconf 79' lang='grc' dir='ltr'>πλήρη</span> <span class='ocrx_word' id='word_1_591' title='bbox 1302 2408 1362 2430; x_wconf 92' lang='grc' dir='ltr'>και</span> <span class='ocrx_word' id='word_1_592' title='bbox 1380 2396 1423 2445; x_wconf 81' lang='grc' dir='ltr'>τῇ</span> <span class='ocrx_word' id='word_1_593' title='bbox 1443 2409 1510 2431; x_wconf 90' lang='grc' dir='ltr'>των</span> <span class='ocrx_word' id='word_1_594' title='bbox 1530 2393 1642 2445; x_wconf 90' lang='grc' dir='ltr'>λόγων</span> <span class='ocrx_word' id='word_1_595' title='bbox 1662 2394 1762 2448; x_wconf 78' lang='grc' dir='ltr'>ῥώμῃ</span> <span class='ocrx_word' id='word_1_596' title='bbox 1786 2398 1978 2447; x_wconf 88' lang='grc' dir='ltr'>βοηθουντα</span> <span class='ocrx_word' id='word_1_597' title='bbox 1998 2400 2068 2441; x_wconf 78' lang='grc' dir='ltr'>τοῖς</span> <span class='ocrx_word' id='word_1_598' title='bbox 2086 2397 2215 2447; x_wconf 72' lang='grc' dir='ltr'>νόμοις.</span> 
     </span>
    </p>
   </div>
   <div class='ocr_carea' id='block_1_15' title="bbox 1568 2522 1816 2539">
    <p class='ocr_par' dir='ltr' id='par_1_22' title="bbox 1568 2522 1816 2539">
     <span class='ocr_line' id='line_1_87' title="bbox 1568 2522 1816 2539; baseline -0.004 -5"><span class='ocrx_word' id='word_1_599' title='bbox 1568 2522 1816 2539; x_wconf 54' lang='grc' dir='ltr'>ψ</span> 
     </span>
    </p>
   </div>
   <div class='ocr_carea' id='block_1_16' title="bbox 1166 2656 2218 2845">
    <p class='ocr_par' dir='ltr' id='par_1_23' title="bbox 1166 2656 2218 2845">
     <span class='ocr_line' id='line_1_88' title="bbox 1168 2656 2218 2699; baseline 0.004 -12"><span class='ocrx_word' id='word_1_600' title='bbox 1168 2656 1359 2688; x_wconf 78' lang='lat' dir='ltr'>Alexandri</span> <span class='ocrx_word' id='word_1_601' title='bbox 1376 2659 1495 2698; x_wconf 75' lang='lat' dir='ltr'>Maqnz&#39;</span> <span class='ocrx_word' id='word_1_602' title='bbox 1526 2658 1752 2691; x_wconf 84' lang='lat' dir='ltr'>Macedonum</span> <span class='ocrx_word' id='word_1_603' title='bbox 1777 2661 1867 2699; x_wconf 72' lang='lat' dir='ltr'>reqz&#39;s</span> <span class='ocrx_word' id='word_1_604' title='bbox 1889 2659 2090 2699; x_wconf 85' lang='lat' dir='ltr'>composuit,</span> <span class='ocrx_word' id='word_1_605' title='bbox 2113 2660 2218 2691; x_wconf 80' lang='lat' dir='ltr'>aetatis</span> 
     </span>
     <span class='ocr_line' id='line_1_89' title="bbox 1166 2708 2215 2751; baseline 0.003 -12"><span class='ocrx_word' id='word_1_606' title='bbox 1166 2717 1250 2740; x_wconf 84' lang='lat' dir='ltr'>anno</span> <span class='ocrx_word' id='word_1_607' title='bbox 1263 2708 1367 2748; x_wconf 88' lang='lat' dir='ltr'>primo</span> <span class='ocrx_word' id='word_1_608' title='bbox 1381 2711 1411 2740; x_wconf 85' lang='lat' dir='ltr'>el</span> <span class='ocrx_word' id='word_1_609' title='bbox 1426 2709 1595 2741; x_wconf 88' lang='lat' dir='ltr'>tricesimo.</span> <span class='ocrx_word' id='word_1_610' title='bbox 1613 2710 1721 2749; x_wconf 84' lang='lat' dir='ltr'>stylus</span> <span class='ocrx_word' id='word_1_611' title='bbox 1734 2710 1778 2742; x_wconf 91' lang='lat' dir='ltr'>illi</span> <span class='ocrx_word' id='word_1_612' title='bbox 1792 2712 1921 2751; x_wconf 89' lang='lat' dir='ltr'>apertus</span> <span class='ocrx_word' id='word_1_613' title='bbox 1934 2711 1982 2742; x_wconf 88' lang='lat' dir='ltr'>est</span> <span class='ocrx_word' id='word_1_614' title='bbox 1998 2712 2030 2742; x_wconf 88' lang='lat' dir='ltr'>et</span> <span class='ocrx_word' id='word_1_615' title='bbox 2041 2710 2215 2750; x_wconf 80' lang='lat' dir='ltr'>Jucundus‚</span> 
     </span>
     <span class='ocr_line' id='line_1_90' title="bbox 1166 2760 2217 2804; baseline 0.004 -12"><span class='ocrx_word' id='word_1_616' title='bbox 1166 2760 1310 2793; x_wconf 83' lang='lat' dir='ltr'>nonnihil</span> <span class='ocrx_word' id='word_1_617' title='bbox 1328 2763 1435 2794; x_wconf 86' lang='lat' dir='ltr'>tamen</span> <span class='ocrx_word' id='word_1_618' title='bbox 1448 2770 1542 2802; x_wconf 78' lang='lat' dir='ltr'>aequo</span> <span class='ocrx_word' id='word_1_619' title='bbox 1558 2762 1747 2803; x_wconf 86' lang='lat' dir='ltr'>languidior.</span> <span class='ocrx_word' id='word_1_620' title='bbox 1763 2763 1906 2795; x_wconf 85' lang='lat' dir='ltr'>Dialecto</span> <span class='ocrx_word' id='word_1_621' title='bbox 1922 2762 2062 2804; x_wconf 87' lang='lat' dir='ltr'>denique</span> <span class='ocrx_word' id='word_1_622' title='bbox 2079 2772 2156 2795; x_wconf 89' lang='lat' dir='ltr'>usus</span> <span class='ocrx_word' id='word_1_623' title='bbox 2169 2766 2217 2796; x_wconf 83' lang='lat' dir='ltr'>est</span> 
     </span>
     <span class='ocr_line' id='line_1_91' title="bbox 1167 2812 1286 2845; baseline 0 -1"><span class='ocrx_word' id='word_1_624' title='bbox 1167 2812 1286 2845; x_wconf 87' lang='lat' dir='ltr'>lonica.</span> 
     </span>
    </p>
   </div>
   <div class='ocr_carea' id='block_1_17' title="bbox 1167 2961 2216 3463">
    <p class='ocr_par' dir='ltr' id='par_1_24' title="bbox 1167 2961 2216 3419">
     <span class='ocr_line' id='line_1_92' title="bbox 1209 2961 2216 3002; baseline -0.002 -9"><span class='ocrx_word' id='word_1_625' title='bbox 1209 2962 1448 3001; x_wconf 79' lang='lat' dir='ltr'>Panticapaeum</span> <span class='ocrx_word' id='word_1_626' title='bbox 1461 2986 1470 3001; x_wconf 94' lang='lat'>,</span> <span class='ocrx_word' id='word_1_627' title='bbox 1484 2961 1561 2993; x_wconf 90' lang='lat' dir='ltr'>urbs</span> <span class='ocrx_word' id='word_1_628' title='bbox 1577 2961 1718 2993; x_wconf 87' lang='lat' dir='ltr'>maxima</span> <span class='ocrx_word' id='word_1_629' title='bbox 1731 2986 1740 3001; x_wconf 88' lang='lat'>,</span> <span class='ocrx_word' id='word_1_630' title='bbox 1752 2970 1928 3002; x_wconf 85' lang='lat' dir='ltr'>earumque</span> <span class='ocrx_word' id='word_1_631' title='bbox 1942 2970 2015 3002; x_wconf 85' lang='lat' dir='ltr'>quae</span> <span class='ocrx_word' id='word_1_632' title='bbox 2029 2961 2061 2992; x_wconf 90' lang='lat' dir='ltr'>in</span> <span class='ocrx_word' id='word_1_633' title='bbox 2075 2963 2216 3001; x_wconf 85' lang='lat' dir='ltr'>Bosporo</span> 
     </span>
     <span class='ocr_line' id='line_1_93' title="bbox 1167 3013 2215 3054; baseline -0.003 -9"><span class='ocrx_word' id='word_1_634' title='bbox 1167 3014 1243 3045; x_wconf 79' lang='lat' dir='ltr'>sunt</span> <span class='ocrx_word' id='word_1_635' title='bbox 1256 3014 1452 3054; x_wconf 85' lang='lat' dir='ltr'>metropolis,</span> <span class='ocrx_word' id='word_1_636' title='bbox 1467 3013 1596 3045; x_wconf 85' lang='lat' dir='ltr'>condita</span> <span class='ocrx_word' id='word_1_637' title='bbox 1609 3015 1657 3045; x_wconf 89' lang='lat' dir='ltr'>est</span> <span class='ocrx_word' id='word_1_638' title='bbox 1670 3013 1710 3045; x_wconf 87' lang='lat' dir='ltr'>ab</span> <span class='ocrx_word' id='word_1_639' title='bbox 1724 3014 1820 3046; x_wconf 78' lang='lat' dir='ltr'>AEetae</span> <span class='ocrx_word' id='word_1_640' title='bbox 1836 3013 1913 3053; x_wconf 78' lang='lat' dir='ltr'>filio,</span> <span class='ocrx_word' id='word_1_641' title='bbox 1929 3013 1984 3053; x_wconf 86' lang='lat' dir='ltr'>qui</span> <span class='ocrx_word' id='word_1_642' title='bbox 1998 3013 2106 3044; x_wconf 89' lang='lat' dir='ltr'>locum</span> <span class='ocrx_word' id='word_1_643' title='bbox 2123 3013 2215 3045; x_wconf 87' lang='lat' dir='ltr'>illum</span> 
     </span>
     <span class='ocr_line' id='line_1_94' title="bbox 1168 3063 2216 3105; baseline -0.002 -8"><span class='ocrx_word' id='word_1_644' title='bbox 1168 3065 1208 3097; x_wconf 89' lang='lat' dir='ltr'>ab</span> <span class='ocrx_word' id='word_1_645' title='bbox 1228 3068 1343 3104; x_wconf 83' lang='lat' dir='ltr'>Agaete</span> <span class='ocrx_word' id='word_1_646' title='bbox 1356 3065 1547 3105; x_wconf 77' lang='lat' dir='ltr'>Scytharum</span> <span class='ocrx_word' id='word_1_647' title='bbox 1563 3073 1635 3105; x_wconf 85' lang='lat' dir='ltr'>rege</span> <span class='ocrx_word' id='word_1_648' title='bbox 1648 3066 1832 3105; x_wconf 84' lang='lat' dir='ltr'>acceperat,</span> <span class='ocrx_word' id='word_1_649' title='bbox 1850 3073 2032 3105; x_wconf 88' lang='lat' dir='ltr'>nomenque</span> <span class='ocrx_word' id='word_1_650' title='bbox 2052 3064 2121 3095; x_wconf 93' lang='lat' dir='ltr'>urbi</span> <span class='ocrx_word' id='word_1_651' title='bbox 2136 3063 2216 3095; x_wconf 90' lang='lat' dir='ltr'>indi-</span> 
     </span>
     <span class='ocr_line' id='line_1_95' title="bbox 1168 3117 2214 3159; baseline -0.002 -9"><span class='ocrx_word' id='word_1_652' title='bbox 1168 3118 1216 3150; x_wconf 89' lang='lat' dir='ltr'>dit</span> <span class='ocrx_word' id='word_1_653' title='bbox 1228 3128 1247 3150; x_wconf 92' lang='lat' dir='ltr'>a</span> <span class='ocrx_word' id='word_1_654' title='bbox 1262 3118 1432 3159; x_wconf 84' lang='lat' dir='ltr'>Panticape</span> <span class='ocrx_word' id='word_1_655' title='bbox 1448 3117 1545 3149; x_wconf 85' lang='lat' dir='ltr'>fluvio</span> <span class='ocrx_word' id='word_1_656' title='bbox 1561 3117 1822 3158; x_wconf 83' lang='lat' dir='ltr'>praeterfluente(</span> <span class='ocrx_word' id='word_1_657' title='bbox 1839 3117 1886 3157; x_wconf 89' lang='lat' dir='ltr'>cf.</span> <span class='ocrx_word' id='word_1_658' title='bbox 1912 3117 2076 3149; x_wconf 76' lang='lat' dir='ltr'>Ileroclol.</span> <span class='ocrx_word' id='word_1_659' title='bbox 2096 3118 2113 3147; x_wconf 81' lang='lat'><strong>4</strong></span> <span class='ocrx_word' id='word_1_660' title='bbox 2125 3140 2133 3156; x_wconf 95' lang='lat'>,</span> <span class='ocrx_word' id='word_1_661' title='bbox 2157 3119 2191 3147; x_wconf 88' lang='lat'>18</span> <span class='ocrx_word' id='word_1_662' title='bbox 2206 3126 2214 3153; x_wconf 91' lang='lat'>;</span> 
     </span>
     <span class='ocr_line' id='line_1_96' title="bbox 1170 3167 2213 3209; baseline -0.005 -6"><span class='ocrx_word' id='word_1_663' title='bbox 1170 3173 1270 3203; x_wconf 78' lang='lat' dir='ltr'>Dion.</span> <span class='ocrx_word' id='word_1_664' title='bbox 1301 3172 1379 3209; x_wconf 80' lang='lat'>3143</span> <span class='ocrx_word' id='word_1_665' title='bbox 1408 3170 1518 3209; x_wconf 85' lang='lat' dir='ltr'>Mela,</span> <span class='ocrx_word' id='word_1_666' title='bbox 1536 3174 1572 3209; x_wconf 83' lang='lat'>2,</span> <span class='ocrx_word' id='word_1_667' title='bbox 1593 3174 1603 3200; x_wconf 87' lang='lat'>1</span> <span class='ocrx_word' id='word_1_668' title='bbox 1619 3193 1628 3208; x_wconf 93' lang='lat'><strong><em>‚</em></strong></span> <span class='ocrx_word' id='word_1_669' title='bbox 1651 3174 1668 3201; x_wconf 90' lang='lat'>5</span> <span class='ocrx_word' id='word_1_670' title='bbox 1683 3168 1706 3209; x_wconf 94' lang='lat'>).</span> <span class='ocrx_word' id='word_1_671' title='bbox 1739 3169 1825 3201; x_wconf 85' lang='lat' dir='ltr'>Civis</span> <span class='ocrx_word' id='word_1_672' title='bbox 1844 3168 2109 3209; x_wconf 80' lang='lat' dir='ltr'>Panticapoeensis</span> <span class='ocrx_word' id='word_1_673' title='bbox 2145 3170 2154 3207; x_wconf 93' lang='lat'>(</span> <span class='ocrx_word' id='word_1_674' title='bbox 2169 3167 2213 3208; x_wconf 84' lang='lat' dir='ltr'>cs.</span> 
     </span>
     <span class='ocr_line' id='line_1_97' title="bbox 1170 3221 2211 3262; baseline -0.006 -7"><span class='ocrx_word' id='word_1_675' title='bbox 1170 3223 1293 3255; x_wconf 80' lang='lat' dir='ltr'>Strabo</span> <span class='ocrx_word' id='word_1_676' title='bbox 1308 3226 1338 3261; x_wconf 90' lang='lat'>2,</span> <span class='ocrx_word' id='word_1_677' title='bbox 1352 3231 1385 3262; x_wconf 90' lang='lat' dir='ltr'>p.</span> <span class='ocrx_word' id='word_1_678' title='bbox 1400 3224 1452 3262; x_wconf 77' lang='lat'>743</span> <span class='ocrx_word' id='word_1_679' title='bbox 1471 3225 1519 3261; x_wconf 84' lang='lat'>11,</span> <span class='ocrx_word' id='word_1_680' title='bbox 1535 3231 1566 3261; x_wconf 90' lang='lat' dir='ltr'>p.</span> <span class='ocrx_word' id='word_1_681' title='bbox 1588 3222 1680 3262; x_wconf 74' lang='lat'><strong>494).</strong></span> <span class='ocrx_word' id='word_1_682' title='bbox 1700 3221 1824 3253; x_wconf 86' lang='lat' dir='ltr'>Dicitur</span> <span class='ocrx_word' id='word_1_683' title='bbox 1838 3221 1934 3253; x_wconf 85' lang='lat' dir='ltr'>etiam</span> <span class='ocrx_word' id='word_1_684' title='bbox 1951 3221 2211 3260; x_wconf 64' lang='lat' dir='ltr'>Panticafueates.</span> 
     </span>
     <span class='ocr_line' id='line_1_98' title="bbox 1169 3271 2215 3313; baseline -0.005 -7"><span class='ocrx_word' id='word_1_685' title='bbox 1169 3275 1340 3307; x_wconf 88' lang='lat' dir='ltr'>Formatur</span> <span class='ocrx_word' id='word_1_686' title='bbox 1354 3282 1429 3306; x_wconf 91' lang='lat' dir='ltr'>vero</span> <span class='ocrx_word' id='word_1_687' title='bbox 1445 3272 1722 3313; x_wconf 75' lang='lat' dir='ltr'>Panticapaeensis,</span> <span class='ocrx_word' id='word_1_688' title='bbox 1738 3272 1830 3313; x_wconf 89' lang='lat' dir='ltr'>quasi</span> <span class='ocrx_word' id='word_1_689' title='bbox 1840 3273 1880 3304; x_wconf 90' lang='lat' dir='ltr'>ab</span> <span class='ocrx_word' id='word_1_690' title='bbox 1892 3272 1979 3304; x_wconf 89' lang='lat' dir='ltr'>urbis</span> <span class='ocrx_word' id='word_1_691' title='bbox 1992 3271 2121 3303; x_wconf 86' lang='lat' dir='ltr'>nomine</span> <span class='ocrx_word' id='word_1_692' title='bbox 2137 3273 2215 3301; x_wconf 84' lang='lat' dir='ltr'>Pan·</span> 
     </span>
     <span class='ocr_line' id='line_1_99' title="bbox 1169 3323 2214 3367; baseline -0.006 -9"><span class='ocrx_word' id='word_1_693' title='bbox 1169 3327 1292 3367; x_wconf 82' lang='lat' dir='ltr'>ticape3</span> <span class='ocrx_word' id='word_1_694' title='bbox 1318 3325 1592 3367; x_wconf 87' lang='lat' dir='ltr'>quemadmodum</span> <span class='ocrx_word' id='word_1_695' title='bbox 1620 3334 1639 3356; x_wconf 89' lang='lat' dir='ltr'>a</span> <span class='ocrx_word' id='word_1_696' title='bbox 1661 3325 1777 3365; x_wconf 85' lang='lat' dir='ltr'>Sinope</span> <span class='ocrx_word' id='word_1_697' title='bbox 1807 3325 1842 3356; x_wconf 80' lang='lat' dir='ltr'>fit</span> <span class='ocrx_word' id='word_1_698' title='bbox 1874 3323 2067 3363; x_wconf 80' lang='lat' dir='ltr'>sinopensis.</span> <span class='ocrx_word' id='word_1_699' title='bbox 2098 3323 2214 3354; x_wconf 82' lang='lat' dir='ltr'>Forma</span> 
     </span>
     <span class='ocr_line' id='line_1_100' title="bbox 1170 3377 2028 3419; baseline -0.006 -6"><span class='ocrx_word' id='word_1_700' title='bbox 1170 3379 1419 3419; x_wconf 80' lang='lat' dir='ltr'>Panticapaeates</span> <span class='ocrx_word' id='word_1_701' title='bbox 1436 3386 1512 3411; x_wconf 85' lang='lat' dir='ltr'>vero</span> <span class='ocrx_word' id='word_1_702' title='bbox 1533 3378 1686 3418; x_wconf 85' lang='lat' dir='ltr'>reperitur</span> <span class='ocrx_word' id='word_1_703' title='bbox 1706 3377 1789 3418; x_wconf 86' lang='lat' dir='ltr'>apud</span> <span class='ocrx_word' id='word_1_704' title='bbox 1809 3377 2028 3410; x_wconf 79' lang='lat' dir='ltr'>Eustochium.</span> 
     </span>
    </p>

    <p class='ocr_par' dir='ltr' id='par_1_25' title="bbox 2042 3439 2068 3463">
     <span class='ocr_line' id='line_1_101' title="bbox 2042 3439 2068 3463; baseline -0.038 0"><span class='ocrx_word' id='word_1_705' title='bbox 2042 3439 2068 3463; x_wconf 83' lang='lat'>1.</span> 
     </span>
    </p>
   </div>
  </div>
 </body>
</html>
