2326 3724
998 176 1337 216 FRAGMENTA.

90 271 201 315 λίταις
236 273 270 310 ἐν
305 276 379 314 ταῖς
411 269 597 323 λεωφόροις
633 271 771 324 ἀφανῶς
800 271 1073 321 ἐπιὸαλλόντων,
1103 275 1136 311 ἐν

91 330 225 383 ἀφασίᾳ
261 329 446 368 διετέλουν.
479 328 538 381 (25)
569 328 670 382 Ἆνὴρ
698 328 735 367 δέ
761 346 810 373 τις
837 332 904 368 τῶν
932 331 970 368 ἐκ
993 331 1140 370 Τυάνων

89 387 242 439 τοῦνομα
262 387 491 431 Ἀπολλώνιος
523 389 562 425 ἐκ
593 387 688 431 λίθου
718 388 835 432 ξεστοῦ
869 394 958 441 τρεῖς
993 390 1139 436 ἀνεστή-

91 461 177 484 σατο
214 445 410 499 πελαργοὺς
441 445 736 498 ἀντριπροσώπως
768 445 933 492 ἀλλήλοιν
970 449 1138 500 ὁρῶντας·

90 503 123 543 οἳ
152 504 211 543 καὶ
245 503 348 557 μέχρι
373 506 480 543 τῶνδε
514 505 716 555 διαμένουσι
742 507 810 542 τῶν
831 504 976 557 χρόνων,
998 507 1034 543 οὐ
1057 521 1136 556 συγ-

82 567 285 615 χωροῦντες
315 565 539 614 ἐπιφοιτῆσαι
567 566 610 616 τῇ
645 562 745 602 πόλει
776 562 815 601 τὸ
846 566 915 601 τῶν
954 565 1139 616 πελαργῶν

93 622 202 674 γένος.

143 694 189 720 2⁶.
221 680 312 720 Ἐπὶ
333 681 368 719 δὲ
397 686 468 724 τοῖς
489 680 683 734 εἰρημένοις
713 679 823 720 Δίνεω
854 685 912 719 τοῦ
943 685 1138 734 στρατηγοῦ

92 739 375 789 μεταλλάξαντος
387 769 397 786 ,
419 738 519 778 Λέων
537 738 600 786 τὴν
619 741 687 776 τῶν
707 738 906 783 Βυζαντίων
930 741 1140 792 ἀριστοκρα-

91 797 166 836 τίαν
195 797 351 846 ἐδέξατο,
381 797 432 851 ἐφ’
461 793 568 849 οἷπερ
588 798 769 841 Φίλιππος
788 801 806 835 ὁ
825 800 893 835 τῶν
924 798 1138 837 Μακεδόνων

92 855 254 908 βασιλεὺς
265 887 274 904 ,
289 859 307 894 ὁ
322 856 489 908 Ἀμύντου
503 857 584 898 παῖς
595 855 762 907 γεγονὼς,
776 857 910 903 πολλὴν
925 858 1139 909 ἐπαγόμενος

92 913 239 966 δύναμιν
257 915 451 967 ἐπολιόρκει
470 915 532 961 τὴν
549 914 667 965 πόλιν,
683 913 822 967 διώρυξί
837 931 875 953 τε
891 916 951 953 καὶ
965 916 1139 961 παντοίοις

88 974 289 1024 πολεμικοῖς
324 973 559 1027 μηχανήμασι
587 974 656 1017 τοῖς
693 973 825 1025 τείχεσι
865 974 1133 1026 προσπελάζων.

90 1035 149 1085 (27)
173 1033 244 1072 Καὶ
264 1032 304 1080 δὴ
327 1033 367 1071 ἂν
384 1033 515 1081 ταύτην
530 1032 636 1078 ἐξεῖλε
652 1032 774 1077 νυκτὸς
790 1032 1042 1084 ἐπιλαὸόμενος
1057 1035 1137 1072 οἶσε·

89 1091 194 1139 λήνου
213 1092 273 1131 καὶ
299 1092 434 1145 ὅμὸρου
460 1092 740 1146 καταρραγέντος
761 1091 932 1144 ἐξαισίου,
949 1095 978 1130 εἷ
1009 1093 1059 1142 μή
1086 1110 1138 1136 τις

90 1152 206 1194 αὐτοῖς
222 1155 282 1189 τοῦ
299 1151 390 1189 θείου
411 1151 530 1203 γέγονε
551 1151 739 1225 συμμαχία
756 1167 833 1194 τους
852 1150 944 1189 κατὰ
961 1150 1022 1198 τὴν
1037 1154 1137 1190 πόλιν

89 1224 194 1254 κυνας
215 1209 300 1262 πρὸς
325 1210 494 1257 ὑλακὴν
476 1226 754 1257 αναστησαντος,
779 1226 840 1247 και
866 1209 1009 1261 νεφελας
1032 1210 1137 1264 πυρὸς

88 1270 158 1311 τοῖς
193 1268 366 1322 ’ἄρκτώοις
403 1268 638 1320 ἐπαγαγόντος
674 1267 828 1321 μέρεσιν.
864 1268 906 1308 Γ
911 1268 926 1314 ξ
961 1273 1068 1322 οὗπερ
1106 1271 1136 1308 οἱ

90 1327 194 1377 δῆμοι
229 1326 473 1379 διεγερθέντες,
498 1328 557 1366 καὶ
591 1330 726 1380 θερμῶς
750 1328 819 1371 τοῖς
845 1327 1022 1378 πολεμίοις
1052 1343 1133 1366 συν·

89 1385 301 1437 ενεχθὲντες,
320 1385 387 1433 ἤδη
404 1385 467 1433 τὴν
484 1385 584 1424 πόλιν
602 1386 670 1424 ὑπὸ
686 1388 736 1438 τῷ
753 1387 929 1439 Φιλίππῳ
947 1387 1135 1438 γενομένην

88 1444 304 1496 ἐρρύσαντο,
334 1443 568 1488 ἀναλαὸόντες
602 1443 678 1487 τοὺς
705 1444 956 1497 διαφθαρέντας
985 1445 1136 1498 πύργους

83 1508 160 1546 -τοῖς
182 1504 222 1541 ἐκ
240 1505 310 1540 τῶν
337 1502 455 1555 τάφων
475 1502 743 1555 παρακειμένοις
771 1503 894 1550 λίθοις,
912 1503 971 1541 καὶ
1003 1503 1135 1555 ἀνυερά-

86 1576 205 1604 ναντες
225 1560 287 1605 τὰς
313 1561 472 1605 ἐπάλξεις
490 1566 551 1600 τοῦ
570 1561 720 1614 τείχους·
738 1555 777 1600 οῧ
803 1560 844 1608 δὴ
865 1561 968 1614 χάριν
988 1562 1134 1613 Ιυμὸο·

87 1619 194 1668 σύνην
225 1619 265 1658 τὸ
303 1623 416 1672 τεῖχος
451 1620 636 1667 ἐκάλεσαν,
671 1620 948 1674 λαμπαδηφόρον
981 1620 1134 1668 Ἑκάτης

86 1678 345 1726 ἀναστήσαντες
365 1679 467 1730 ἄγα)
461 1694 525 1717 αα.
551 1672 658 1722 Αὖθις
678 1677 714 1715 δὲ
730 1677 815 1730 πρὸς
834 1678 1032 1730 ναυμαχίας
1049 1695 1132 1731 τρα-

87 1737 207 1782 πέντες
243 1753 441 1791 περιφανως
483 1752 562 1780 τους
600 1736 807 1779 Μακεδόνας
844 1735 1020 1782 ἐνίκησαν,
1064 1736 1136 1776 Και

86 1796 198 1850 τούτῳ
216 1799 267 1850 τῷ
297 1797 416 1850 τρόπῳ
446 1796 664 1840 διαλυθέντος
693 1799 752 1834 τοῦ
780 1795 934 1846 πολέμου
955 1795 1136 1841 Φίλιππος

86 1857 294 1909 παραχωρεῖ
310 1856 524 1901 Βυζαντίοις.

140 1929 187 1954 28.
218 1915 367 1962 Ἐπειδὴ
385 1914 420 1953 δὲ
439 1914 498 1953 καὶ
514 1914 613 1954 Λέων
627 1913 685 1953 τὸν
709 1914 783 1966 βίον
802 1914 1028 1964 μετήλλαξεν,
1057 1914 1134 1953 Χά-

90 1990 152 2027 ρης
170 1976 189 2012 ὁ
210 1975 280 2011 τῶν
300 1973 488 2022 Ἀθηναίων
518 1973 711 2025 στρατηγὸς
741 1972 802 2011 σὺν
835 1973 936 2010 ναυσὶ
963 1972 1136 2026 τεσσαρά-

88 2048 194 2071 κοντα
216 2034 263 2076 εἷς
285 2031 491 2084 συμμαχίαν
512 2034 580 2070 τῶν
611 2031 808 2076 Βυζαντίων
843 2030 950 2069 ἐλθὼν
969 2031 1054 2083 πρὸς
1078 2032 1136 2069 τὸν

87 2090 181 2130 κατὰ
219 2090 403 2130 Φιλίππου
437 2090 605 2141 πόλεμον,
636 2090 810 2128 κατέλαῧε
840 2089 903 2136 τὴν
937 2090 1047 2142 ἄκραν
1077 2093 1137 2136 τῆς

87 2149 343 2202 Προποντίδος,
376 2149 452 2196 ἥτις
481 2147 611 2200 μεταξυ
644 2151 757 2187 κεῖται
793 2148 1046 2200 Χρυσοπόλεως
1077 2164 1136 2186 και

88 2207 335 2259 Χαλκηδόνος,
351 2207 412 2246 καὶ
430 2210 464 2246 ἐν
482 2207 602 2260 ἐκείνῳ
616 2208 854 2261 προσορμίσας
869 2210 917 2259 τῷ
934 2207 1031 2246 τόπω
1049 2207 1136 2246 ἀπό-

86 2282 210 2320 πειραν
243 2264 421 2316 ἓλάμὸανε
453 2270 513 2305 τοῦ
544 2246 714 2315 πόλέμου.
753 2267 812 2317 (29)
849 2262 970 2304 Ἔνθα
998 2265 1039 2312 δὴ
1071 2264 1134 2312 τὴν

87 2325 260 2376 ἑπομένην
289 2327 384 2378 αὖτω
414 2327 563 2376 γυναῖκα
597 2325 689 2377 νόσῳ
723 2326 910 2376 βληθεῖσαν
944 2324 1136 2363 ἀποὸαλὼν

86 2384 309 2432 κατέθηκεν’
293 2400 329 2423 εν
339 2384 462 2444 τάφῳ,
477 2383 678 2430 ἀναστησας
698 2384 787 2436 αὐτῇ
821 2382 939 2435 βωμὸν
958 2383 1018 2420 καὶ
1037 2383 1135 2421 κίονα

87 2442 296 2492 σύνθετον,’
280 2459 316 2481 εν
335 2446 363 2496 ᾡ
381 2443 531 2494 δάμαλις
551 2442 759 2481 δεικνυται
745 2455 784 2482 εκ
803 2441 922 2486 ξεστοῦ
940 2442 1073 2481 λίθου’
1054 2459 1135 2480 ανα-

87 2500 245 2552 κειμένη.
276 2500 382 2541 Οὕτω
408 2499 477 2553 γὰρ
503 2501 726 2552 (μᾶλλον)’
711 2500 824 2548 εκείνη
849 2517 911 2547 την
933 2501 1134 2550 ἐπωνυμίαν

88 2560 272 2608 ἐκέκλητο,
291 2556 366 2607 ἥτις
390 2559 447 2598 διὰ
469 2561 538 2597 τῶν
567 2559 859 2613 ἐγγεγραμμένων
878 2559 1006 2612 στίχων
1027 2559 1132 2611 μέχρι

2178 190 2245 222 151

1202 279 1292 311 blicis
1320 281 1504 312 clanculum
1535 281 1722 321 injicerent,
1759 284 1888 324 stupore
1922 287 2085 325 Byzantini
2116 286 2252 327 perculsi

1202 360 1288 391 sunt.
1312 359 1377 398 (25)
1399 359 1461 391 Sed
1483 360 1531 391 vir
1547 360 1677 400 quidam
1695 363 1859 402 't'yanens,
1887 364 2076 403 Apollonius
2103 366 2251 405 nomine,

1202 439 1267 471 tres
1283 438 1422 471 ciconias
1441 449 1482 472 ex
1495 440 1600 481 lapide
1613 440 1712 481 polito
1723 466 1732 482 ,
1755 441 1891 474 obversa
1908 443 1987 474 facie
2002 452 2035 475 se
2057 446 2171 476 mutuo
2195 445 2252 476 ad-

1202 517 1370 558 spicientes
1384 517 1504 557 erexit,
1521 526 1595 558 quac
1610 517 1649 549 ad
1667 518 1727 549 hoc
1743 527 1846 558 usque
1858 519 1986 560 tempus
1998 520 2135 562 durant,
2152 532 2255 563 neque

1202 595 1341 627 ciconias
1360 595 1391 626 in
1403 594 1517 626 urbem
1534 595 1643 627 venire
1663 596 1864 636 permittunt.

1244 693 1294 721 26.
1333 689 1409 720 Post
1443 689 1530 728 haec,
1566 689 1678 721 Dinaeo
1710 691 1848 729 praetore
1889 691 2033 730 mortuo,
2064 693 2128 723 Leo
2165 701 2254 723 sum·

1201 775 1291 797 mum
1317 765 1461 806 Byzantii
1486 765 1707 806 magistratum
1733 766 1891 807 suscepit;
1914 767 1974 798 sub
2001 776 2066 807 qno
2091 768 2256 808 Philippus
2297 786 2299 789 -

1201 839 1412 871 Macedonum
1436 848 1511 880 rex,
1530 841 1677 879 Amyntae
1705 839 1807 880 lilius,
1834 826 2080 882 magnisstopiis
2105 844 2254 882 admotis,

1202 915 1313 947 urbem
1345 914 1486 955 obsedit,
1521 916 1554 947 et
1588 915 1748 947 cuniculis
1779 914 1913 955 aliisque
1940 916 2099 947 machinis
2134 916 2256 947 bellicis

1201 995 1311 1018 muros
1348 995 1512 1026 aggressus
1543 987 1601 1018 est.
1640 987 1707 1026 (27)
1742 987 1783 1018 Et
1814 995 1889 1018 sane
1926 986 2017 1018 facile
2051 995 2121 1018 carn
2154 996 2255 1027 expu-

1199 1057 1343 1097 gnasset,
1370 1058 1464 1088 nocte
1490 1056 1580 1087 illuni
1614 1056 1647 1087 et
1676 1056 1832 1088 immensa
1865 1056 1971 1096 pluvia
2003 1056 2254 1096 adJuvantihns,

1199 1125 1258 1158 nisi
1288 1126 1361 1166 quis
1391 1125 1470 1157 dens
1500 1125 1628 1157 tulisset
1655 1134 1768 1166 opem,
1798 1126 1831 1157 et
1863 1134 1961 1158 canes
1989 1135 2046 1166 per
2075 1126 2187 1158 urbem
2216 1126 2255 1157 ad

1200 1198 1351 1230 latratum
1376 1197 1563 1238 excitasset,
1587 1197 1754 1237 nubesque
1777 1197 1898 1229 lucidas
1925 1197 1966 1228 ad
1993 1197 2255 1238 septemtrionem

1199 1271 1413 1312 produxisset.
1442 1273 1488 1302 Ea
1505 1279 1539 1302 re
1564 1271 1708 1302 suscitati
1728 1272 1814 1302 cives
1839 1271 1952 1302 urbem
1968 1271 2034 1310 Jam
2061 1271 2157 1302 terea
2182 1271 2256 1302 Phi-

1198 1345 1283 1385 lippo
1308 1346 1434 1384 captam
1460 1346 1709 1383 conservarunt,
1734 1346 1902 1384 turresque
1925 1345 1957 1375 et
1980 1353 2149 1375 murorum
2181 1354 2255 1385 pro-

1198 1417 1376 1457 pugnacula
1405 1416 1597 1448 labefactata
1620 1424 1658 1447 ex
1687 1416 1846 1456 lapidibus
1872 1417 2106 1457 sepulcralibus
2132 1416 2256 1448 restan-

1366 1487 1442 1528 Ejus
1478 1487 1524 1518 rei
1567 1486 1670 1528 gratia
1713 1487 1804 1519 illum
1847 1497 1977 1519 murum
2028 1488 2256 1528 Tymbosyncn

1198 1489 1320 1520 rarnnt.

1199 1561 1490 1602 (Sepulcrclum)
1533 1561 1823 1601 cognominarunt,
1861 1564 1967 1594 erecta
1998 1562 2094 1594 simul
2134 1563 2264 1602 lampa-⁹

1196 1632 1298 1664 disera
1323 1632 1458 1665 Hecates
1479 1632 1596 1663 statua.
1625 1629 1747 1662 Deinde
1775 1632 1886 1662 autern
1913 1630 1952 1661 ad
1983 1639 2121 1670 pugnam
2150 1632 2256 1661 ‘nava-

1196 1702 1259 1734 lem
1285 1710 1318 1734 se
1340 1702 1579 1741 convertentes,
1600 1700 1714 1732 illustri
1741 1700 1832 1732 clade
1853 1700 2044 1732 Macedones
2066 1701 2254 1732 affecerunt.
2276 1739 2278 1743 v

1197 1770 1301 1811 Atque
1329 1771 1416 1802 hunc
1446 1770 1479 1802 in
1508 1770 1639 1802 modum
1672 1770 1762 1802 [inito
1790 1770 1874 1802 bello
1904 1770 2071 1811 Philippus
2096 1772 2256 1811 Byzantiis

1196 1840 1300 1872 cessit.

1239 1921 1290 1950 28.
1327 1918 1501 1958 Postquam
1538 1919 1646 1949 autem
1682 1918 1746 1949 Leo
1781 1926 1912 1957 quoque
1946 1917 2085 1949 excessit
2117 1926 2134 1949 e
2168 1918 2253 1957 vita,

1197 2000 1437 2033 Atheniensium
1460 2000 1527 2032 dux
1553 2009 1627 2031 cnm
1650 1999 1862 2039 quadraginta
1882 1999 2019 2031 navibus
2042 2000 2073 2031 iu
2096 2000 2253 2031 auxilium

1197 2082 1419 2121 Byzantiorum
1446 2081 1608 2122 profectus
1652 2080 1693 2112 ad
1741 2055 1862 2112 bellum
1900 2081 2012 2111 contra
2051 2080 2253 2121 Philippum,

1197 2162 1366 2202 occupavit
1393 2161 1650 2202 promontorium
1684 2160 1904 2201 Propontidis,
1932 2160 2018 2200 quod
2045 2161 2128 2193 inter
2158 2161 2254 2193 Chal-

1196 2242 1350 2275 cedonem
1379 2243 1412 2274 et
1447 2241 1672 2282 Chrysopolim
1704 2241 1803 2273 sitnm
1835 2242 1901 2279 est,
1934 2241 2042 2282 ibique
2075 2241 2252 2281 periculum

1196 2322 1268 2354 belli
1291 2322 1402 2354 subiit.
1431 2321 1497 2362 (29)
1521 2324 1557 2353 In
1580 2321 1693 2353 eodem
1722 2321 1794 2352 loco
1824 2320 2014 2361 conjugem,
2041 2321 2253 2361 expeditionis

1195 2403 1366 2443 comitem,
1391 2402 1505 2435 morbo
1521 2402 1716 2434 exstinctam
1737 2400 1911 2442 sepulturae
1934 2400 2084 2440 tradidit,
2111 2402 2143 2432 et
2163 2410 2252 2432 aram

1193 2484 1222 2516 ei
1240 2484 1345 2525 posuit
1361 2493 1435 2515 cnm
1453 2484 1622 2522 columna,
1643 2483 1675 2514 in
1691 2491 1757 2523 qua
1777 2481 1930 2515 damalz's
1947 2491 2002 2515 seu
2020 2482 2162 2522 juvenca
2178 2491 2252 2513 con-

1194 2565 1326 2606 spicitur
1351 2574 1392 2596 ex
1418 2563 1523 2605 lapide
1552 2563 1663 2604 polito.
1694 2563 1823 2595 Etenim
1849 2563 1990 2595 Damalis
2014 2572 2130 2594 nomen
2159 2557 2251 2593 uxori

86 2690 125 2697 —-
137 2672 188 2705 25.
201 2672 344 2714 Τυάνων]
357 2682 375 2705 e
387 2672 510 2705 Codino
519 2684 528 2711 ;
537 2673 658 2711 Τυάνης
673 2673 808 2714 Hesych.
818 2675 1014 2713 Temporum
1023 2673 1243 2704 confusionem
1255 2672 1286 2703 in
1298 2671 1484 2711 hujusmodi
1497 2672 1630 2702 anctore
1643 2670 1708 2701 noli
1720 2669 1840 2701 mirari.
1853 2671 1983 2701 Frustra
1995 2670 2133 2701 Orellius
2142 2669 2200 2709 in§
2212 2673 2247 2700 24

86 2728 144 2760 pro
157 2719 194 2751 οὐ
207 2719 285 2760 μετὰ
294 2719 373 2751 πολὺ
389 2719 422 2750 δὲ
438 2719 534 2750 scribi
547 2719 650 2751 voluit
665 2719 743 2760 μετὰ
756 2720 835 2751 πολὺ
850 2720 894 2751 δὲ.
908 2721 1061 2751 Ceterum
1075 2719 1115 2750 de
1132 2728 1166 2750 re
1179 2719 1220 2751 ct'.
1236 2720 1368 2751 Tzetzes
1383 2718 1467 2750 Chil.
1483 2720 1525 2756 11,
1541 2718 1615 2750 hist.
1631 2721 1690 2756 (303
1704 2717 1902 2756 Nicephorus
1917 2717 2068 2749 Callistus
2080 2719 2135 2755 ΙΙΙ,
2155 2722 2163 2747 1
2178 2721 2202 2755 Ι,
2219 2719 2250 2747 ct

87 2766 252 2798 cedrenus
263 2766 296 2797 in
304 2766 466 2798 Chron-
475 2766 659 2804 ἀλλήλοιν
673 2765 740 2807 ὁρ.]
750 2767 885 2807 ὁρῶντας
896 2766 1056 2803 ἀλλήλους.
1070 2778 1085 2793 «
1099 2768 1255 2798 ceterum
1265 2766 1304 2798 ad
1317 2766 1404 2797 hunc
1417 2765 1564 2806 Hesychii
1578 2766 1610 2796 et
1623 2763 1737 2796 Codini
1752 2763 1860 2796 locum
1871 2764 2096 2795 illustrandum
2114 2764 2249 2803 pertinet

87 2815 301 2855 fragmentum
312 2812 514 2853 historicum,
533 2814 621 2855 qnod
633 2823 672 2846 ex
690 2815 823 2855 antiquo
841 2814 951 2846 codice
968 2815 1051 2847 Bibl.
1063 2816 1167 2854 Regiae
1181 2815 1234 2845 hic
1250 2812 1401 2855 subjunxi
1419 2823 1426 2843 z
1441 2811 1754 2852 ‘'Ortkvozlouue'voev
1770 2811 1898 2852 ὕστερον
1910 2815 1976 2846 τῶν
1994 2811 2172 2847 Βυζαντίων
2186 2812 2248 2842 ὑπὸ

85 2864 147 2892 τῶν
160 2858 272 2901 ὄφεων,
284 2861 518 2902 διαφθειρόντων
533 2862 637 2898 αὐτοῖς
647 2862 686 2893 τὰ
697 2862 808 2901 ὕδατα,
821 2863 838 2893 ὁ
851 2862 985 2898 Τυανεὺς
999 2862 1200 2898 Ἀπολλώνιος
1216 2862 1279 2893 ἀπὸ
1295 2861 1380 2892 λίθου
1392 2861 1499 2897 ξεστοῦ
1512 2863 1590 2900 τρεῖς
1604 2859 1755 2895 ἀνέστησε
1769 2858 1951 2900 πελαργοὺς,
1966 2859 2074 2894 οἵτινες
2086 2858 2142 2889 οὐκ
2156 2858 2247 2889 ε’ὠσιν

87 2910 283 2950 ἑπιφοιτῆσαι
289 2912 328 2950 τῇ
337 2909 423 2940 πόλει
434 2909 616 2950 πελαργούς·
629 2909 739 2941 ἐκεῖνοι
753 2909 811 2950 γὰρ
824 2907 981 2950 πνίγοντες
991 2909 1045 2946 τὰς
1056 2909 1137 2948 ὄφεις
1150 2909 1256 2951 πρώην
1271 2906 1430 2945 ἠκόντιζον
1443 2907 1567 2947 νεκροὺς
1575 2905 1657 2936 κατὰ
1668 2907 1728 2936 τῶν
1740 2904 1924 2945 δεξαμενῶν.
1935 2918 1950 2932 »
1963 2904 2170 2936 Lambecz'us.
2180 2904 2248 2935 Alia

86 2953 126 2986 de
139 2955 306 2995 Apollonio
331 2956 487 2996 Tyanensi
501 2964 520 2986 a
531 2957 742 2988 Constantino
758 2955 946 2996 Byzantium
962 2956 1121 2988 advocato
1134 2965 1167 2988 v.
1188 2957 1220 2987 in
1234 2955 1352 2987 Chron.
1376 2952 1620 2993 constantinop.
1637 2970 1676 2974 -
1691 2951 1710 2992 §
1726 2955 1778 2983 26.
1800 2952 1892 2984 Λέων
1903 2951 1915 2991 Ἰ,
1928 2952 2017 2984 Λέων
2033 2963 2078 2987 τις
2091 2955 2152 2981 τῶν
2174 2953 2244 2987 Βυζ.

86 3002 142 3039 τὴν
156 3002 206 3044 ἀρ.
222 3002 337 3034 Codin.
358 3003 470 3041 Inepte
483 3001 630 3033 Dinaeum
645 3001 678 3033 in
693 3002 884 3041 praefectura
898 3003 963 3034 Leo
977 3001 1139 3042 excepisse
1154 3001 1283 3033 dicitur.
1298 3004 1345 3033 De
1360 3010 1394 3032 re
1407 3001 1449 3032 ct'.
1472 3000 1624 3040 stephan.
1645 3001 1722 3054 Byz.
1739 3007 1771 3030 v.
1792 2999 1962 3040 Βόσπορος.
1980 3016 2020 3022 —-
2035 2998 2086 3038 ἐφ’
2104 2997 2244 3038 οὗπερ]

87 3047 133 3088 ἐφ’
147 3049 184 3080 οὗ
202 3048 314 3081 Codin.
327 3049 395 3080 -ὁ
407 3048 528 3088 Ἄμυν.
540 3047 583 3088 ]ὁ
596 3057 662 3079 om.
681 3048 762 3081 Cod.
777 3047 1139 3089 -παντοίοις]οιι].
1159 3049 1241 3081 Cod.
1255 3047 1324 3088 -§
1339 3051 1389 3080 27.
1408 3047 1473 3078 καὶ
1487 3047 1530 3084 δὴ
1553 3047 1596 3077 ἂν
1616 3046 1760 3083 ταύτην
1777 3045 1855 3082 ἑξεῖ
1861 3045 1987 3086 λε]καὶ
2001 3045 2114 3081 ταᾱτην
2135 3046 2172 3075 ἂν
2186 3045 2245 3075 εἰλε

88 3095 198 3127 Codin.
211 3113 253 3118 --
262 3096 328 3127 κύν
337 3107 378 3132 ας
392 3103 504 3126 vocem
517 3095 613 3134 post’
599 3106 752 3133 αναστησ.
769 3094 858 3135 ponit
870 3095 1023 3127 Codinus.
1035 3114 1077 3122 —
1085 3107 1108 3127 π
1117 3107 1132 3138 ρ
1140 3096 1158 3127 ὸ
1166 3107 1202 3132 ς..
1211 3106 1256 3135 ,μ
1265 3106 1278 3126 ε
1287 3106 1303 3135 ρ
1311 3105 1325 3126 ε
1333 3106 1353 3125 σ
1361 3105 1394 3124 ιν
1406 3093 1415 3134 ]
1427 3094 1502 3134 πρὸς
1512 3093 1583 3129 τοὺς
1595 3093 1680 3133 ἀρκτ.
1695 3093 1744 3124 ἐπ.
1758 3092 1872 3129 τόπους
1885 3093 1996 3124 Codin.
2008 3112 2048 3118 -
2061 3093 2117 3123 διε
2125 3103 2143 3128 γ
2153 3103 2166 3122 ε
2175 3093 2222 3132 po.
2231 3092 2246 3132 ]

88 3142 222 3183 ἐπεγερθ.
238 3142 352 3174 Codin.
365 3162 404 3169 -
418 3153 467 3173 κα
478 3143 488 3172 ὶ
513 3143 528 3173 θ
540 3152 554 3173 ε
565 3153 580 3182 ρ
590 3145 648 3182 μῶ
659 3154 698 3178 ς.
704 3153 776 3174 .συ
783 3153 894 3183 νενεχ
902 3120 1318 3183 Oevte;]on1.Godin.-
1333 3139 1619 3181 ἀνυφάναντες]
1638 3135 1939 3180 ἀνοικοδομήσαντες
1954 3139 2069 3170 Codin.
2088 3158 2128 3164 -
2145 3141 2169 3170 T
2178 3151 2195 3169 υ
2205 3150 2241 3178 μ-

88 3189 278 3230 δοσύνην]
294 3203 310 3218 «
325 3191 414 3222 Fort.
429 3189 629 3230 Τυμὸοσίνην
639 3198 659 3220 a
675 3188 801 3220 violatis
813 3189 978 3229 sepulcris.
996 3202 1011 3216 »
1027 3191 1183 3221 Hermus.
1195 3208 1237 3216 —
1249 3200 1264 3219 ν
1274 3198 1407 3228 αυμαχ
1416 3187 1475 3223 ίας
1486 3186 1498 3227 ]
1511 3186 1695 3228 συμμαχίαν
1711 3185 1783 3217 cod.
1799 3186 1913 3217 Codin.
1928 3185 2002 3226 -§
2020 3190 2071 3218 28
2095 3198 2109 3217 ε
2119 3197 2165 3216 πε
2179 3197 2186 3216 ι
2198 3187 2214 3216 ο
2224 3187 2242 3222 ἠ

88 3234 151 3276 δὲ]
168 3236 233 3268 ἐπεὶ
250 3237 282 3268 δὲ
299 3236 377 3268 Cod.
399 3254 440 3259 —
453 3239 526 3268 τῶν
546 3237 628 3272 Βυζ.
640 3235 652 3276 ]
664 3239 727 3267 τῶν
752 3244 818 3267 om.
836 3235 951 3268 Codin.
967 3255 1005 3262 —
1018 3235 1037 3276 ἓ
1052 3241 1103 3268 29.
1128 3235 1187 3266 ἔνθ
1198 3234 1241 3275 α]
1268 3235 1349 3266 ἔνθεν
1370 3234 1509 3274 Hesych.
1523 3244 1532 3273 ;
1550 3234 1621 3264 ἔνθα
1637 3233 1690 3263 καὶ
1707 3233 1763 3270 τήν
1776 3236 1911 3272 γυναῖκα
1936 3233 2146 3272 συνεπομένην
2161 3232 2242 3272 ἔχων

89 3283 174 3323 αὐτῷ
188 3282 339 3314 eodinus.
354 3302 394 3309 —
409 3281 576 3323 σύνθετον]
589 3292 654 3314 om.
671 3282 786 3314 Codin.
803 3303 840 3309 -
860 3281 1068 3322 ἀνακειμένη]
1089 3291 1155 3313 om.
1177 3282 1293 3313 Codin.
1314 3298 1353 3304 -—
1373 3282 1476 3313 οὕτω
1505 3282 1553 3318 γὰ
1565 3292 1580 3321 ρ
1606 3291 1628 3320 μ
1639 3281 1685 3310 ἀλ
1696 3280 1713 3310 λ
1724 3291 1766 3310 ον
1792 3280 1858 3310 κτλ.
1875 3279 1886 3319 ]
1907 3279 2057 3310 Disertius
2071 3278 2212 3311 Codjnns
2228 3289 2236 3310 :

90 3328 172 3359 οὕτω
184 3329 243 3369 γὰρ
261 3329 316 3366 τὴν
339 3329 518 3370 ἐπωνυμίαν
534 3329 682 3366 ἐκέκλητο
712 3328 813 3365 ἐκείνη
827 3330 846 3366 ἠ
861 3330 937 3368 γυνὴ
965 3332 1020 3360 τοῦ
1047 3329 1204 3369 Χάρητος,
1225 3329 1299 3370 ὅπερ
1316 3329 1368 3361 καὶ
1391 3329 1441 3361 διὰ
1466 3332 1527 3359 τῶν
1545 3327 1801 3368 ἐγγεγραμμένων
1825 3327 1925 3357 ἐκεῖσε
1951 3326 2068 3366 στίχων
2093 3326 2241 3372 ᾀριδήλως

91 3375 265 3415 ἐμφαίνεται
277 3398 285 3414 ,
301 3376 398 3416 ,μέχρι
423 3379 484 3406 τῶν
501 3375 569 3419 καθ’
592 3377 671 3415 ἡμᾶς
694 3376 931 3416 διασωζομένων
957 3375 1084 3416 χρόνων.
