2326 3724
994 171 1314 234 FRAGMENTA.
2177 182 2219 216 01

14 276 20 283 ·
71 265 75 268 '
91 260 158 313 πρὸ
173 260 357 313 τριάκοντα
376 262 436 307 τῆς
450 258 641 306 Ῥαὸέννης
658 258 781 309 μιλίων
802 258 900 310 παρὰ
917 257 993 302 τοὺς
1009 257 1128 310 ὅρκους

91 319 299 371 προστάττει
320 317 460 362 τούτους
481 320 714 370 ἀναιρεθῆναι.
736 316 913 368 Γερόντιος
935 315 993 366 δὲ,
1011 328 1127 369 παρα·-

91 377 281 427 γενομένων
313 378 477 430 Οὖλφιλᾶ
514 376 574 415 καὶ
606 375 872 423 Κωνσταντίου,
909 375 1042 428 φεύγει·
1068 374 1129 413 καὶ

90 434 340 488 καταληφθεὶς,
355 434 408 473 ὅτι
425 436 600 487 ἐγκρατῶς
616 428 703 486 ἦρχε
720 437 779 472 τοῦ
805 433 931 471 οἰκείου
957 437 1104 485 στρατοῦ
1116 463 1126 481 ,

91 492 149 530 ὑπ’
173 494 288 531 αὐτῶν
315 494 452 532 ἐκείνων
483 492 756 532 ἕπιὸουλεύεται.
779 494 856 545 Πῦρ
871 491 938 544 γὰρ
957 491 1048 530 κατὰ
1067 494 1128 538 τῆς

90 550 199 595 οἰκίας
218 553 324 590 αὐτοῦ
345 554 495 606 ἀνῆψαν.
524 551 571 591 ‘0
590 551 627 590 δὲ
654 551 738 603 πρὸς
763 550 840 594 τοὺς
865 549 1128 593 ἐπαναστάντας

89 612 263 663 κρατερῶς
277 609 445 662 ἐμάχετο,
465 610 525 648 ἕνα
545 607 803 661 συναγωνιστὴν
821 608 911 662 ἔχων
930 607 1071 647 Ἀλανὸν
1087 608 1127 645 τὸ

89 666 203 716 γένος,
231 669 277 712 εἷς
300 667 441 712 δούλους
460 670 566 706 αὐτοῦ
591 667 855 720 ἀριθμούμενον.
876 666 987 710 Τέλος
1012 666 1070 704 τόν
1087 681 1125 704 τε

89 725 229 764 Ἀλανὸν
245 726 305 765 καὶ
321 727 384 774 τὴν
397 730 563 778 γυναῖκα,
576 730 676 765 τοῦτο
688 725 992 778 προθυμουμένους
1005 754 1015 772 ,
1031 726 1125 763 ἀναι-

89 785 158 835 ρεῖ,
175 785 448 838 ἐπικατασφάζει
465 786 500 838 δὲ
524 785 584 824 καὶ
610 784 745 824 ἑαυτόν.
766 783 926 835 Μάξιμος
942 782 977 822 δὲ
1001 786 1019 822 ὁ
1045 785 1127 827 παῖς

87 846 198 880 ταῦτα
236 842 367 895 μαθὼν,
398 844 482 897 πρὸς
515 843 592 888 τοὺς
621 842 856 895 ὑποσπόνδους
886 842 1004 896 φεύγει
1037 845 1127 894 βαρ-

89 899 226 953 δάρους.

143 974 187 1000 17.
216 959 302 1000 εὈτι
312 960 454 1005 Ἰοὸῗνος
468 962 502 999 ἐν
519 961 731 1012 Μουνδιακῷ
747 961 844 1010 (deb.
858 960 1123 1011 Μογουντιακῷ)

89 1020 148 1063 τῆς
159 1018 276 1071 ἑτέρας
290 1019 485 1072 Γερμανίας
497 1019 589 1058 κατὰ
603 1019 754 1065 σπουδὴν
770 1018 873 1070 Γωὰρ
886 1022 945 1056 τοῦ
964 1019 1123 1067 Ἀλανοῧ,

72 1076 147 1114 ,καὶ
179 1079 399 1131 Γυντιαρίου,
426 1078 461 1122 ὃς
490 1075 666 1130 φύλαρχος
694 1077 906 1130 ἐχρημάτιζε
925 1079 994 1115 τῶν
1014 1079 1127 1130 Βουρ-

88 1135 304 1185 γουντιόνων,
324 1137 487 1188 τύραννος
503 1136 731 1188 ἀνηγορεύθη.
751 1137 847 1188 Πρὸς
872 1135 908 1174 ὃν
933 1135 1125 1188 παραγενέ-

88 1197 168 1231 σθαι
182 1193 348 1239 Ἄτταλος
372 1195 578 1246 Ἀδάουλφον
595 1200 771 1247 παραινεῖ.
794 1194 866 1233 Καὶ
894 1193 1125 1246 παραγίνεται

89 1252 164 1302 ἅμα
187 1257 247 1291 τοῦ
266 1254 429 1301 πλήθους.
455 1253 528 1292 Καὶ
549 1253 693 1296 Ἰοὸῖνος
714 1254 854 1290 ἀνιᾶται
878 1252 935 1291 ἐπὶ
955 1255 997 1304 τῇ
1024 1251 1125 1290 Ἀδα-

87 1311 212 1363 ούλφου
227 1312 398 1364 παρουσίᾳ
418 1311 477 1350 καὶ
497 1311 672 1363 μέμφεται
693 1312 736 1349 δι’
757 1310 971 1360 αἰνιγμάτων
991 1312 1041 1362 τῷ
1059 1326 1127 1348 πα-

89 1369 284 1422 ραινέσαντι
300 1370 453 1422 Ἀττάλῳ
471 1369 533 1417 τὴν
556 1369 683 1421 ἄφιξιν.
705 1369 775 1407 Καὶ
798 1368 911 1420 Σάρος
936 1367 972 1406 δὲ
1001 1367 1124 1418 ἔμελλε

87 1429 172 1479 πρὸς
203 1429 345 1468 Ἰοὸῖνον
372 1427 639 1481 παραγενέσθαι.
668 1427 759 1466 Ἀλλ’
787 1426 991 1479 Ἀδάουλφος
1027 1430 1126 1465 τοῦτο

88 1486 222 1538 μαθὼν,
247 1487 519 1539 προϋπαντιάζει
546 1486 708 1538 χιλιάδας
739 1485 822 1524 δέκα
852 1485 1127 1536 συνεπαγόμενος

87 1544 318 1598 στρατιώτην,
334 1544 448 1596 ἔχοντι
469 1544 594 1596 ἄνδρας
609 1543 689 1596 περὶ
708 1543 812 1581 αὑτὸν
833 1543 940 1595 Σάρῳ
957 1542 1125 1581 ὀκτωκαί-

87 1605 169 1642 δεκα
187 1604 210 1651 ἢ
230 1603 290 1642 καὶ
315 1603 455 1643 εἴκοσιν.
483 1602 552 1642 “Ov
582 1602 667 1655 ἔργα
693 1601 829 1655 ἡρωϊκὰ
857 1602 917 1640 καὶ
946 1601 1124 1652 θαυμάσαι

87 1661 166 1706 ἄξια
208 1661 477 1712 ἐπιδειξάμενον,
515 1661 614 1711 μόλις
654 1661 796 1704 σάκκοις
825 1659 1039 1711 ἐζώγρησαν,
1065 1659 1125 1698 καὶ

85 1719 225 1772 ὕστερον
246 1722 438 1772 ἀναιροῦσι.
459 1719 573 1771 Σάρος
589 1721 619 1757 δ’
635 1713 677 1766 ἦν
693 1718 845 1762 ἀποστὰς
866 1718 1054 1771 Ὁνωρίου,
1073 1717 1125 1756 ὅτι

86 1778 313 1832 Βελλερίδου,
345 1778 380 1822 ὃς
410 1773 452 1826 ἦν
487 1780 582 1830 αὐτῷ
614 1777 834 1828 δομέστικος,
869 1777 1120 1829 ἀναιρεθέντος,

86 1837 193 1881 οὐδεὶς
206 1838 304 1887 λόγος
319 1839 369 1890 τῷ
387 1837 524 1889 βασιλεῖ
537 1839 598 1884 τῆς
613 1835 822 1889 ἀναιρέσεως
832 1867 841 1883 ,
857 1833 933 1873 οὐδὲ
947 1838 1007 1873 τοῦ
1022 1833 1124 1887 φόνου

84 1894 214 1945 γίνεται
234 1893 422 1947 εἴσπραξις.

138 1966 185 1992 18.
215 1952 301 1992 “Ort
321 1952 554 2003 διαλαμὸάνει
579 1952 659 2004 περὶ
679 1951 832 1991 Δονάτου
846 1982 856 2000 ,
878 1951 938 1989 καὶ
957 1951 1036 2003 περὶ
1056 1953 1123 1988 τῶν

1192 258 1348 307 Οὔννων,
1371 257 1429 295 καὶ
1450 257 1529 309 περὶ
1551 260 1617 296 τῶν
1639 260 1752 311 ῥηγῶν
1785 261 1897 298 αὐτῶν
1916 263 1976 308 τῆς
1995 262 2228 314 εὐφυεστάτης

1188 316 1337 364 τοξείας,
1356 315 1416 353 καὶ
1436 318 1482 358 ὡς
1505 316 1589 368 πρὸς
1620 315 1742 360 αὐτοὺς
1763 319 1822 356 καὶ
1851 319 2001 357 Δονάτον
2024 324 2042 358 ὁ
2060 321 2228 373 ἱστορικὸς

1188 373 1412 428 ἒπρέσὸευσε.
1434 373 1509 413 Καὶ
1527 373 1591 420 τὴν
1617 373 1673 412 διὰ
1691 375 1868 422 θαλάσσης
1884 379 1988 414 αὑτοῦ
2008 377 2142 425 πλάνην
2167 380 2228 416 ἕκ-

1187 433 1360 486 τραγῳδεῒ
1386 432 1447 470 καὶ
1477 431 1535 470 τὸν
1563 432 1719 471 κίνδυνον
1748 433 1807 471 καὶ
1837 434 1931 478 ὅπως
1959 435 2050 487 ὅρκῳ
2081 435 2228 478 Δονάτος

1190 490 1399 538 ἀπατηθεὶς,
1423 489 1599 541 ἐκθέσμως
1618 492 1870 544 ἄποσφάζεται.
1892 491 1965 530 Καὶ
1986 491 2078 537 ὅπως
2104 493 2227 546 Χαρά·

1188 564 1255 586 Ιτων
1273 551 1291 587 ὃ
1310 552 1378 587 τῶν
1400 551 1516 602 ῥηγῶν
1532 551 1669 601 πρῶτος
1688 550 1745 588 ἐπὶ
1764 552 1814 602 τῷ
1839 550 1931 603 φόνῳ
1950 552 1998 594 εἷς
2024 551 2129 602 θυμὸν
2145 552 2226 590 ἀνά-

1187 623 1312 646 πτεται
1325 638 1336 659 ,
1350 606 1444 651 ὅπως
1463 623 1501 645 τε
1514 608 1618 646 πάλιν
1635 610 1831 660 βασιλικοῖς,
1841 608 1961 661 δώροις
1981 606 2228 662 διαπραῦνεται

1188 665 1248 704 καὶ
1266 666 1448 719 ἡσυχάζει.
1469 666 1532 706 Ἐν
1550 661 1601 711 οἷς
1615 667 1675 706 καὶ
1694 671 1716 714 ἡ
1734 667 1857 720 πρώτη
1874 671 1935 715 τ’ῆς
1953 667 2108 721 ἱστορίας
2126 669 2229 707 δεκά-

1186 724 1300 775 λογος.

1242 796 1289 822 19.
1320 780 1487 834 Ἄρχεται
1511 781 1547 820 δὲ
1567 785 1589 829 ἠ
1610 782 1753 834 δευτέρα
1783 777 1873 822 ὦδε·
1896 783 1949 822 ὅτι
1967 783 2113 829 Ἰοὸῒνος
2131 784 2227 837 παρὰ

1186 839 1330 890 γνώμην
1361 840 1573 893 Ἀδαούλφου
1602 840 1661 879 τὸν
1692 841 1777 884 ἴδιον
1809 841 1955 894 ἀδελφὸν
1991 842 2228 882 Σεὸαστιανὸν

1189 898 1335 949 βασιλέα
1354 899 1619 952 χειροτονήσας,
1636 901 1683 943 εἷς
1699 899 1826 952 ἔχθραν
1843 900 2044 954 Ἀδαούλφῳ
2060 901 2224 948 κατέστη.

1188 956 1262 995 Καὶ
1308 957 1442 1008 πέμπει
1475 957 1683 1011 Ἀδάουλφος
1720 958 1807 1010 πρὸς
1841 958 2010 1012 (Ονώριον
2044 959 2228 1013 πρέσὸεις,

1189 1015 1425 1067 ὑποσχόμενος
1440 1015 1499 1060 τάς
1518 1032 1555 1054 τε
1571 1019 1638 1054 τῶν
1655 1017 1830 1068 τυράννων
1843 1017 1996 1070 κεφαλὰς
2011 1018 2071 1056 καὶ
2091 1018 2228 1070 εἰρήνην

1189 1072 1298 1122 ἄγειν.
1320 1067 1389 1112 ’Ὧν
1407 1074 1714 1127 ὑποστρεψάντων,
1734 1075 1794 1113 καὶ
1809 1074 1921 1128 δ’ρκων
1937 1077 2227 1126 μεσιτευσάντων,

1189 1130 1428 1171 Σεὸαστιανοῦ
1462 1133 1523 1182 μὲν
1554 1132 1733 1183 πέμπεται
1762 1135 1812 1185 τῷ
1849 1135 1985 1185 βασιλεῖ
2015 1137 2037 1182 ἡ
2072 1134 2206 1188 κεφαλή
2220 1150 2228 1158 ·

1193 1189 1333 1234 Ἰοὸῒνος
1365 1190 1402 1229 δὲ
1434 1191 1500 1229 ὑπὸ
1533 1190 1743 1244 Ἀδαούλφου
1775 1191 2082 1244 πολιορκούμενος,
2109 1192 2228 1231 ἑαυτὸν

1187 1246 1369 1299 ἐκδίδωσι,
1387 1248 1447 1287 καὶ
1476 1248 1654 1300 πέμπεται
1685 1252 1841 1293 κάκεῖνος
1861 1253 1910 1302 τῷ
1934 1251 2091 1302 βασιλεῖ,
2109 1249 2145 1288 ὃν
2165 1252 2227 1288 αὖ·
2278 1274 2281 1277 κ

1187 1305 1353 1353 θεντήσας
1365 1307 1543 1359 Δάρδανος
1556 1310 1574 1346 ὁ
1588 1307 1740 1359 ἔπαρχος
1754 1310 1903 1361 ἀναιρεῖ.
1919 1309 1992 1349 Καὶ
2008 1308 2229 1347 ἀποτίθενται

1188 1363 1293 1416 ἄμφω
1330 1366 1366 1402 αἱ
1400 1365 1551 1418 κεφαλαὶ
1589 1365 1815 1416 Καρθαγένης
1858 1366 1981 1412 ἔξωθεν
1996 1397 2007 1416 ,
2041 1367 2120 1405 ἔνθα
2168 1366 2229 1404 καὶ

1187 1425 1208 1468 ἡ
1233 1423 1498 1462 Κωνσταντίνου
1527 1423 1587 1461 καὶ
1610 1428 1632 1471 ἡ
1654 1423 1845 1463 Ἰουλιανοῦ
1868 1425 2120 1476 ἀπετμήθησαν
2138 1424 2228 1477 πρό-

1186 1496 1297 1532 τερον,
1321 1480 1345 1527 ἥ
1362 1497 1398 1519 τε
1415 1481 1582 1532 Μαξίμου
1598 1481 1658 1519 καὶ
1675 1485 1696 1528 ἡ
1715 1482 1879 1533 Εὐγενίου
1891 1512 1902 1534 ,
1919 1482 1952 1521 οἳ
1968 1483 2025 1522 ἐπὶ
2041 1482 2230 1523 Θεοδοσίου

1186 1543 1245 1577 τοῦ
1278 1539 1432 1590 μεγάλου
1460 1539 1636 1593 τυραννίδι
1666 1541 1882 1591 ἐπιθέμενοι,
1915 1545 1963 1586 εἷς
1988 1547 2090 1581 τοῦτο
2111 1541 2230 1586 τέλους

1186 1598 1438 1650 κατέστρεψαν.

1238 1669 1286 1696 20.
1321 1656 1527 1707 Ἀδάουλφος
1545 1657 1581 1695 δὲ
1603 1657 1800 1697 Πλακιδίαν
1821 1660 1988 1710 ἀπῃτεῖτο
2008 1659 2100 1697 κατὰ
2122 1674 2231 1697 σπου-

1186 1715 1248 1761 δὴν
1268 1715 1423 1766 μάλιστα
1455 1716 1724 1764 Κωνσταντίου,
1743 1716 1779 1760 ὃς
1807 1717 1949 1769 ὕστερον
1979 1719 2068 1769 αὐτῇ
2100 1717 2160 1755 καὶ
2183 1719 2230 1760 εἷς

1185 1774 1317 1824 γάμους
1337 1774 1479 1819 ἔζευξεν.
1510 1773 1617 1813 Ἀλλὰ
1644 1777 1713 1813 τῶν
1732 1774 1817 1827 πρὸς
1837 1775 2048 1828 Ἀδάουλφον
2075 1775 2228 1827 ὑποσχέ·

1186 1848 1273 1870 σεων
1293 1832 1341 1883 μὴ
1360 1832 1632 1885 περαινομένων,
1653 1833 1712 1871 καὶ
1728 1834 1882 1884 μάλιστα
1902 1837 1963 1881 τῆς
1979 1834 2226 1884 σιτοπομπίας,

1186 1890 1264 1928 οὔτε
1283 1891 1412 1938 ταύτην
1434 1890 1618 1939 ἀπεδίδου,
1638 1891 1697 1930 καὶ
1720 1893 1768 1935 εἷς
1793 1892 1912 1945 μάχην
1933 1893 2082 1943 ἐμελέτα
2105 1892 2149 1930 τὰ
2168 1895 2228 1939 τῆς

1187 1950 1322 2001 εἰρήνης
1341 1950 1556 1990 διαλύεσθαι,

83 2073 175 2096 scens
187 2064 229 2095 ob
241 2064 424 2096 interfectos
436 2073 454 2095 a
467 2064 653 2096 Constantio
665 2064 817 2103 cognatos
829 2072 903 2094 suos
911 2087 921 2102 ‚
937 2062 976 2094 ad
993 2062 1123 2102 triginta

83 2125 102 2147 a
120 2118 270 2148 Ravenna
290 2116 435 2147 milliaria
448 2117 559 2147 contra
573 2114 779 2155 Jurisjurandi
800 2114 894 2145 tidem
918 2113 1052 2144 interfici
1069 2121 1124 2144 eos

80 2167 182 2207 jubet.
227 2167 398 2199 Gerontius
414 2167 505 2206 (lein,
525 2166 750 2198 accedentibus
767 2165 894 2205 Ulpliila
915 2166 947 2196 et
964 2167 1121 2197 Constan-

84 2219 146 2258 tio,
162 2219 267 2258 fugam
287 2219 421 2259 capessit
437 2228 444 2249 ε
463 2218 760 2259 deprehensusque,
777 2217 864 2257 quod
883 2217 1023 2248 severius
1038 2224 1122 2247 exer·

83 2272 159 2303 citui
179 2273 346 2312 praeesset,
366 2281 496 2302 suorum
515 2271 636 2303 insidiis
651 2270 769 2310 petitus
784 2272 842 2302 est.
887 2272 995 2310 Ignem
1015 2270 1123 2309 itaque

82 2323 179 2363 ipsius
202 2323 326 2355 aedibus
357 2323 555 2363 inJeceruut3
581 2325 615 2354 at
639 2323 691 2353 ille
717 2322 840 2354 fortiter
864 2321 896 2352 in
926 2321 1123 2352 adversarios

82 2376 211 2414 pugnat,
226 2383 291 2406 uuo
302 2374 473 2413 adjuvante
484 2374 603 2406 famulo
616 2398 624 2413 ,
639 2373 694 2414 qui
705 2374 822 2405 Alanus
833 2374 912 2405 erat.
955 2375 1001 2405 Re
1015 2375 1121 2404 tamen

81 2426 210 2457 tandem
226 2426 402 2466 desperata,
417 2426 551 2458 Alanum
566 2426 655 2457 illum
671 2434 827 2465 suamque
842 2433 994 2463 uxorem,
1009 2426 1046 2456 ut
1065 2424 1121 2464 ipsi

82 2478 293 2517 postularant,
305 2477 470 2516 interimit,
485 2486 521 2508 ac
531 2477 668 2517 denique
678 2478 773 2509 etiam
784 2476 842 2508 sibi
854 2478 989 2508 mortem
1000 2477 1121 2507 consei-

84 2530 154 2561 scit.
171 2529 341 2568 Maximus,
355 2529 423 2568 ejus
436 2529 518 2560 tilius
530 2529 540 2568 (
547 2531 662 2569 potius
674 2539 685 2561 .·
696 2529 768 2568 ejus
781 2528 983 2560 domesticus
992 2529 1015 2568 ),
1030 2537 1064 2560 re
1077 2529 1122 2559 in-

83 2581 224 2620 tellecta,
239 2581 278 2612 ad
295 2581 462 2612 futderatos
475 2580 615 2621 confugit
625 2581 786 2612 barbaros.
803 2579 870 2620 (Cf.
881 2582 1008 2612 Sozam.
1020 2580 1119 2619 9,14.)

126 2636 171 2665 17.
186 2633 262 2673 [Λη.
273 2632 358 2673 412]
369 2632 500 2664 Jovinus
510 2632 593 2672 apud
604 2632 852 2672 Moguntiacum,
861 2632 1041 2664 Germaniae
1048 2632 1121 2663 alte·

80 2686 145 2715 rius
157 2685 281 2723 urbem,
295 2684 400 2716 studio
410 2684 522 2716 Goaris
531 2684 622 2716 Alani
634 2686 666 2716 et
678 2684 848 2724 Guntiarii,
859 2683 1119 2723 Burgundionum

82 2737 240 2777 praefecti,
270 2738 425 2777 tyrannus
442 2737 569 2768 creatus
583 2737 641 2768 est.
686 2737 748 2769 Cui
765 2738 801 2768 ut
827 2745 894 2768 sese
918 2735 1120 2775 adjungeret,

79 2787 246 2828 Adaulplio
270 2790 384 2819 auctor
406 2788 466 2820 suit
490 2788 626 2820 Attalus.
672 2789 714 2820 Et
736 2797 812 2819 vero
841 2788 894 2819 hic
922 2796 996 2819 cum
1024 2787 1121 2827 copiis

80 2839 120 2870 ad
130 2840 218 2871 illum
235 2848 268 2872 se
290 2840 425 2871 confert.
440 2839 576 2872 Jovinus
591 2843 710 2878 tamen,
735 2839 894 2879 Adaulplii
920 2838 1058 2870 adventu
1075 2839 1119 2869 of-

80 2892 185 2924 fensus
196 2916 205 2932 ‚
221 2892 356 2924 obscure
377 2894 409 2924 et
433 2893 531 2925 veluti
558 2901 613 2933 per
628 2893 796 2932 aenigmata
813 2892 955 2924 Attalum
973 2892 1119 2930 accusat,

79 2944 165 2983 quod
180 2944 355 2976 adveutum
368 2944 525 2976 suasisset.
552 2947 648 2976 sarus
661 2945 735 2976 item
750 2944 790 2975 ad
802 2945 953 2976 ,Iovinum
968 2944 1121 2975 venturus

80 2995 161 3034 erat,
177 2995 232 3026 sed
251 2995 435 3035 Adaulphus
447 3019 456 3035 ‚
479 2996 606 3035 cognita
622 3005 675 3035 re,
693 2995 838 3033 ⁴collectis
853 2995 964 3027 decem
982 2995 1121 3026 millibus

80 3046 217 3078 militum
227 3071 235 3085 ,
249 3047 388 3078 occurrit
401 3049 478 3079 Saro
488 3071 497 3086 ‚
510 3047 596 3078 viros
608 3047 786 3078 octodecim
799 3048 855 3079 aut
867 3047 977 3087 viginti
988 3046 1074 3087 apud
1088 3056 1122 3078 se

80 3101 207 3134 habenti
217 3126 226 3141 ‚
243 3109 340 3142 quem
350 3101 436 3140 gesta
450 3099 576 3131 heroica
589 3101 621 3131 et
633 3101 762 3139 stupore
778 3099 872 3140 digna
885 3100 1050 3138 edentem,
1069 3100 1120 3131 vix

80 3153 209 3184 tandem
222 3152 322 3184 saccis
333 3151 494 3190 adhibitis,
505 3151 615 3182 vivum
624 3153 777 3191 ceperunt
787 3160 825 3182 ac
838 3153 945 3191 postea
957 3152 1120 3184 occidunt.

81 3205 264 3236 Desciverat
281 3204 388 3235 autem
406 3203 447 3234 ab
471 3203 613 3234 Honorio
637 3205 732 3234 Sarus
757 3202 866 3234 audito
878 3227 887 3242 ‚
916 3203 1102 3235 Belleridem
1112 3227 1121 3242 ‚

80 3255 292 3287 domesticum
302 3263 417 3293 suum,
430 3254 644 3293 interfectum,
656 3254 778 3285 nullam
791 3256 899 3286 tamen
914 3254 1011 3285 caedis
1025 3255 1122 3285 ratio-

82 3315 154 3337 nem
171 3306 300 3338 duxisse
314 3307 537 3347 imperatorem
550 3329 558 3344 ‚
573 3315 633 3337 uec
648 3305 680 3337 in
697 3314 913 3346 percussorem
934 3306 1124 3346 inquirendo

81 3357 262 3389 vindicasse.

1228 2065 1276 2091 18.
1297 2060 1402 2091 Refert
1416 2060 1490 2091 item
1503 2059 1543 2092 de
1559 2062 1683 2092 Donato
1695 2062 1728 2092 et
1742 2061 1865 2092 Hunnis
1877 2061 1981 2101 deque
1994 2070 2101 2102 regum
2118 2070 2229 2093 eorum

1183 2111 1352 2151 sagittandi
1375 2111 1498 2151 peritia.
1541 2113 1581 2143 Se
1600 2111 1700 2152 ipsum
1716 2112 1756 2143 ad
1772 2112 1843 2144 illos
1863 2113 1896 2144 et
1914 2115 2076 2145 Donatum
2095 2114 2229 2144 missum

1182 2164 1317 2203 scriptor
1330 2164 1393 2202 ait,
1410 2163 1584 2204 multisque
1597 2164 1693 2195 maris
1713 2164 1874 2196 erroribus
1896 2164 2109 2205 periculisque
2127 2165 2229 2204 Jacta-

1182 2217 1253 2246 tum
1272 2215 1390 2255 tragice
1414 2217 1536 2246 narrat.
1571 2216 1734 2247 Donatum
1754 2215 1842 2247 illum
1861 2215 2069 2256 jurejurando
2090 2217 2226 2247 circum-

1183 2268 1334 2305 ventum,
1360 2268 1471 2298 contra
1487 2267 1532 2298 fas
1544 2266 1725 2306 jugulatum
1744 2275 1812 2298 esse
1833 2279 1841 2298 ι
1861 2269 1894 2299 et
1913 2268 2128 2299 Cliaratonem
2146 2267 2229 2299 inter

1182 2329 1270 2360 reges
1284 2320 1444 2360 primum,
1462 2319 1503 2351 ob
1522 2320 1642 2351 caedem
1656 2320 1704 2351 ira
1721 2320 1883 2351 incensum
1894 2344 1902 2360 ‚
1919 2320 2119 2361 imperatoris
2135 2320 2227 2352 donis

1183 2381 1308 2403 rursum
1329 2372 1509 2412 mitigatum
1536 2372 1764 2412 placatumque
1790 2372 1897 2404 fuisse.
1943 2374 1982 2405 Et
2008 2373 2078 2405 haec
2098 2373 2228 2414 quidem

1181 2424 1283 2464 prima
1295 2425 1398 2465 operis
1411 2424 1530 2456 decade
1549 2425 1763 2457 continentur.

1227 2480 1274 2509 19.
1299 2477 1382 2518 [An.
1399 2480 1471 2509 413.
1486 2477 1498 2518 ]
1516 2478 1657 2509 Alteram
1676 2486 1751 2509 vero
1776 2478 1849 2509 hinc
1876 2478 2068 2518 auspicatur.
2093 2477 2229 2510 Jovinus

1182 2528 1312 2561 fratrem
1325 2538 1419 2560 suum
1433 2529 1653 2561 Sebastianum
1664 2554 1672 2568 ‚
1687 2529 1788 2561 invito
1802 2529 1989 2570 Adaulpho,
2004 2529 2227 2569 imperatorem

1181 2590 1309 2621 creans,
1333 2582 1365 2613 in
1378 2582 1446 2628 (gius
1463 2582 1572 2613 odium
1588 2582 1734 2614 incurrit.
1779 2582 1965 2623 Adaulphus
1978 2582 2084 2622 itaque
2101 2591 2155 2622 per
2172 2582 2223 2613 in-

1180 2634 1379 2673 ternuntios,
1397 2633 1501 2673 capita
1513 2642 1547 2665 se
1561 2636 1771 2674 tyrannorum
1786 2634 1956 2666 missurum
1974 2642 2149 2674 pacemque
2166 2634 2226 2665 ini-

1180 2686 1310 2725 turum,
1331 2685 1472 2717 Honorio
1488 2678 1667 2725 pollicetur.
1712 2686 1751 2717 Hi
1768 2685 1901 2716 domum
1923 2685 1978 2716 ubi
1994 2685 2174 2723 redierunt,
2195 2686 2228 2716 et

1177 2736 1404 2776 jusjurandum
1421 2737 1599 2777 praestitum
1614 2738 1678 2775 est,
1693 2737 1870 2769 sebastiani
1887 2745 1964 2768 mox
1977 2738 2072 2776 caput
2087 2736 2226 2776 impera-

1180 2790 1242 2821 tori
1257 2790 1408 2821 mittitur.
1452 2788 1587 2820 Jovinus
1600 2789 1695 2820 etiam
1710 2789 1776 2829 ipse
1787 2789 1828 2820 ab
1841 2788 2009 2828 Adaulplio
2025 2788 2171 2820 obsessus
2192 2797 2226 2820 se

1181 2841 1320 2880 dedidit,
1338 2842 1517 2881 missusque
1541 2840 1580 2872 ad
1605 2841 1830 2881 imperatorem
1852 2843 1899 2872 est
1917 2849 2036 2881 :quem
2058 2840 2227 2872 Dardanus

1180 2894 1349 2934 praefectus
1361 2902 1418 2924 sua
1431 2901 1527 2924 manu
1542 2893 1721 2932 percutiens
1733 2892 1898 2925 interimit.
1944 2892 2117 2932 Utriusque
2130 2894 2227 2931 caput

1181 2945 1271 2976 extra
1295 2944 1517 2984 Carthaginem
1538 2944 1617 2984 palis
1641 2943 1778 2975 infixum
1798 2953 1807 2975 ε
1833 2944 1890 2975 ubi
1917 2944 1950 2976 et
1971 2942 2171 2976 Constantini
2187 2951 2224 2973 ac

1181 2999 1198 3028 J
1205 2997 1301 3028 uliani
1315 2997 1408 3028 antea
1422 2997 1598 3036 resectum,
1616 2996 1745 3028 Maximi
1761 2997 1836 3028 item
1849 2998 1881 3028 et
1905 2996 2054 3036 Eugenii,
2079 2995 2150 3035 qui,
2164 2996 2223 3026 sub

1181 3048 1360 3080 Theodosio
1373 3051 1487 3088 Magno
1499 3047 1699 3088 tyrannidem
1712 3048 1910 3088 affectantes,
1925 3047 2062 3079 eundem
2075 3048 2149 3078 sunt
2161 3046 2225 3077 exi·

1181 3100 1250 3131 tum
1267 3099 1382 3131 sortiti.

1224 3156 1273 3183 20.
1291 3151 1489 3183 postulatum
1500 3153 1548 3183 est
1560 3151 1601 3183 ab
1615 3150 1794 3191 Adaulplm,
1807 3150 1913 3182 studio
1923 3149 2062 3182 maxime
2071 3150 2224 3180 Constan-

1181 3203 1217 3235 tii
1231 3203 1319 3243 ejus,
1333 3203 1389 3242 qui
1403 3203 1490 3234 illam
1505 3205 1613 3243 postea
1626 3211 1760 3233 uxorem
1773 3201 1880 3241 duxit,
1896 3197 2067 3234 placidiam
2086 3200 2224 3232 Honorio

1183 3254 1271 3286 fratri
1286 3255 1321 3284 ut
1334 3253 1489 3285 redderet.
1534 3253 1595 3285 Sed
1610 3253 1696 3293 quod
1709 3252 1875 3292 Adaulpho
1884 3253 2037 3293 promissa
2050 3251 2221 3292 praesertim

1183 3306 1223 3338 de
1235 3305 1374 3337 curanda
1387 3314 1529 3344 annona,
1541 3306 1679 3345 perfecta
1689 3314 1753 3336 non
1767 3305 1916 3344 fuissent,
1930 3303 2138 3343 nequeipsam
2150 3302 2223 3334 red-

1186 3359 1278 3397 didit,
1297 3362 1328 3390 et
1348 3366 1456 3399 pacem
1479 3358 1563 3390 hello
1576 3359 1834 3389 commutaturus
1851 3356 2031 3388 videbatur.
