2326 3724
991 194 1329 235 FRAGMENTA.

91 302 284 343 ginentum
313 292 405 328 mihi
435 291 569 326 videor
599 289 738 324 referre
763 299 870 336 posse
901 287 947 322 ad
967 286 1135 321 Modaris

91 359 337 400 strategema‚
367 362 444 397 quo
469 348 653 383 barbaros
685 346 848 396 (Gothos
873 346 914 380 in
943 342 1130 390 Thracia)

3 404 23 418 '³
76 412 180 446 ‘vino
208 417 245 446 et
263 421 395 445 somno
415 407 581 456 sepultos
598 406 799 454 oppressit.
823 406 897 440 Res
916 410 1093 439 narratur
1113 414 1135 437 a

93 470 242 505 Zosimo
259 469 322 513 lv,
340 465 405 515 25,
423 466 490 501 ubi
503 466 582 500 haec
600 466 697 499 inter
714 464 787 498 alia
807 476 815 498 :
838 460 977 512 Ἡσυχῇ
996 473 1135 511 παραγ-

94 526 208 576 γέλλει
226 524 304 568 rob<
323 522 536 575 στρατιώτας
559 521 638 572 ξίφη
660 520 749 571 μόνα
767 519 827 557 καὶ
848 518 997 561 ἀσπίδας
1017 520 1134 556 ἐπικο-

94 583 312 635 μιζομένους,
330 581 482 632 μείζονος
499 579 534 617 δὲ
550 579 572 626 ἢ
596 575 786 631 βαρυτέρας
803 576 1026 629 ὑπεριδόντας
1040 575 1135 613 ὁπλί-

92 658 178 686 σεως
190 671 199 689 ,
222 640 282 680 καὶ
303 640 380 684 τοὺς
401 637 661 688 συνασπισμοὺς
677 636 754 681 τοὺς
771 635 926 682 συνήθεις
942 634 1132 684 ἐάσαντας,

92 701 245 740 ἐπελθεῖν
269 702 339 743 τοῖς
369 697 554 751 βαρὸάροις
588 698 599 748 (
614 699 689 747 379
703 698 731 746 ).
768 713 782 730 υ
815 698 906 732 Mn.
937 697 998 731 De·
1013 707 1054 730 re
1082 694 1133 731 cf.

91 762 303 798 Tillemont.
322 761 369 805 V,
387 773 431 808 p..
453 758 525 807 196

551 850 614 887 52.

143 961 300 998 Suidas:
322 956 511 1003 Στέατα,
533 955 675 1007 ἄλευρα.
698 953 772 992 Καὶ
789 951 982 994 Εὐνάπιος·
1001 970 1014 984 «
1033 950 1079 989 ‘O
1098 949 1134 988 δὲ

92 1018 204 1071 φέρων
225 1016 419 1069 γράμματα
440 1018 474 1054 ἐν
494 1016 637 1067 χαλκῷ,
664 1012 783 1051 στέατι
802 1010 1134 1064 περιπεπλασμένα,

89 1060 204 1121 καθεὶς
224 1078 257 1114 ἐν
277 1075 392 1128 πήρα,
412 1073 536 1117 ἐπιθείς
560 1089 598 1111 τε
618 1071 677 1110 καὶ
705 1071 830 1114 ἄλλους
857 1069 981 1123 ἄρτους
1005 1069 1133 1118 ὁμοίως

95 1135 177 1187 (καὶ
194 1134 316 1187 ἄρτους
336 1133 473 1184 ὁμοίους
489 1135 563 1182 leg.
586 1132 746 1184 Casaub.
763 1130 795 1181 ),
812 1131 858 1172 ὡς
881 1128 929 1178 μή
947 1143 1023 1165 τινα
1040 1129 1133 1177 γνῶ-

90 1209 146 1232 ναι
165 1193 203 1231 τὸ
235 1192 442 1244 ἀπόρρητον.
478 1209 492 1225 »
522 1192 635 1227 Ratio
663 1190 870 1226 verborum
889 1188 1133 1237 grammatica

90 1254 252 1289 laborat.
274 1274 325 1281 —
346 1268 361 1285 α
381 1251 512 1287 Potuit
527 1250 720 1297 Eunapius
735 1249 798 1283 hic
815 1247 1028 1283 describere
1044 1247 1135 1282 Julii

90 1313 278 1349 solertiam
288 1340 298 1357 ,
313 1323 387 1358 qua
399 1317 568 1346 senatum
584 1306 1039 1354 Constantinopolitanum
1053 1318 1133 1340 mo-

89 1372 173 1406 nuit
200 1370 246 1406 de
269 1370 390 1413 bello,
417 1367 525 1415 quod
552 1366 709 1414 dispersi
735 1377 806 1413 per
830 1364 994 1400 Orientis
1020 1363 1135 1398 urbes

90 1428 245 1464 barbari
272 1427 541 1462 moliebantur.
571 1426 667 1460 Rem
686 1423 805 1459 verbo
827 1422 947 1469 tangit
964 1422 1134 1457 Zosimus

90 1488 157 1534 IV,
175 1485 223 1522 26
234 1514 245 1532 ‚
264 1485 286 1521 6
305 1496 314 1522 :
331 1484 386 1535 Τῇ
402 1480 495 1520 κατὰ
508 1479 570 1527 τὴν
590 1478 954 1519 Κωνσταντινούπολιν
970 1476 1133 1530 γερουσίᾳ

98 1541 231 1596 γράψας
248 1543 282 1579 ἐν
302 1540 529 1593 παραδύστῳ.
549 1557 564 1573 υ
583 1541 759 1578 ss01ss0N.
783 1539 958 1575 Ceterum
974 1538 1023 1573 ad
1042 1550 1134 1573 eun-

91 1604 177 1640 dem
186 1603 311 1638 locum
325 1608 494 1650 spectare
507 1600 700 1644 videntur,
719 1611 802 1646 quae
817 1597 950 1633 Suidas
962 1596 1078 1631 habet
1092 1610 1127 1633 v.

91 1659 264 1710 Καθείς,
283 1657 461 1709 ἐμὸαλὼν,
485 1656 657 1709 χαλάσας.
685 1675 701 1692 α
730 1653 856 1698 Καθείς
881 1669 918 1692 τε
939 1652 1001 1699 τὴν
1030 1659 1132 1706 χεῖρα

91 1721 125 1763 ἐς
145 1718 207 1765 τὴν
227 1716 342 1771 πήραν
364 1715 635 1769 ἄναιρεῖται“τὴν
655 1713 853 1760 ἐπιστολήν.
871 1733 887 1748 »

581 1819 643 1862 53.

145 1911 295 1962 [Suidas
315 1925 324 1948 z
342 1910 376 1949 ’A
388 1909 607 1963 ὅρογάστη
615 1926 645 1960 ς,
667 1909 849 1962 Φράγγος,
866 1909 901 1953 ὃς
915 1909 1007 1948 κατὰ
1026 1909 1136 1957 ἀλκὴν

63 1969 68 1974 ’
94 1968 255 2018 σώματος
273 1968 333 2006 καὶ
353 1972 460 2017 θυμοῦ
479 1967 682 2020 τραχύτητα
702 1968 903 2022 φλογοειδὴς
930 1963 988 2016 ἧν,
1017 1970 1134 2007 δευτε-

95 2026 307 2079 ραγωνίστης
320 2027 500 2078 τυγχάνων
512 2026 706 2070 Βαύδωνος.
723 2024 856 2070 Ἄλλως
867 2043 904 2064 τε
922 2022 963 2074 ἦν
977 2026 1037 2064 καὶ
1051 2026 1137 2077 πρὸς

93 2078 316 2133 σωφροσύνην
334 2078 500 2131 πεπηγώς
515 2094 553 2117 τε
578 2078 638 2117 καὶ
668 2079 943 2132 διηρθρωμένος,
970 2079 1030 2116 καὶ
1050 2079 1134 2130 πρὸς

579 2206 638 2239 52.

133 2272 191 2304 llle
203 2275 310 2304 autem
327 2272 436 2304 literas
446 2294 455 2310 ‚
469 2272 594 2312 quasin
610 2280 699 2303 aenea
713 2271 833 2303 tabella
853 2273 1047 2313 sculpserat,
1066 2273 1137 2312 pla-

93 2324 187 2355 centa
201 2323 398 2355 circumlitas
408 2347 418 2362 ‚
436 2324 469 2355 in
481 2333 590 2364 peram
607 2323 742 2364 conjecit
751 2348 761 2364 ,
775 2324 921 2365 aliosque
933 2331 1030 2365 panes
1048 2324 1136 2356 dein-

93 2383 168 2416 ceps
183 2375 357 2415 imposuit,
374 2384 414 2407 ne
425 2376 497 2415 quis
512 2384 667 2407 arcanum
683 2377 898 2416 cognosceret.

585 2458 645 2492 53.

135 2520 324 2560 Abrogastes
349 2519 359 2555 (
367 2521 484 2560 pocius
500 2519 731 2560 Arboqastes),
749 2522 890 2552 Francus
901 2544 909 2558 ‚
935 2520 1049 2552 robore
1067 2529 1135 2552 cor-

93 2571 180 2612 poris
195 2572 285 2607 serox
302 2572 334 2602 et
346 2570 462 2602 animae
478 2571 640 2602 iracundia
665 2571 802 2603 flammae
826 2572 956 2611 similis,
982 2572 1137 2604 secundas

94 2632 114 2654 a
129 2622 278 2655 Baudone
302 2623 408 2662 partes
423 2622 536 2662 agebat
554 2635 561 2654 z
587 2623 750 2663 ceteroqui
768 2624 986 2664 temperantiae
1004 2624 1135 2655 deditis-

96 2676 196 2708 simus
207 2675 337 2716 suisque
354 2675 496 2707 numeris
511 2675 695 2715 absolutus,
711 2676 766 2716 qui
788 2676 909 2708 bellum
937 2677 1137 2717 implacabile

97 2736 172 2758 cum
186 2727 318 2767 pecunia
331 2727 464 2766 gereret.
482 2728 579 2758 Certe
591 2727 677 2767 quod
696 2728 734 2758 ad
760 2728 887 2760 divitias
906 2729 1039 2768 attinet,
1057 2730 1135 2761 nihil

96 2786 116 2808 a
133 2776 281 2817 gregariis
292 2776 446 2808 militibus
458 2776 646 2817 differebat3
673 2786 808 2818 eamque
827 2779 868 2810 ob
891 2788 1019 2810 causam
1033 2780 1136 2812 Theo-

96 2828 185 2859 dosio
198 2829 341 2868 Augusto
354 2828 523 2859 videbatur
536 2828 624 2860 utilis
635 2853 644 2869 ‚
662 2829 780 2870 quippe
789 2830 844 2870 qui
862 2830 903 2861 ad
919 2831 1136 2862 Valentiniani

97 2889 202 2911 mores
220 2879 326 2911 viriles
348 2879 495 2919 etjustos
521 2889 617 2912 suum
642 2889 771 2921 quoque
796 2882 980 2922 adjungeret
994 2883 1136 2923 pondus,

98 2933 253 2971 tanquam
280 2933 399 2962 rectam
425 2932 457 2962 et
477 2933 661 2963 accuratam
684 2932 778 2972 regiae
804 2942 969 2973 normam,
996 2943 1037 2966 ne
1061 2935 1139 2975 quid

97 2984 128 3015 in
148 2984 221 3015 aula
238 2985 434 3024 peccaretur,
454 2985 505 3016 vel
529 2993 579 3017 res
600 2985 669 3024 ejus
690 2985 871 3018 detrimenti
895 2987 1067 3027 quicquam
1085 2996 1135 3019 ca-

96 3037 217 3076 pei-ent.

589 3110 647 3142 54.

139 3169 246 3201 Simile
276 3168 430 3209 quiddam
459 3170 626 3210 contigisse
659 3171 757 3203 fertur
786 3174 910 3205 Nerone
943 3173 1136 3214 imperante,

97 3221 153 3253 sed
170 3223 278 3254 tamen
296 3222 328 3254 in
343 3223 422 3254 urbe
438 3232 512 3255 una.
532 3224 631 3256 Aiu'nt
653 3225 738 3257 enim
763 3226 946 3265 tragoedum
972 3226 1132 3266 quendam

99 3275 231 3306 Neronis
244 3275 353 3306 aemuli
369 3275 489 3307 invidia
501 3278 601 3308 Roma
617 3277 743 3317 pulsum
754 3301 763 3316 ‚
780 3287 880 3318 quum
899 3278 927 3310 ei
945 3279 1136 3318 peregrinari

99 3324 241 3357 libuisset
253 3334 383 3366 suaeque
397 3327 473 3358 artis
489 3329 705 3368 praestantiam
719 3329 942 3361 semibarbaris
956 3330 1139 3362 hominibus

2187 203 2233 234 37

1194 280 1362 333 χρήματα
1391 279 1542 330 πόλεμον
1571 280 1733 330 πολεμῶν
1760 279 1944 321 ἄσπονδον.
1980 281 2125 334 Διέφερε
2157 287 2238 333 γοῦν

1194 344 1261 378 τῶν
1277 341 1425 378 εὐτελῶν
1440 341 1666 392 στρατιωτῶν
1683 338 1763 377 ὅσον
1777 355 1816 389 γε
1832 341 1878 382 εἷς
1894 341 2042 378 πλοῦτον
2054 341 2163 379 οὐδέν·
2180 343 2239 381 καὶ

1173 404 1183 417 ι
1198 400 1213 411 κ
1233 399 1242 414 x
1307 402 1328 410 ω
1392 399 1423 412 ,κ
1436 397 1444 410 t
1539 399 1561 408 συ
1707 399 1723 408 υ
1880 397 1887 411 l
1997 397 2007 410 ι
2168 399 2176 414 1

1194 407 1251 436 ὸια
1269 414 1370 436 τουτο
1387 412 1498 436 εοοκει
1514 413 1564 450 τῳ
1583 398 1720 449 βασιλει
1737 398 1918 450 Θεοδοσιῳ
1938 413 1963 448 χ
1967 413 2112 449 ρησιμος
2125 430 2136 450 ,
2154 402 2189 444 ὃς
2201 417 2241 451 γε

1193 456 1276 508 πρὸς
1294 456 1352 494 τὸν
1377 457 1668 495 Οὐαλεντινιανοῧ
1687 455 1827 507 τρόπον,
1854 457 2053 507 ἀρρενωπὴν
2073 457 2154 495 ὄντα
2181 459 2240 497 καὶ

1195 515 1339 561 δίκαιον,
1368 514 1428 552 καὶ
1447 514 1486 552 τὸ
1504 516 1588 566 παρ’
1607 517 1730 552 ἑαυτοῦ
1760 514 1863 565 βάρος
1884 514 2051 562 ἐπετίθει,
2078 516 2239 568 καθάπερ

1193 573 1290 626 ὀρθὸν
1308 573 1368 611 καὶ
1384 573 1545 624 ἀστραὸἦ
1564 588 1641 610 τινα
1658 572 1787 611 κανόνα
1802 562 1871 615 τοῗς
1888 573 2086 623 βασιλείοις,
2102 575 2186 626 πρὸς
2201 576 2241 614 τὸ

1195 631 1303 682 μηδὲν
1330 635 1398 670 τῶν
1418 632 1498 683 περὶ
1517 631 1580 679 τὴν
1602 631 1711 678 αὐλὴν
1731 631 2051 683 παραὸλάπτεσθαι
2073 632 2095 679 ἢ
2124 634 2242 688 ἁμαρ-

1194 690 1389 742 τάνεσθαι.]

1255 766 1270 783 «
1293 751 1509 786 Eustathius
1528 751 1567 786 in
1591 751 1634 785 ΙΙ.
1653 764 1667 785 ε
1684 763 1724 799 p.
1748 748 1821 786 513
1846 751 1972 786 locum
1996 751 2096 787 hunc
2118 751 2132 801 [
2154 754 2179 790 i.
2203 766 2236 789 e.

1194 807 1292 860 Ἀὸρ.
1329 810 1447 860 Φρ....
1479 806 1680 860 φλογοειδὴς
1699 802 1770 858 ἦν]
1793 809 1839 844 de
1867 809 2096 857 Arbogasto‚
2128 823 2238 858 quem

1194 865 1430 918 Ἀδρογάστην
1446 874 1580 913 vocat,
1598 880 1644 903 ex
1663 867 1779 903 Suida
1793 895 1803 915 ‚
1827 874 1870 902 ut
1890 869 2041 916 opinor,
2067 867 2241 911 αὖτολεξεὶ

1194 927 1403 975 descripsit.
1427 942 1442 958 »
1463 928 1636 964 Kosa-mx.
1659 923 1807 962 Partem
1827 926 1936 961 affert
1953 928 2135 971 Zonaras,
2157 941 2241 965 mo-

1193 993 1305 1021 nente
1349 986 1610 1033 Bernhardyo.
1650 986 1823 1034 Eunapio
1859 986 1990 1021 -locum
2034 986 2243 1022 vindicavit

1192 1045 1468 1080 Boissonadius.
1490 1046 1665 1081 Ceterum
1685 1045 1731 1080 de
1752 1045 1932 1080 Baudone
1950 1052 1989 1079 et
2009 1045 2239 1094 Arbogaste,

1194 1116 1290 1152 quos
1311 1104 1511 1140 Gratianus
1532 1104 1748 1139 Theodosio
1774 1111 1910 1139 contra
1930 1104 2076 1140 Gothos
2099 1106 2240 1140 auxilio

1192 1163 1314 1207 misit,
1335 1163 1423 1198 vide
1443 1163 1616 1200 Zosimus
1636 1164 1700 1208 IV,
1720 1162 1788 1207 33,
1815 1175 1836 1197 2
1855 1175 1938 1210 sqq.
1965 1162 2062 1211 (381
2086 1176 2126 1212 p.
2151 1164 2192 1201 C.
2209 1163 2237 1213 ).

1191 1223 1236 1258 V.
1259 1222 1473 1256 Tillemont.
1493 1223 1538 1267 V,
1554 1234 1594 1269 p.
1613 1225 1703 1264 214.

1247 1436 1338 1474 Exc.
1366 1437 1424 1472 De
1442 1442 1535 1473 sent.
1555 1449 1595 1484 p.
1619 1440 1693 1481 274
1717 1446 1727 1473 t
1754 1436 1921 1473 Τοιοῦτον
1950 1433 1986 1472 δέ
2009 1450 2043 1472 τι
2062 1435 2241 1488 ἱστόρηται

1194 1490 1352 1542 γενέσθαι
1369 1491 1460 1529 κατὰ
1479 1490 1543 1538 τὴν
1561 1490 1722 1542 Νέρωνος
1743 1491 1939 1543 βασιλείαν,
1959 1491 2049 1530 ἀλλὰ
2065 1492 2144 1545 περὶ
2159 1492 2242 1543 μίαν

1194 1549 1310 1589 πόλιν.
1324 1550 1435 1599 χΦασὶ
1463 1549 1532 1602 γὰρ
1557 1550 1735 1602 τραγῳδόν
1752 1565 1830 1588 τινα
1850 1551 1906 1589 διὰ
1925 1550 1988 1597 τὴν
2007 1550 2169 1603 Νέρωνος
2196 1554 2242 1596 εἷς

1194 1612 1306 1647 ταῦτα
1323 1608 1523 1661 φιλοτιμίαν
1540 1608 1732 1647 ἐκπεσόντα
1748 1612 1811 1656 τῆς
1828 1608 1993 1659 Ῥώμης,
2012 1604 2096 1647 εἶτά
2107 1612 2241 1649 πλανᾶ-

1197 1671 1277 1706 σθαι
1295 1667 1396 1712 δόξαν
1419 1669 1513 1719 αὐτῷ
1530 1667 1590 1706 καὶ
1610 1669 1649 1706 τὸ
1668 1671 1730 1715 τῆς
1747 1671 1863 1719 φωνῆς
1884 1668 2129 1719 πλεονέκτημα
2159 1670 2242 1722 πρὸς

1197 1726 1396 1779 ἀνθρώπους
1413 1726 1678 1779 ἦμιὸαρὸάρους
1705 1726 1956 1775 ἐπιδεικνύναι,
1974 1727 2034 1766 καὶ
2059 1730 2242 1781 παρελθεῖν

1197 1787 1244 1829 εἷς
1258 1785 1388 1832 ταύτην
1408 1785 1618 1836 (τοιαύτηνὲ
1631 1789 1675 1823 Β.
1695 1786 1837 1839 Ταρσὸν
1852 1788 1867 1823 Ξ)
1880 1789 1928 1825 Ν.
1942 1787 1953 1837 )
1971 1786 2126 1837 μεγάλην
2141 1788 2241 1826 πόλιν

1195 1846 1254 1881 καὶ
1279 1843 1569 1896 πολυάνθρωπον,
1591 1844 1792 1897 συναγεῖραί
1817 1860 1854 1883 τε
1875 1844 1998 1889 αὐτοὺς
2018 1847 2065 1890 εἷς
2085 1845 2240 1898 θέατρον.

1197 1902 1269 1941 Καὶ
1287 1902 1518 1941 συνελθόντων
1529 1903 1593 1950 τὴν
1609 1905 1670 1954 μὲν
1683 1903 1827 1956 πρώτην
1838 1903 1975 1956 ἡμέραν
1990 1905 2166 1957 σφαλῆναι
2180 1907 2241 1951 τῆς

1197 1961 1389 2006 ἐπιδείξεως
1402 1977 1411 1985 ·
1427 1961 1505 2000 οὐδὲ
1524 1961 1591 2014 γὰρ
1611 1962 1673 2009 τὴν
1696 1962 1773 2016 ὄψιν
1793 1962 2049 2013 ὑπομείναντας
2067 1962 2144 2007 τοὺς
2163 1966 2242 2001 θεα·

1196 2019 1258 2063 τὰς
1269 2049 1279 2064 ,
1297 2019 1356 2057 ἅτε
1374 2020 1452 2072 ἄρτι
1468 2020 1528 2058 καὶ
1546 2023 1684 2072 πρῶτον
1698 2021 1915 2073 ἑωρακότας,
1931 2021 2067 2073 φεύγειν
2082 2021 2243 2071 θλιὸομέ-

1199 2094 1273 2121 νους
1286 2078 1366 2131 περὶ
1382 2078 1547 2125 ἀλλήλοις
1560 2079 1621 2117 καὶ
1635 2080 1884 2130 πατουμένους.
1900 2078 1966 2123 <Ως
1981 2079 2016 2118 δὲ
2033 2082 2051 2118 ὁ
2067 2080 2243 2134 τραγῳδὸς

1193 2189 1307 2222 simam
1338 2190 1518 2232 civitatem,
1536 2200 1618 2232 quos
1640 2191 1674 2223 in
1703 2192 1866 2223 theatrum
1891 2201 1967 2224 mox
1992 2193 2150 2224 invitavit.
2179 2194 2242 2230 Qui

1194 2251 1296 2283 quum
1319 2243 1562 2284 convenissent,
1576 2244 1679 2285 prima
1691 2245 1823 2285 quidem
1835 2245 1886 2277 die
1903 2245 1981 2277 nihil
2002 2255 2093 2286 agere
2110 2247 2215 2286 potuit
2234 2260 2240 2278 :

1194 2303 1298 2335 neque
1306 2295 1392 2326 enim
1406 2296 1570 2335 aspectum
1597 2296 1797 2328 sustinebant
1818 2298 2031 2338 spectatores,
2057 2298 2113 2338 qui
2137 2298 2192 2329 vix
2205 2307 2243 2330 eo
2263 2323 2265 2325 .

1194 2345 1333 2386 primurn
1344 2346 1424 2386 viso,
1435 2347 1603 2379 confertim
1617 2347 1701 2379 illico
1712 2349 1810 2388 atquc
1822 2347 1961 2380 invicem
1971 2357 2004 2380 se
2015 2349 2243 2389 proculcantes

1195 2399 1367 2439 fugiebant.
1393 2399 1454 2432 Sed
1471 2409 1572 2440 quum
1589 2400 1703 2432 deinde
1727 2401 1889 2441 tragoedus
1914 2402 2110 2442 principibus
2131 2411 2243 2434 eorum

1195 2451 1327 2483 seorsim
1346 2451 1512 2491 appellatis
1524 2451 1750 2484 declaravisset
1760 2454 1792 2484 et
1807 2461 1951 2493 personae
1962 2455 2112 2485 naturam
2123 2456 2155 2485 et
2171 2455 2242 2494 pnl-

1194 2503 1278 2544 pita,
1292 2503 1408 2544 quibus
1421 2504 1538 2536 actoris
1554 2505 1727 2545 proceritas
1740 2507 1961 2546 exaggeratur,
1979 2508 2076 2546 atque
2095 2506 2156 2538 illis
2170 2516 2243 2547 pcr-

1194 2555 1344 2587 suasisset
1365 2556 1401 2586 ut
1430 2557 1613 2596 spectaculo
1627 2556 1773 2588 adessent
1797 2557 1942 2599 illudque
1955 2558 2148 2598 perferrent3
2171 2560 2243 2589 tum

1195 2606 1228 2636 in
1249 2615 1378 2637 scenam
1398 2606 1525 2646 publice
1547 2615 1708 2647 egressus,
1736 2607 1892 2647 principio
1917 2608 2047 2648 quidem
2066 2608 2179 2639 leniter
2203 2618 2241 2639 ac

1196 2657 1359 2689 moderate
1374 2659 1504 2698 gustum
1523 2666 1590 2690 suae
1605 2658 1692 2690 vocis
1703 2660 1880 2698 cantusque
1897 2659 2046 2699 praebuit,
2065 2659 2244 2699 (Euripidis

1195 2717 1272 2740 vero
1291 2708 1526 2741 Andromedam
1544 2710 1626 2750 egit)
1646 2722 1654 2741 :
1673 2719 1747 2741 mox
1763 2719 1934 2750 augescens
1953 2710 2175 2742 vehementius
2195 2711 2240 2742 in·

1196 2763 1304 2792 sonuit
1322 2770 1499 2802 vocemque
1509 2762 1617 2794 statim
1637 2762 1803 2802 submisit;
1818 2763 1932 2794 deinde
1945 2763 2055 2795 intulit
2068 2763 2241 2795 vehemen-

1195 2815 1261 2844 tem
1277 2813 1475 2844 harmoniam
1488 2837 1497 2853 ,
1512 2822 1610 2853 quam
1636 2823 1748 2846 rursus
1766 2814 1798 2845 in
1818 2823 1948 2846 suavem
1972 2815 2071 2846 flexit.
2091 2816 2167 2846 Erat
2183 2824 2239 2846 au·

1196 2866 1262 2896 tem
1295 2865 1374 2897 hora
1406 2864 1469 2897 diei
1501 2866 1754 2907 ferventissima,
1786 2869 1818 2899 et
1858 2867 2020 2900 theatrum
2060 2868 2243 2900 hominihus

1197 2917 1436 2957 constipatum:
1457 2926 1557 2957 quare
1579 2919 1669 2950 actor
1697 2920 1892 2959 spectatores
1916 2920 2048 2959 rogabat
2080 2921 2116 2951 ut
2139 2919 2238 2950 inter-

1201 2968 1419 3008 quiescerent,
1437 2970 1534 3009 atque
1553 2969 1592 3001 ad
1610 2969 1807 3003 audiendum
1822 2971 2005 3011 refrigerata
2021 2971 2087 3011 J’am
2109 2973 2141 3002 et
2159 2971 2237 3002 desi-

1199 3021 1296 3050 nente
1312 3019 1362 3051 die
1379 3019 1528 3052 redirent.
1547 3020 1596 3052 llli
1611 3029 1688 3052 vero
1702 3021 1836 3062 pedibus
1858 3022 1926 3062 ejus
1939 3022 2103 3062 advoluti,
2125 3022 2242 3053 intimis

1199 3071 1346 3111 precibus
1359 3081 1432 3104 eum
1449 3073 1619 3113 rogabant,
1639 3083 1681 3106 ne
1699 3083 1733 3106 se
1749 3075 1804 3106 tali
1820 3075 2014 3108 beatitudine
2025 3084 2062 3106 ac
2077 3075 2242 3115 voluptate

1199 3123 1396 3156 destitueret.
1412 3126 1501 3156 'sune
1516 3125 1594 3156 sein
1605 3134 1732 3160 scenam
1746 3127 1779 3157 et
1792 3126 1832 3157 ad
1846 3127 2067 3158 vehementem
2081 3126 2240 3159 actionem

1197 3176 1356 3216 tragoedus
1372 3177 1564 3219 proripiens,
1587 3179 1645 3210 etsi
1662 3179 1817 3219 pleraque.
1836 3179 1998 3220 tragoediae
2017 3179 2133 3211 decora
2156 3180 2240 3219 peri—

1198 3227 1274 3259 bant
1290 3228 1376 3268 apud
1388 3229 1532 3261 homines
1546 3229 1707 3270 indoctos,
1725 3231 1784 3262 etsi
1800 3230 1962 3262 incassum
1979 3234 2047 3262 erat
2060 3230 2240 3262 sublimitas

1197 3279 1385 3323 pondusque
1395 3281 1564 3312 verborum
1575 3305 1583 3320 ,
1604 3282 1636 3313 et
1645 3281 1760 3313 modus
1775 3282 1822 3313 his
1844 3282 1978 3314 idoneus
1990 3307 1998 3321 ,
2014 3285 2046 3313 et
2063 3281 2155 3313 metri
2167 3289 2238 3320 gra-

1197 3332 1242 3363 tia
1255 3356 1263 3370 ,
1283 3334 1315 3364 et
1333 3334 1508 3365 affectuum
1528 3334 1594 3372 vis,
1618 3343 1691 3374 quae
1709 3335 1987 3366 vehementissime
2009 3343 2046 3365 ac
2063 3333 2236 3373 promptis-

99 3376 274 3412 ostentare,
302 3378 424 3410 venisse
453 3379 484 3410 iu
513 3388 660 3420 magnam
686 3381 783 3421 atque
814 3380 927 3414 incolis
961 3382 1135 3415 affluentis·
1165 3366 1170 3414 Ι
1197 3383 1276 3416 sime
1288 3385 1457 3424 percellere
1470 3385 1615 3418 auditum
1632 3386 2082 3428 solet;quanquamdenique
2101 3394 2160 3418 nuc
2184 3393 2236 3416 ar—
