2372 3704
0 2664 20 2863 ἒ

286 252 512 295 POSSIDIS
542 251 817 302 MAGNESII,
849 235 1390 298 PRAX10N18,>PROCLIS
1419 249 1678 291 CARTHAG.
1710 243 2043 291 FRAGMENTA.

243 363 484 422 POSSIS
521 360 963 421 MAGNESIUS.

452 471 752 513 ΜΑΓΝΗΤΙΚΑ
759 503 767 511 .

395 564 423 599 Ε
450 562 601 599 LIBRO
630 561 824 599 TERTIO.

55 652 57 655 “
78 691 81 694 ι
138 645 336 682 Athenaeus
361 642 458 689 XII,
482 656 525 692 p.
559 642 653 688 533,
671 644 706 679 D
729 654 738 680 t
765 638 900 683 Πόσσις
921 639 949 678 δ’
976 640 1010 678 ἐν
1030 637 1136 692 τρίτῳ

87 703 329 754 Μαγνητικῶν
347 699 404 739 τὸν
418 699 664 751 Θεμιστοκλέα
681 698 800 753 φησὶν,
817 701 850 738 ἐν
868 697 1059 750 Μαγνησίᾳ
1073 696 1135 744 τὴν

87 759 348 814 στεφανηφόρον
370 758 483 812 ἀρχὴν
512 758 754 805 ἀναλαὸόντα,
780 761 881 796 θῦσαι
907 756 1056 809 Ἀθηνᾷ,
1077 754 1136 793 καὶ

86 818 149 866 τὴν
171 818 291 870 ἑορτὴν
316 817 549 865 Παναθήναια
566 816 758 867 ὀνομάσαι,
783 816 843 855 καὶ
860 814 1016 868 Διονύσῳ
1036 816 1136 854 Χοο-

87 877 178 929 πότῃ
199 876 414 916 θυσιάσαντα
435 876 496 914 καὶ
519 875 581 923 τὴν
599 878 701 915 Χοῶν
723 873 844 928 ἑορτὴν
877 874 996 912 αὐτόθι
1027 889 1136 911 κατα-

88 935 211 980 δεῖξαι.
238 936 295 973 Cf.
325 937 523 973 Idomenei
542 936 588 972 fr.
621 949 666 972 ex
693 936 732 974 h.
752 935 778 973 l.
802 937 900 971 Ante
926 934 1137 982 Schweigh.

87 995 193 1033 editt.
228 992 356 1040 Πόσις,
394 995 500 1043 quod
533 995 647 1031 etiam
674 1000 853 1041 sequente
882 993 969 1028 loco
1005 999 1140 1027 contra

89 1054 203 1090 codd.
237 1055 505 1090 auctoritatem
534 1053 682 1089 restitui
715 1051 841 1087 voluit
872 1051 1137 1095 Casaubonus3

89 1125 178 1149 nam
197 1110 461 1163 ὓποκοριστικὸν
478 1124 619 1148 nomen
635 1124 713 1147 esse
731 1123 805 1160 pro
824 1111 1046 1146 Posidonius
1058 1136 1068 1155 ,
1087 1110 1141 1145 si-

91 1172 171 1208 cuti
187 1171 348 1220 Amphis
364 1183 438 1220 pro
458 1171 725 1220 Amphiaraus.

475 1264 754 1302 ΑΜΑΖΟΝΙΣ.

410 1348 441 1383 Ε
464 1347 613 1384 LIBRO
642 1346 836 1383 TERTIO.

145 1429 253 1465 Idem
269 1430 359 1474 VII,
379 1441 420 1478 p.
444 1427 542 1476 296,
570 1429 605 1464 D
633 1440 641 1463 :
665 1425 799 1468 Πόσσις
824 1423 856 1462 δ’
883 1427 902 1462 ὃ
926 1423 1077 1475 Μάγνης
1107 1424 1141 1461 ἐν

92 1485 198 1538 τρίτῳ
217 1485 435 1536 Ἀμαζονίδος
453 1487 515 1529 τῆς
542 1483 684 1536 Ἀργοῦς
704 1498 790 1536 φησι
818 1481 1029 1532 δημιουργὸν
1050 1480 1143 1532 γενέ·

93 1547 173 1583 σθαι
199 1543 256 1582 τὸν
277 1545 451 1592 Γλαῦκον,
473 1541 534 1581 καὶ
553 1542 776 1595 κυὸερνῶντα
797 1540 922 1591 αὐτὴν,
944 1539 1000 1579 ὅτε
1018 1540 1143 1579 Ἰάσων

66 1625 69 1629 «
94 1602 184 1653 μετὰ
202 1604 271 1640 τῶν
290 1604 481 1654 Τυρρηνῶν
497 1599 668 1652 ἐμάχετο,
691 1599 793 1651 μόνον
812 1598 966 1651 ἄτρωτον
986 1598 1144 1649 γενέσθαι

93 1662 127 1699 ἐν
147 1663 190 1713 τῇ
210 1660 393 1712 ναυμαχίᾳ
411 1675 418 1684 ·
435 1658 527 1697 κατὰ
546 1659 581 1697 δὲ
602 1658 682 1702 Διὸς
704 1658 868 1710 βούλησιν
886 1659 919 1696 ἓν
937 1659 986 1708 τῷ
1006 1661 1066 1704 τῆς
1083 1660 1144 1695 θα-

93 1718 225 1767 λάττης
255 1721 350 1771 βυθῷ
367 1721 544 1771 φανῆναι,
563 1717 623 1755 καὶ
651 1716 760 1760 οὕτως
780 1715 940 1765 γενέσθαι
960 1715 1144 1757 θαλάττιον

95 1777 265 1827 δαίμονα,
287 1777 355 1815 ὑπὸ
376 1776 481 1828 μόνου
496 1792 534 1815 τε
550 1776 702 1820 Ἰάσονος
716 1778 943 1828 θεωρηθῆναι.

146 1840 262 1874 Prosa
277 1838 449 1874 oratione
463 1836 735 1873 Amazonidem
745 1837 923 1884 scriptam
937 1835 1048 1870 fuisse
1063 1846 1146 1870 cen·

95 1903 152 1934 s¹et
171 1896 395 1934 Welckerus
419 1897 476 1932 De
496 1895 602 1943 Cycl.
629 1907 669 1943 p.
701 1894 800 1939 320;
822 1894 1014 1943 poeticam
1037 1894 1148 1929 fuisse

95 1956 244 2005 putavit
251 1955 581 2004 Schweighaeuser.
594 1967 603 1999 3
620 1961 734 2001 atque
745 1954 810 1988 tali
821 1953 954 1988 melius
969 1953 1149 1988 convenit

97 2015 248 2058 titulus3
273 2025 492 2061 quanquam
509 2012 604 2047 nihil
616 2012 690 2047 hoc
712 2011 945 2056 decernitur,
968 2023 1085 2058 quum
1103 2011 1149 2046 de

97 2079 205 2108 aetate
225 2072 422 2120 scriptoris
440 2084 520 2106 non
535 2077 702 2115 constet,
723 2076 838 2118 atque
853 2077 946 2105 nota
962 2081 1021 2105 res
1040 2070 1087 2104 sit
1100 2080 1150 2104 se-

98 2131 211 2166 rioris
237 2131 306 2166 aevi
325 2137 500 2165 auctores
528 2129 709 2178 prosariis
727 2128 835 2163 libris
863 2139 959 2175 saepe
977 2129 1151 2176 poeticos

99 2187 296 2238 praefixisse
313 2188 456 2224 titulos.
470 2208 523 2214 —
538 2188 594 2223 De
609 2198 650 2222 re
664 2186 710 2222 cf.
724 2187 875 2222 Miiller.
896 2186 1051 2234 Min.·p.
1072 2183 1146 2220 285

101 2254 138 2284 et
159 2247 250 2291 264.

513 2340 733 2355 ⁴000oe—

455 2424 799 2482 PRAXION.

513 2541 788 2580 ΜΕΓΑΡΙΚΑ.

378 2615 422 2664 Ἐ
437 2628 589 2664 Lumo
617 2627 858 2664 SECUNDO.

159 2706 413 2755 Harpocratio
431 2718 468 2743 v.
491 2703 621 2758 Σκίρον
643 2719 652 2741 :
685 2704 756 2743 Καὶ
776 2704 920 2752 Ἀθηνᾶν
939 2704 974 2743 δὲ
995 2706 1155 2759 Σκιράδα

105 2765 253 2814 τιμῶσιν
266 2763 457 2811 Ἀθηναῖοι,
474 2763 517 2811 ἣν
534 2763 733 2817 Φιλόχορος
752 2762 814 2814 μὲν
832 2765 866 2802 ἐν
887 2764 1029 2818 δευτέρᾳ
1045 2764 1155 2804 Ἀτθί-

327 2886 396 2926 DE
427 2885 591 2925 REBUS
622 2886 934 2926 MAGNETUM.

617 2959 650 2991 1.

150 3011 254 3045 Possis
265 3011 361 3044 tertio
376 3012 495 3045 librum
515 3015 637 3045 Rerum
655 3013 906 3054 Magnetiearum
920 3014 964 3046 ait
976 3014 1158 3046 Themisto-

110 3065 192 3096 clem
221 3064 410 3105 Magnesiae,
438 3066 584 3105 suscepta
612 3065 788 3097 coronisera
812 3066 981 3106 dignitate,
1009 3065 1160 3098 Minervae

110 3123 202 3147 sacra
215 3114 343 3154 iecisse,
360 3115 518 3156 illumque
541 3116 657 3148 festum
678 3116 763 3149 diem
784 3117 997 3149 Panathenaea
1011 3126 1159 3157 vocasse;

111 3166 254 3208 itemque
267 3167 392 3198 Baccho
399 3167 574 3208 Choopotae
583 3176 674 3200 sacra
687 3168 868 3209 facientem,
877 3168 1062 3209 Choorum(
1079 3170 1159 3201 Con·

111 3219 250 3257 viarum
261 3218 274 3260 )
287 3217 404 3250 festum
418 3217 535 3250 ibidem
550 3219 734 3252 instituisse.

496 3284 769 3324 AMAZONIS.

621 3350 656 3383 2.

158 3401 261 3434 Possis
274 3403 419 3442 Magnes,
435 3403 532 3435 tertio
548 3403 630 3436 libro
647 3403 868 3444 Amazonidis,
885 3405 976 3436 navis
995 3405 1095 3444 Argus
1107 3412 1160 3435 ar-

40 3435 54 3495 i
115 3452 290 3485 chitectum
310 3453 421 3486 suissse
441 3454 598 3487 Glaucum
624 3455 742 3495 tradit,
759 3464 895 3496 eamque
910 3455 1160 3495 gubernantem,

2167 258 2240 292 483

1184 336 1252 385 ,δος
1285 336 1352 385 (fi'.
1381 334 1452 384 42)
1484 334 1554 372 ἀπὸ
1585 335 1715 386 Σκίρου
1735 335 1824 379 τινὸς
1845 335 2060 374 Ἐλευσινίου
2090 335 2244 386 μάντεως

1196 394 1405 441 κεκλῆσθαι,
1425 391 1589 444 Πραξίων
1605 392 1640 429 δὲ
1655 395 1688 430 ἐν
1705 393 1735 444 β’
1758 396 1967 446 Μεγαρικῶν
1984 393 2053 432 ἀπὸ
2071 393 2246 446 Σκίρωνος

1198 451 1284 503 [τοῦ
1305 451 1563 494 συνοικίσαντος
1579 451 1768 500 Σαλαμῖνα
1778 451 1793 502 ]
1802 482 1810 490 .

1250 512 1392 548 Eadem
1411 511 1544 548 Suidas
1563 518 1599 546 et
1623 511 1794 556 Photius,
1818 511 1921 547 unde
1950 512 1990 546 in
2008 512 2127 547 schol.
2157 511 2244 547 Ald.

1197 571 1390 620 Aristoph.
1409 570 1512 606 Eccl.
1534 569 1580 605 18
1597 571 1787 605 transtulit
1803 571 1999 614 Musurus,
2019 569 2156 605 additis
2168 582 2249 605 ver-

1196 630 1254 666 bis
1277 632 1337 666 τοῢ
1363 643 1438 668 συν.
1463 628 1667 677 Σαλαμῖνα.
1693 630 1748 664 Ac
1777 640 1864 665 sane
1895 628 2149 676 supplendum
2171 640 2248 664 esse

1198 690 1270 725 tale
1290 688 1435 737 aliquid
1459 689 1500 723 in
1516 688 1646 736 aprico
1667 694 1734 723 est.
1761 690 1804 724 V.
1827 687 1963 723 Strabo
1982 687 2059 731 IX,
2086 699 2126 735 p.
2151 686 2247 734 3933

1198 749 1359 786 Pausan.
1382 749 1420 792 I,
1455 747 1526 795 39,
1549 745 1593 792 53
1620 738 1811 782 Plutarch.
1833 746 1943 781 Thes.
1971 758 2005 784 c.
2030 757 2098 790 103
2117 745 2246 793 steph.

1199 808 1287 854 Byz.
1319 819 1354 842 v.
1387 803 1526 856 Σκίρος.
1554 825 1606 832 ——
1633 802 1820 855 Πραξίων]
1855 803 1942 841 cod.
1975 803 2021 840 G.
2043 800 2247 853 Παραξίων.

1199 865 1308 901 Idem
1328 866 1477 901 videtur
1498 861 1675 915 Πραξίλας
1709 876 1771 912 ap.
1791 863 1938 900 Eudoc.
1959 875 2000 911 p.
2033 861 2104 898 251
2142 861 2252 910 (mo-

1200 931 1313 960 nente
1344 925 1632 961 Westermanno
1662 922 1711 958 ad
1738 924 1845 958 Voss.
1873 934 1914 971 p.
1948 920 2076 969 li91):
2111 918 2252 970 Κάρνεα

1202 980 1302 1033 ἑορτὴ
1337 980 1478 1033 Δωρικὴ
1511 978 1701 1051 τελουμένη
1736 978 1898 1032 Καρνείῳ
1932 977 2122 1016 Ἀπόλλωνι
2162 975 2253 1014 κατὰ
2303 1020 2307 1026 ‚

1201 1040 1263 1086 τὴν
1276 1039 1576 1085 Πελοπόννησον
1558 1039 1627 1076 απὸ
1643 1037 1802 1090 Κάρνου
1796 1037 1952 1080 μάντεως
1966 1037 2043 1075 κτλ.
2060 1037 2116 1087 (v.
2130 1035 2254 1073 Theo-

1200 1113 1336 1149 pomp.
1358 1100 1403 1138 fr.
1427 1099 1534 1148 17¹)·
1556 1097 1601 1137 ‘O
1621 1096 1656 1135 δὲ
1679 1095 1897 1149 Πραξίλας’
1879 1094 1948 1133 απὸ
1962 1094 2132 1147 Καρνείου
2149 1093 2254 1147 φησὶν

1203 1158 1405 1206 ὠνομάσθαι
1418 1172 1477 1195 του
1492 1156 1572 1200 Διὸς
1591 1155 1650 1194 καὶ
1672 1154 1848 1207 Εὐρώπης
1861 1156 1953 1201 υἱοῦ,
1973 1153 2008 1198 ὃς
2027 1157 2068 1201 ἠν
2086 1152 2256 1205 ἐρώμενος

1202 1232 1251 1268 τῳ
1271 1215 1488 1255 Ἀπόλλωνι·
1510 1214 1664 1264 Ἀλκμὰν
1686 1213 1722 1251 δὲ
1750 1213 1818 1251 ἀπὸ
1842 1211 1998 1264 Καρνέου
2028 1227 2118 1255 τινος
2139 1214 2172 1251 Γ
2176 1227 2256 1264 ρωι

1203 1278 1264 1313 κοῦ
1277 1290 1286 1298 ·
1305 1273 1507 1326 Δημήτριος
1531 1273 1604 1311 δὲ’
1586 1273 1655 1311 απὸ
1675 1288 1734 1311 του
1755 1278 1902 1325 κρᾶναι,
1919 1270 1968 1309 δ’
1953 1286 2026 1309 εστι
2044 1270 2199 1311 τελέσαι.

1256 1336 1486 1371 Praoeitelem
1505 1334 1714 1382 quendam,
1732 1334 2006 1381 Megarensem,
2027 1339 2070 1367 ut
2086 1331 2254 1375 videtur,

1203 1394 1435 1442 periegetam
1451 1393 1663 1446 introducit
1680 1392 1904 1428 Plutarchus
1923 1391 1963 1426 in
1987 1391 2058 1437 Qu.
2079 1389 2198 1428 Conv.
2214 1392 2257 1436 V,

1207 1451 1244 1496 3,
1277 1464 1311 1495 1,
1338 1451 1406 1486 ubi
1423 1452 1604 1498 quaeritur
1627 1462 1696 1485 cur
1717 1450 1830 1498 pinus
1851 1450 2029 1497 Neptuno
2052 1455 2089 1483 et
2107 1448 2257 1483 Baccho

1204 1521 1311 1546 sacra
1330 1511 1378 1546 sit
1399 1521 1408 1547 :
1438 1506 1655 1559 Πραξιτέλης
1676 1505 1737 1556 μὲν
1762 1498 1819 1543 οὖν
1844 1507 1862 1542 ὁ
1881 1503 2113 1575 περιηγητὴςω
2122 1502 2162 1541 τὸ
2188 1511 2258 1554 μυ·-

1206 1568 1311 1609 θῶδες
1340 1567 1483 1618 ἐπῆρεν,
1514 1567 1560 1608 ως
1579 1564 1764 1616 λεγόμενον
1796 1566 1872 1615 ευρε
1858 1566 1976 1610 ..θῆναι
1998 1562 2037 1600 τὸ
2066 1565 2169 1612 σῶμα
2199 1566 2259 1600 τοῦ

1205 1624 1425 1678 Μελικέρτου
1442 1624 1541 1662 πίτυι
1554 1623 1687 1676 προσὸε
1692 1622 1919 1683 ὅρασμένον*
1907 1622 1974 1660 υπὸ
1993 1624 2054 1669 τῆς
2069 1620 2259 1668 θαλάττης·

1207 1701 1266 1723 και
1286 1684 1353 1737 γὰρ
1382 1686 1420 1722 οὐ
1452 1683 1573 1736 πρόσω
1601 1683 1778 1734 Μεγάρων
1800 1684 1887 1719 εἶναι
1918 1681 2036 1729 τόπον,
2066 1680 2102 1725 ὃς
2137 1683 2260 1729 Καλῆς

1208 1743 1333 1815 δρόμος
1353 1742 1627 1792 ἐπονομάζεται,
1646 1744 1689 1780 δι’
1707 1746 1744 1780 οὑ
1769 1741 1875 1794 φάναι
1898 1743 2076 1793 Μεγαρεῖς
2097 1741 2160 1788 τὴν
2181 1741 2259 1781 Ἰνὼ

1208 1802 1247 1841 τὸ
1262 1801 1433 1840 παιδίον”
1416 1816 1565 1853 εχουσαν
1584 1801 1729 1853 δραμεῖν
1750 1800 1807 1838 ἐπὶ
1824 1799 1886 1846 τὴν
1904 1800 2097 1839 θάλασσαν.

1625 1939 1841 1954 »ἠκον-

1211 2047 1534 2104 PROCL-ES
1574 2046 2256 2104 CARTHAGINIENSIS.

1264 2167 1436 2211 Procles,
1455 2167 1791 2215 Carthaginiensis,
1815 2167 1987 2202 Eucratis
2011 2165 2128 2212 filius,
2147 2179 2261 2215 quem

1212 2238 1258 2262 ex
1276 2238 1352 2260 uno
1377 2226 1559 2260 Pausania
1580 2227 1776 2270 novimus,
1797 2226 2020 2273 periegetis,
2040 2226 2113 2260 nisi
2133 2225 2258 2270 fallor,

1213 2284 1518 2320 annumerandus
1549 2291 1617 2319 est.
1652 2285 1754 2320 AEtas
1786 2284 1929 2319 incerta
1942 2311 1953 2331 ,
1983 2295 2107 2331 neque
2138 2291 2262 2319 tamen

1212 2342 1419 2378 secundum
1443 2349 1528 2377 ante
1549 2342 1737 2378 Christum
1755 2349 1886 2377 natum
1905 2342 2081 2377 saeculum
2100 2354 2262 2390 supera-

1212 2402 1326 2447 verit,
1339 2402 1395 2436 uti
1412 2413 1457 2436 ex
1472 2399 1518 2436 iis
1541 2414 1624 2448 quae
1639 2402 1769 2437 Romoe
1784 2413 1822 2436 se
1835 2400 1972 2436 vidisse
1985 2402 2136 2437 Procles
2153 2408 2262 2438 testa-

1214 2467 1289 2505 tur,
1309 2460 1477 2508 colligas.
1498 2460 1603 2495 Alius
1618 2460 1771 2495 Procles
1787 2466 1842 2495 est
1855 2460 2083 2495 Xenocratis
2100 2459 2271 2509 discipu·.

1213 2519 1289 2564 lus,
1311 2518 1358 2554 de
1377 2531 1455 2566 quo
1475 2531 1511 2554 V.
1533 2525 1624 2555 tom.
1645 2520 1702 2564 11,
1729 2531 1769 2567 p.
1793 2518 1867 2562 342
1896 2519 1936 2553 in
1957 2525 2038 2556 not.
2059 2518 2108 2554 ad
2125 2518 2259 2567 fragm.

1213 2577 1438 2613 Menecratis
1454 2577 1597 2614 Elaitae.

1727 2649 1761 2673 1.

1268 2709 1472 2745 Pausanias
1491 2710 1527 2745 Π
1542 2735 1552 2754 ,
1574 2721 1639 2756 21,
1657 2709 1679 2744 6
1696 2721 1705 2747 2
1726 2708 1798 2746 Τοῦ
1816 2706 1852 2744 δὲ
1871 2709 1905 2745 ἐν
1923 2710 1965 2759 τῇ
1984 2708 2095 2761 ἀγορᾷ
2111 2711 2172 2745 τοῦ
2191 2707 2263 2759 Ἀρ-

1216 2764 1318 2817 γείων
1333 2765 1612 2817 οἰκοδομήματος
1626 2766 1664 2803 οὐ
1686 2765 1824 2818 μακρὰν
1843 2767 1950 2817 χῶμα
1968 2769 2029 2817 γῆς
2046 2767 2138 2804 ἐστιν
2152 2781 2159 2789 ·
2178 2768 2211 2804 ἐν
2229 2765 2265 2803 δὲ

1215 2885 1318 2917 quum
1340 2879 1432 2908 lason
1452 2879 1607 2917 pugnaret
1633 2885 1707 2907 cum
1723 2876 1895 2916 Tyrrhenis
1907 2900 1916 2915 ‚
1943 2886 2045 2908 unum
2059 2877 2179 2917 absque
2195 2877 2265 2908 vul-

1217 2937 1292 2960 nere
1307 2937 1325 2960 e
1339 2937 1444 2969 pugna
1464 2927 1570 2959 navali
1587 2927 1765 2959 discessisse
1784 2940 1790 2959 ε
1809 2936 1851 2959 ex
1867 2928 1957 2960 Jovis
1979 2929 2086 2960 autem
2100 2929 2266 2960 voluntate

1217 2979 1249 3010 in
1263 2979 1361 3011 fundo
1375 2979 1471 3011 maris
1487 2979 1691 3019 apparuisse,
1711 2981 1808 3019 atque
1824 2979 1868 3010 ita
1881 2982 2044 3011 marinum
2060 2980 2157 3012 deum
2171 2979 2265 3011 exsti·

1218 3031 1307 3071 fisse,
1323 3033 1355 3063 et
1370 3030 1411 3062 ab
1427 3039 1491 3062 uno
1507 3032 1618 3062 Iasone
1638 3030 1733 3062 fuisse
1749 3032 1971 3071 conspectum.

1600 3104 1780 3143 MEGAR
1788 3104 1885 3142 ICA.

1263 3183 1425 3216 Seiradem
1447 3192 1576 3224 quoque
1598 3183 1773 3215 Minervam
1789 3184 1901 3215 colunt
1917 3183 2141 3220 Athenienses,
2168 3189 2264 3221 quam

1220 3236 1431 3268 Philochorus
1437 3236 1578 3268 secundo
1587 3236 1751 3268 Atthidisa
1766 3237 1855 3269 Sciro
1863 3236 2003 3276 quodam
2012 3234 2170 3267 Eleusinio
2182 3235 2264 3270 vate,

1222 3287 1359 3319 Praxion
1384 3296 1460 3319 vero
1476 3296 1495 3319 a
1511 3288 1660 3328 Scirone,
1685 3288 1740 3328 qui
1763 3288 1956 3320 Salaminem
1974 3286 2095 3318 civibus
2116 3285 2263 3324 frequen-

1222 3338 1314 3379 tavit,
1332 3339 1478 3370 vocatam
1492 3338 1580 3371 dicit.

1728 3401 1743 3432 1
1753 3425 1761 3432 .

1262 3454 1332 3485 Non
1347 3453 1438 3494 longe
1454 3452 1495 3485 ab
1508 3461 1545 3486 eo
1558 3439 1671 3494 opere,
1687 3453 1773 3494 quod
1788 3453 1820 3485 in
1840 3454 1907 3485 soro
1926 3452 2113 3492 Argivorum
2127 3451 2191 3489 est,
2210 3451 2263 3481 tu-

1659 3518 1663 3522 ·
2078 3512 2120 3536 ει.
