2372 3704
141 307 216 340 662

139 390 288 426 dicibus
308 391 628 437 exercitatissimi,
651 385 731 438 jam
755 391 1063 440 transcripseram
1081 399 1189 429 ante-

138 462 251 497 quam
273 451 311 485 in
329 450 547 498 Hispaniam
565 449 845 500 proficiscerer.
866 451 1015 488 Deinde
1032 452 1111 500 ipse
1125 464 1188 487 co-

138 509 262 557 dicem
280 522 368 546 cum
382 511 604 558 apographo
619 510 744 546 denuo
765 517 940 547 accurate
961 511 1127 556 contuli,
1146 523 1189 547 ac

135 581 215 618 prae
241 570 375 605 ceteris
399 582 443 606 ea
466 583 548 618 quae
566 568 745 605 mendam
769 570 927 605 traxisse
943 570 1186 614 videbantur,

138 629 421 678 diligentissime
454 631 614 666 excussi.
647 651 698 656 —
723 629 784 666 Ib.
816 630 883 666 lin.
917 630 988 667 ult.
1023 629 1189 666 Federus

136 689 286 737 scripsit
306 688 400 740 αὐτῷ
420 702 492 738 pro
514 688 637 734 αὐτοῦ,
659 688 764 737 quod
782 696 892 724 tenor
909 689 1092 724 orationis
1109 700 1188 723 nou

136 747 315 785 admittit.

189 806 280 855 Pag.
317 805 408 851 354,
428 807 454 844 l.
486 807 520 843 3.
540 828 591 833 —-
611 804 875 844 Ἐπεκάλουν...
908 803 1023 851 ἠξίουν
1047 805 1056 852 (
1074 803 1188 848 ἀξιοῦν

136 867 222 903 cod.
243 866 252 915 )
273 865 287 916 ]
317 867 485 903 Federus
512 867 566 901 ita
600 879 608 901 :
645 866 878 903 ἐπικαλοῦν...
913 863 1049 915 ἀξιοῦν,
1083 866 1188 914 quod

134 927 262 963 nescio
281 938 327 961 an
344 925 618 974 praeferendum
632 926 692 963 sit.

189 985 281 1034 vag.
302 983 393 1032 355,
412 985 437 1022 l.
467 996 527 1020 20.
543 1004 596 1011 —
616 982 688 1021 Καὶ
706 981 918 1034 διατριὸῶν]
947 983 1016 1020 κάκ
1036 982 1065 1019 δ.
1085 983 1184 1029 conj.

134 1045 305 1082 Piccolo.
323 1063 376 1071 —
395 1044 422 1080 l.
442 1055 511 1083 22.
532 1039 669 1092 πόνου]
692 1040 817 1092 φθόνου
838 1042 940 1089 conj.
960 1042 1077 1079 idem.

187 1103 279 1152 Pag.
299 1101 390 1150 356,
412 1101 459 1139 fr.
480 1115 518 1147 7,
543 1103 606 1136 lin.
630 1114 688 1139 10.
704 1122 757 1129 -
777 1100 1042 1151 ὑποφθάσαντας
1062 1100 1076 1150 ]
1098 1101 1186 1137 ἀπο-

133 1162 332 1212 φθάσαντας
348 1161 469 1200 codex
485 1173 495 1210 3
519 1160 625 1208 quod
646 1166 780 1196 notare
794 1162 917 1197 omisi.

186 1221 280 1270 Pag.
305 1218 396 1266 357,
429 1221 454 1257 l.
482 1233 513 1255 1.
533 1217 692 1261 -Ίόύς
721 1233 758 1266 γε
784 1220 794 1268 (
816 1217 851 1255 δὲ
872 1218 987 1268 cod.)
1019 1217 1183 1269 νεανίας]

132 1278 290 1322 τοσούςδε
328 1278 462 1320 νεανίας
502 1278 625 1314 Feder
659 1279 771 1314 tacite
798 1290 1101 1326 perperamque„
1133 1299 1187 1306 —

131 1341 217 1379 Lin.
238 1354 251 1376 1
265 1353 298 1377 1.
317 1338 375 1375 ἐπ’
389 1336 497 1388 ἄκρου
517 1339 575 1374 τοῦ
587 1335 705 1387 ὄρους]
728 1335 782 1373 ἐπ’
797 1334 902 1387 ἄκρον
922 1339 982 1374 τοῦ
999 1335 1182 1388 ὄρουςίος.

133 1408 259 1438 censet
283 1399 497 1438 Diibnerus.
517 1399 574 1433 De
595 1398 878 1432 constructione
897 1397 1004 1432 verbi
1032 1394 1184 1433 ἀνοιδαί-

132 1475 200 1497 νειν
233 1471 346 1508 agens
373 1458 544 1493 Bremius
571 1457 620 1492 ad
649 1457 803 1503 Lysiam
821 1455 931 1493 Cont.
965 1457 1049 1491 Alc.
1081 1456 1103 1504 ἓ
1140 1469 1184 1491 10

131 1534 172 1569 p.
199 1521 270 1556 128
293 1533 300 1555 z
325 1535 339 1550 κ
358 1518 605 1564 Plerumque,
626 1517 697 1560 ait,
723 1517 926 1564 scriptores
950 1516 1096 1551 addunt
1116 1529 1184 1552 ac-

132 1580 302 1615 cusativo
322 1577 630 1626 praepositionem
650 1571 731 1619 ἐπί,
761 1587 831 1609 nec
859 1573 1033 1620 rejicitur
1050 1576 1186 1623 geniti-

131 1652 200 1676 vus
219 1650 304 1674 cum
324 1633 401 1680 ἐπὶ,
424 1645 654 1682 quamquam
681 1633 711 1668 is
732 1633 857 1668 rarior
884 1641 951 1670 cst.
972 1649 985 1664 υ
1007 1633 1184 1669 Ceterum

131 1698 230 1738 iniis
248 1709 330 1744 quae
359 1694 427 1730 sub
445 1706 561 1729 manu
581 1699 706 1734 erant,
728 1692 962 1727 locutionem
983 1690 1184 1728 ἀναὸαίνειν

132 1755 191 1795 ἐπί
209 1769 299 1796 τινος
319 1753 472 1802 quaesivi
494 1752 641 1787 frustra.
668 1753 906 1798 Quamquam
928 1751 1039 1787 facile
1067 1752 1183 1787 credo

131 1806 453 1852 constructionem
469 1811 576 1846 verbi
599 1807 787 1846 ἕπιὸαίνειν
802 1809 995 1844 interdum
1013 1811 1125 1845 etiam
1146 1811 1184 1845 in

130 1887 166 1911 v.
189 1869 387 1908 ἀναὸαίνειν
410 1870 628 1905 translatam
655 1881 746 1905 esse.
767 1890 816 1895 —
835 1868 918 1905 Lin.
945 1881 1008 1906 20.
1044 1866 1183 1920 ὤσετε]

131 1931 260 1970 ὤσαιτε
280 1931 482 1967 Dubnerus
498 1929 572 1976 legi
590 1929 670 1963 vult
689 1927 898 1963 secundum
911 1929 1093 1976 regulam.
1121 1930 1183 1964 In-

132 1993 335 2030 dicativum
353 1989 470 2025 futuri
485 1995 614 2026 tuetur
626 1987 790 2024 Federus
802 2014 812 2032 ,
831 1998 956 2034 neque
971 1999 1041 2036 ego
1060 1995 1184 2025 muta-

128 2053 262 2089 verim.

183 2111 276 2160 Pag.
302 2107 397 2154 358,
428 2107 476 2148 fr,
504 2120 540 2156 9,
555 2108 621 2143 lin.
656 2120 689 2143 1.
710 2128 762 2135 —
787 2104 903 2155 Ἐπὶ]
934 2107 1030 2143 hanc
1050 2121 1184 2144 vocem

131 2171 257 2206 omisit
270 2169 407 2206 Feder.
429 2188 478 2195 -
494 2168 581 2204 Lin.
607 2168 643 2203 3.
667 2167 714 2207 εἷς
733 2168 811 2202 νοῦν
829 2164 1011 2206 ἐνεὲάλετο
1029 2165 1089 2204 καὶ
1110 2168 1184 2204 ἐνε-

133 2227 271 2277 θυμήθη
286 2227 300 2278 ]
318 2227 363 2269 εἷς
373 2229 450 2263 νοῦν
465 2223 610 2262 {gothero
621 2227 825 2265 scribivult
838 2227 1054 2264 Diibnerus.
1070 2228 1183 2274 Quod

130 2289 229 2324 foret
247 2287 452 2335 elegantius
477 2286 594 2321 vitata
613 2286 842 2336 repetitione
861 2298 1022 2334 praepos.
1046 2286 1093 2324 ἐν,
1114 2288 1181 2324 Ce-

131 2356 251 2383 terum
279 2347 388 2382 fuisse
421 2345 468 2386 εἷς
494 2359 526 2381 ν.
561 2342 766 2390 ἐνεὸάλετο,
795 2345 902 2392 quod
927 2358 998 2393 per
1026 2359 1065 2382 se
1085 2347 1183 2383 bene

129 2407 263 2449 habet,
283 2406 321 2440 in
339 2404 473 2440 codice
487 2431 497 2448 ,
516 2416 629 2451 quem
645 2405 776 2440 scribae
795 2406 1030 2441 Constantini
1047 2406 1181 2442 discer-

130 2472 311 2513 pserunt,
344 2463 515 2512 probant
543 2464 727 2510 Excerpta
746 2465 803 2498 De
837 2464 942 2509 virt„
975 2465 1014 2499 in
1044 2466 1182 2513 quibus

131 2525 238 2561 locus
262 2530 390 2558 noster
417 2522 602 2569 repetitur
632 2521 705 2570 (fr,
741 2521 763 2556 8
790 2522 924 2570 extr.).
948 2544 999 2550 —
1018 2526 1104 2560 Lin.
1142 2525 1178 2561 6,

131 2580 310 2631 Ἀσσύριον
328 2580 342 2631 ]
360 2578 559 2630 Ἀσσυρικὸν
581 2581 693 2615 tacite
710 2587 746 2615 et
763 2581 904 2628 absque
918 2594 1028 2618 causa
1046 2585 1178 2624 Feder.

131 2662 184 2670 —-
203 2641 285 2678 Lin.
311 2653 322 2675 1
334 2645 368 2683 4.
389 2641 541 2690 μαντικῇ
555 2641 598 2689 τῇ
613 2653 648 2675 τε
666 2638 710 2676 δι’
727 2638 911 2690 ὀνειράτων
929 2639 943 2690 ]
962 2643 1180 2690 P1·aepositio

131 2698 188 2736 διὰ
209 2699 351 2735 excidit
368 2711 430 2746 ap.
453 2699 651 2735 Federum.
671 2719 723 2726 —
739 2700 822 2735 Lin.
845 2699 904 2735 18.
925 2698 1181 2751 ἐξεφατνίζοντο

130 2758 191 2797 καί
205 2762 303 2804 πως]
327 2760 381 2794 De
402 2759 474 2793 hoc
496 2759 584 2794 loco
599 2759 800 2795 Diibnerus
819 2771 827 2794 z
855 2775 870 2790 α
891 2759 1180 2800 Constructione

130 2818 235 2855 nulla
246 2826 282 2853 et
294 2817 422 2852 medio
438 2818 555 2852 verbo
567 2819 693 2865 posito
707 2817 774 2852 ubi
788 2819 951 2856 activum
965 2821 1178 2869 oportebat.

130 2876 265 2911 Scribo
285 2889 292 2910 :
317 2875 351 2911 ἐν
375 2868 397 2923 ἧ
418 2873 478 2912 δύο
506 2871 608 2910 ἵπποι
628 2873 841 2926 ἐξεφάτνιζον
868 2873 916 2913 τὸ
936 2876 1117 2928 κάρφος,
1145 2879 1179 2915 ἐν

133 2947 213 2979 μεσ.
237 2933 315 2971 κτλ.
348 2934 527 2981 Sequitur
550 2947 557 2969 :
589 2933 762 2985 ἐπιφορεῖν
787 2935 837 2985 τῷ
858 2933 1007 2983 στόματι
1037 2936 1094 2972 ἐπὶ
1122 2935 1179 2973 τὸν

131 2990 325 3043 Ἀρὸἄκην,
345 2990 554 3028 καθεύδοντα
576 2991 634 3028 καὶ
651 2990 774 3038 αὐτὸν,
795 2992 922 3044 ἄχυρα.
941 3010 956 3026 n
974 2994 1060 3031 Haec
1081 2998 1180 3045 opti-

128 3064 189 3087 me
205 3051 416 3088 Diibneriis.
438 3052 611 3088 Ceterum
626 3065 757 3088 vocem
775 3051 906 3103 κάρφος
924 3056 1180 3103 suppleverim

129 3110 270 3152 intacta
287 3110 504 3157 relinquens
523 3111 639 3146 verba
660 3109 719 3145 καί
746 3126 839 3160 πως,
860 3125 942 3159 quae
961 3114 1115 3150 minime
1135 3115 1177 3149 li-

128 3169 296 3204 brarium
318 3168 494 3204 redolere
507 3169 697 3214 videntur,
718 3171 783 3205 sed
799 3172 971 3219 apprime
987 3172 1075 3208 huic
1091 3185 1178 3209 nar-

127 3228 238 3266 randi
253 3240 392 3275 genere·
410 3228 661 3272 conveniunt,
679 3236 715 3263 et
733 3229 1057 3276 quemadmodum
1076 3232 1179 3279 apud

129 3287 370 3326 Herodotum
402 3288 535 3334 saepius
558 3286 803 3334 adhibentur,
826 3289 878 3322 sic
909 3289 947 3323 in
967 3290 1011 3326 iis
1030 3291 1179 3326 Nicolai

130 3347 367 3394 fragmentis,
398 3359 480 3393 quae
499 3358 543 3381 ex
567 3347 700 3381 ionicis
719 3348 968 3394 scriptoribus
982 3375 991 3392 ,
1022 3349 1178 3386 Xantho

129 3413 164 3440 et
192 3406 334 3449 Ctesia‚
355 3406 475 3454 petita
502 3413 610 3451 sunt,
639 3407 776 3441 iterum
797 3407 1010 3453 iterumque
1041 3421 1178 3444 occur-

127 3472 236 3510 runt,
251 3473 294 3500 ut
312 3478 348 3513 p.
370 3465 466 3510 380,
486 3465 532 3500 fr.
558 3471 607 3513 49
626 3466 692 3502 lin.
714 3470 748 3511 Δ,
770 3473 805 3501 et
826 3466 918 3504 ibid.
938 3468 1001 3501 lin.
1020 3469 1176 3515 penult.;

127 3537 167 3572 p.
196 3523 283 3569 385,
305 3525 368 3559 lin.
396 3523 416 3559 5
440 3525 487 3559 ab
510 3526 589 3570 ult.;
622 3538 659 3572 p.
679 3524 786 3574 -386,
817 3526 882 3560 lin.
924 3524 989 3571 153
1020 3539 1060 3574 p,
1088 3527 1176 3575 397,

871 300 1116 342 ADDENDA
1144 302 1209 341 ET
1237 302 1572 345 CORRIGENDA

1253 392 1300 431 fr.
1321 393 1387 441 65,
1409 396 1435 431 l.
1469 395 1513 442 63
1532 408 1572 444 p.
1596 394 1685 443 405,
1704 397 1732 432 l.
1767 396 1835 443 373
1858 397 1957 434 adde
1976 410 2012 446 p.
2049 398 2137 446 366,
2161 400 2208 440 fr.
2233 400 2296 449 15,

1253 453 1279 488 l.
1297 452 1342 489 13
1356 482 1367 500 ‚
1390 455 1458 490 ubi
1478 455 1718 491 Hellanicum
1733 452 2010 505 logographum
2023 459 2191 495 ionicum
2213 460 2298 498 fon·

1254 518 1329 547 tem
1359 525 1436 548 esse
1470 514 1511 548 in
1543 521 1622 550 not.
1653 515 1865 551 statuimus.
1911 516 2085 553 Orationi
2115 519 2299 567 pendenti

1252 582 1473 607 succurrere
1486 572 1576 607 licet
1588 571 1749 621 legendo
1770 571 1859 624 ππρὸ
1874 575 1941 611 τῶν
1958 577 2068 626 θυρῶν
2085 571 2175 628 [zv]
2192 579 2298 616 Idem

1250 629 1418 665 Federus
1443 629 1594 666 efficere
1626 631 1772 667 studuit
1803 633 2108 683 interpungendo
2130 637 2230 674 hunc
2259 641 2300 674 in

1250 688 1408 724 modum
1514 689 1547 725 ἐν
1580 683 1682 740 ᾗδύο
1709 687 1811 727 ἵπποι
1841 688 2115 742 ἐξεφατνίζοντο,
2145 694 2206 732 καί
2224 702 2305 739 πως

1251 746 1286 782 ἐν
1311 745 1535 798 μεσημὸρίᾳ,
1562 746 1773 800 κατέδαρθεν
1792 747 1925 789 αὐτόθι.
1953 772 2005 778 —-
2023 753 2107 790 Lin.
2139 755 2203 793 26.
2228 757 2300 794 Καὶ

1251 802 1324 855 δὴ]
1356 804 1415 842 καὶ
1435 806 1465 842 εἷ
1495 804 1537 852 δὴ
1565 809 1729 844 servavit
1747 808 1915 844 Federus
1945 816 2082 847 notans
2103 825 2112 848 :
2136 828 2152 846 α
2170 813 2200 850 εἷ
2229 814 2296 865 δὴ,

1249 867 1445 912 siquidem,
1464 866 1629 915 quadam
1643 867 1742 903 sorte
1753 868 1938 917 elegantia
1949 897 1958 915 ,
1970 876 2165 918 tamquam
2177 875 2300 913 minus

1250 922 1411 961 fidenter
1435 926 1488 961 ita
1508 938 1528 962 e
1554 934 1680 962 mente
1705 927 1847 962 scilicet
1877 928 1983 963 istius
2005 929 2201 979 loquenti,
2222 947 2300 983 prae

1250 985 1368 1032 magis
1398 986 1535 1020 usitato
1565 986 1683 1021 altero
1711 978 1768 1022 οἷα
1789 983 1831 1030 δὴ
1861 983 2022 1034 placuit.
2051 1004 2067 1021 »
2101 991 2301 1031 Diibnerus

1249 1041 1300 1076 ita
1320 1052 1328 1078 :
1355 1058 1371 1074 α
1391 1044 1574 1079 Miillerus
1587 1043 1617 1080 εἰ
1638 1044 1796 1090 delevit,
1814 1057 1884 1094 ego
1898 1052 2041 1082 mutem
2055 1048 2095 1083 in
2112 1048 2176 1096 ὡς,
2193 1051 2301 1099 cujus

1250 1102 1519 1150 compendium
1544 1104 1676 1151 paullo
1700 1105 1824 1140 minus
1848 1117 1962 1153 quam
1987 1114 2140 1155 oportet
2163 1121 2299 1147 curva·

1250 1166 1329 1195 tum
1356 1162 1478 1198 simile
1509 1161 1551 1197 fit
1578 1163 1809 1212 compendio
1841 1177 1884 1201 ει.
1906 1164 2008 1200 Infra
2032 1166 2172 1215 legitur
2193 1167 2299 1207 πλέον

1248 1217 1315 1270 γάρ
1333 1233 1365 1255 τι
1385 1218 1483 1262 εἰδὼς
1502 1218 1593 1271 λέγω
1619 1229 1656 1258 et
1682 1220 1787 1258 πλέον
1807 1236 1842 1258 τι
1861 1221 2156 1274 τεκμαιρόμενος,
2172 1233 2215 1262 ut
2232 1228 2297 1265 hic

1249 1292 1405 1327 quoque
1424 1287 1553 1328 putem
1572 1281 1624 1316 sic
1645 1281 1816 1317 locutum
1832 1294 1908 1318 esse
1924 1283 2126 1319 Nicolaum
2149 1297 2157 1321 z
2180 1283 2240 1323 καὶ
2252 1287 2300 1330 ὡς

1249 1335 1290 1383 δή
1306 1352 1338 1374 τι
1353 1336 1456 1375 πλέον
1475 1335 1599 1392 [κατὰ]
1619 1337 1662 1376 τὰ
1677 1339 1750 1376 θεῖα
1767 1339 1879 1382 εἰδώς.
1900 1356 1915 1374 2³
1932 1342 2026 1377 Mihi
2040 1343 2128 1379 olim
2146 1343 2185 1380 in
2199 1357 2301 1382 men-

1249 1404 1324 1433 tem
1341 1399 1444 1434 venit
1465 1396 1544 1434 ;καὶ
1565 1399 1594 1435 εἰ
1605 1397 1648 1444 δή
1663 1413 1729 1447 τις,
1746 1407 1786 1435 et
1798 1403 1927 1448 siquis
1946 1402 2056 1437 alius.
2072 1404 2218 1439 —Lin.
2233 1405 2297 1444 28.

1248 1454 1346 1507 παρὰ
1378 1455 1436 1492 τὸν
1469 1455 1618 1508 Τίγριν]
1638 1459 1832 1495 Diodorus
1863 1458 1938 1507 (11,
1972 1460 2009 1496 3.
2046 1473 2082 1507 7.
2115 1461 2190 1512 26)
2226 1465 2298 1500 Ni-

1248 1529 1338 1551 num
1361 1516 1411 1551 ad
1446 1517 1676 1574 Euphratem
1708 1519 1820 1554 sitam
1850 1518 1962 1555 fuisse
1992 1519 2104 1566 dicit3
2134 1521 2252 1570 idque
2279 1536 2300 1560 e

1247 1576 1369 1611 Ctesia
1391 1578 1537 1611 narrari
1563 1584 1717 1612 eatenus
1749 1584 1831 1613 erat
1864 1577 2083 1626 probabile,
2113 1588 2300 1628 quatenus

1246 1635 1347 1670 hunc
1366 1647 1444 1682 prae
1473 1636 1606 1671 ceteris
1631 1643 1827 1672 auctorem
1845 1637 2040 1673 Diodorus
2065 1639 2105 1674 in
2135 1635 2297 1677 historia

1246 1695 1445 1741 Assyriaca
1454 1702 1601 1730 secutus
1613 1707 1701 1739 esse,
1714 1707 1945 1742 quamquam
1955 1697 2065 1732 etiam
2076 1698 2298 1735 Athenaeum

1247 1754 1435 1801 quendam
1464 1761 1501 1789 et
1529 1755 1624 1789 alios
1641 1753 1827 1801 quosdam
1855 1754 1955 1790 inter
1975 1754 2098 1792 fontes
2117 1768 2207 1793 suos
2233 1771 2298 1795 re-

1247 1820 1385 1850 censet.
1407 1814 1490 1848 Jam
1509 1825 1601 1848 vero
1622 1825 1696 1861 pro
1718 1813 1883 1860 epitome
1902 1814 2100 1851 Diodorea
2119 1817 2234 1852 variis
2253 1830 2300 1854 ex

1247 1872 1466 1907 auctoribus
1486 1872 1748 1907 consarcinata
1763 1871 1972 1921 fragmenta
1985 1873 2169 1910 habemus
2183 1875 2299 1913 histo-

1246 1932 1309 1966 riae
1321 1931 1537 1976 uberrimae,
1552 1943 1634 1978 quae
1650 1936 1726 1965 tam
1736 1929 1934 1966 manifesto
1947 1923 2116 1968 colorem
2130 1933 2297 1970 ionicum

1247 1996 1328 2024 toto
1345 1988 1526 2024 narrandi
1544 2000 1682 2037 genere
1698 1988 1930 2037 singulisque
1949 1989 2047 2026 adeo
2073 1991 2197 2028 verbis
2220 2006 2298 2042 prae

1245 2060 1283 2083 se
1299 2048 1426 2084 ferunt
1435 2075 1446 2093 ,
1465 2055 1508 2083 ut
1523 2047 1751 2083 verbotenus
1768 2046 1846 2083 fere
1860 2060 1880 2083 e
1896 2047 2000 2084 fonte
2015 2049 2144 2086 ionico
2158 2077 2169 2096 ,
2183 2063 2298 2099 quem

1245 2115 1382 2155 praeter
1409 2107 1665 2156 logographos
1684 2119 1804 2142 unum
1825 2106 1987 2144 Ctesiam
2006 2109 2202 2156 novimus,
2231 2110 2298 2147 de-

1245 2167 1383 2214 scripta
1397 2178 1475 2202 esse
1491 2166 1575 2202 luce
1593 2166 1728 2201 clarius
1740 2167 1802 2200 sit.
1820 2166 1888 2202 Vel
1900 2166 1990 2202 hinc
2006 2167 2124 2216 igitur
2141 2167 2298 2205 dubita-

1245 2227 1344 2261 veris
1354 2238 1446 2260 num
1458 2238 1540 2274 quae
1556 2224 1603 2260 de
1613 2225 1713 2260 Nino
1725 2225 1941 2273 Euphratea
1951 2226 2143 2274 leguntur,
2157 2227 2299 2265 diutius

1245 2285 1407 2322 Ctesiani
1435 2284 1599 2320 nominis
1619 2284 1812 2332 praestigio
1837 2284 2008 2320 ornanda
2030 2292 2228 2334 putemus,
2250 2300 2296 2323 an

1244 2345 1373 2394 potius
1392 2357 1438 2380 ex
1470 2344 1603 2393 ignoto
1635 2342 1803 2391 quodam
1835 2350 1991 2379 auctore
2021 2344 2216 2382 Diodorus
2237 2359 2296 2383 ar-

1246 2404 1460 2448 cessiverit‚
1493 2415 1541 2438 an
1565 2402 1730 2450 denique
1750 2402 1830 2450 ipse
1864 2403 1995 2438 ceteris
2024 2405 2230 2441 oscitantiae
2261 2413 2299 2442 et

1246 2463 1388 2502 acrisiae
1410 2462 1651 2500 documentis
1675 2461 1788 2497 etiam
1819 2461 1962 2498 hancce
1980 2459 2186 2499 fluviorum
2215 2465 2298 2500 Me·-

1244 2522 1465 2570 sopotamiae
1486 2519 1746 2556 confusionem
1762 2526 1958 2567 tamquam
1978 2521 2200 2558 coronidem
2224 2522 2296 2558 ad-

1245 2580 1356 2617 derit.
1377 2580 1499 2615 Multo
1519 2580 1638 2627 magis
1656 2578 1825 2623 dubites,
1843 2578 1874 2612 si
1893 2589 1973 2613 rem
2002 2578 2122 2627 ipsam
2145 2587 2296 2628 specta-

1243 2639 1354 2676 veris.
1370 2640 1466 2674 Nam
1480 2638 1614 2674 falsum
1631 2649 1709 2673 esse
1724 2637 1939 2673 Diodorum
1953 2649 1999 2673 ex
2012 2639 2181 2674 unanimi
2197 2641 2295 2688 opti-

1242 2710 1394 2733 morum
1414 2704 1616 2732 auctorum
1628 2708 1813 2732 consensu
1825 2696 1896 2731 viri
1907 2696 2046 2732 eruditi
2062 2698 2296 2746 collegenmt

1242 2757 1471 2801 rectissime;
1496 2755 1683 2802 ejusmodi
1698 2767 1789 2791 vero
1810 2767 1981 2790 errorem
1997 2755 2047 2791 ad
2065 2756 2194 2792 Ctesiae
2209 2765 2296 2794 aeta-

1245 2822 1319 2850 tem
1343 2815 1494 2850 nonnisi
1512 2822 1665 2850 coactus
1684 2814 1877 2859 retuleris3
1899 2826 1947 2850 ne
1967 2826 2162 2863 cogamur,
2189 2815 2295 2852 adest

1242 2874 1432 2911 Nicotaus.
1457 2874 1605 2910 Primus
1626 2873 1673 2909 de
1691 2874 1790 2908 Nino
1812 2873 1862 2908 ad
1880 2873 2023 2921 Tigrim
2043 2874 2113 2909 sita
2130 2887 2202 2910 nos
2221 2875 2294 2911 do·-

1243 2940 1303 2967 cet
1333 2931 1572 2979 Herodotus,
1607 2932 1674 2979 qui
1699 2932 1820 2966 tribus
1851 2931 1914 2966 vix
1944 2939 2030 2979 post
2060 2933 2294 2969 eversionem

1242 2991 1345 3026 urbis
1361 2990 1671 3039 generationibus
1684 2990 1999 3038 Mesopotamiam
2012 2990 2116 3028 adiit.
2130 2992 2184 3027 Eo
2202 3005 2292 3029 vero

1243 3045 1414 3098 tempore
1445 3049 1523 3096 jam
1549 3050 1741 3085 evanuisse
1770 3049 1995 3084 memoriam
2026 3049 2221 3095 locorum,
2254 3052 2293 3086 in

1243 3110 1381 3157 quibus
1401 3109 1689 3163 celebratissima
1705 3108 1853 3144 steterit
1868 3108 2093 3156 metropolis
2105 3135 2116 3154 ,
2136 3109 2232 3145 adeo
2250 3118 2294 3150 ut

1242 3181 1289 3204 ne
1322 3169 1368 3204 de
1402 3166 1558 3204 flumine
1588 3167 1742 3215 quidem
1773 3165 2052 3216 praeterfluente
2081 3176 2290 3214 constaret,

1242 3229 1326 3275 quis
1360 3227 1511 3262 tandem
1544 3226 1763 3276 persuaderi
1794 3226 1866 3262 sibi
1896 3227 2081 3275 patiatur!
2117 3227 2292 3263 Ceterum

1242 3299 1328 3322 cum
1360 3285 1560 3323 Herodoto
1589 3287 1730 3333 optime
1758 3286 1926 3320 concinit
1957 3285 2097 3321 Ctesias
2126 3286 2288 3324 Nicolai.

1241 3335 1575 3393 Quemadmodum
1603 3345 1704 3380 enim
1731 3356 1776 3379 ex
1799 3344 1940 3380 Herod.
1970 3345 2023 3388 11,
2053 3342 2126 3380 150
2146 3344 2290 3380 elicue-

1240 3412 1330 3441 runt
1348 3405 1419 3441 viri
1441 3404 1546 3440 docti
1568 3404 1709 3452 regiam
1728 3404 1833 3439 urbis
1850 3403 1954 3438 haud
1973 3403 2111 3450 procul
2131 3415 2153 3438 a
2171 3401 2289 3439 fluvio

1242 3464 1407 3501 dissitam
1425 3463 1537 3499 fuisse
1548 3491 1558 3511 ,
1574 3464 1626 3498 sic
1645 3463 1745 3498 idem
1760 3464 1873 3498 etiam
1891 3475 1911 3498 c
1927 3468 2059 3497 nostro
2075 3461 2288 3510 fragmento

1245 3532 1501 3582 oonscquflur·
1532 3553 1581 3559 ,-
1607 3524 1725 3558 Porro
1763 3522 1888 3558 Ctesiae
1921 3521 2085 3556 historiae
2119 3521 2288 3562 Asiaticae
