2326 3724
67 303 145 343 σὸιν
177 302 392 349 ἀπέστειλεν,
422 299 458 346 ὃς
485 300 545 340 καὶ
574 301 746 352 λαμπρῶς
776 300 941 346 ἑστιάσας
967 317 1006 340 τε
1032 299 1110 345 τοὺς

67 361 245 415 Τούρκους
256 391 267 412 ,
281 360 341 400 καὶ
361 362 395 404 ἐς
407 360 451 399 τὰ
466 359 618 411 μάλιστα
638 360 918 413 φιλοφρονηθεὶς,
938 360 972 404 ἐς
986 359 1026 398 τὸ
1040 362 1111 399 Βυ-

67 421 202 467 ζάντιον
233 419 390 471 ἐπανῄει.
419 418 483 458 Διὸ
507 418 567 458 καὶ
595 420 613 457 ὁ
640 418 801 471 Χοσρόης
831 418 887 457 ἐπ’
920 419 1112 468 Αἰθίοπας,

67 479 185 533 φίλους
204 477 304 522 ὄντας
320 475 532 528 Ῥωμαίοις,
553 476 631 520 τοὺς
649 477 762 515 πάλαι
780 476 843 528 μὲν
868 477 1109 531 Μακροὸίους,

67 542 126 577 νῦν
153 538 189 576 δὲ
210 537 408 589 Ὁμηρίτας
431 535 688 586 καλουμένους,
715 535 941 589 ἐστράτευσε·
970 537 1032 576 καὶ
1053 536 1111 576 τόν

65 613 104 636 τε
121 596 269 649 βασιλέα
286 597 354 634 τῶν
372 595 573 647 Ὁμηριτῶν
592 594 843 648 Σανατούρκην
862 594 918 634 διὰ
936 595 1113 648 Μιράνους

65 659 126 695 τοῦ
149 657 297 708 Περσῶν
315 657 512 708 στρατηγοῦ
533 652 729 707 ἐζώγρησε,
745 653 809 701 τήν
825 670 861 693 τε
880 653 979 693 πόλιν
998 656 1111 693 αὐτῶν

67 713 296 767 ἐξεπόρθησε,
313 712 373 751 καὶ
386 711 426 750 τὸ
443 711 535 756 ἔθνος
552 712 812 764 παρεστήσατο.
833 712 983 758 Διέξεισι
999 712 1035 752 δὲ
1052 713 1112 752 καὶ

68 772 162 817 ὅπως
175 771 346 825 Ἀρμένιοι
362 770 427 809 ὑπο
441 770 620 824 Σουρήνου
635 771 867 822 κακούμενοι,
881 772 942 810 καὶ
958 772 1114 823 μάλιστα

68 831 148 884 περὶ
166 830 229 876 τὴν
250 828 441 876 εὗσέὸειαν,
465 829 523 868 τόν
548 845 586 868 τε
606 829 788 882 Σουρήναν
813 831 1114 883 ὁμοφρονήσαντες

69 891 138 930 διὰ
145 890 376 943 Οὐαρδάνου,
404 892 442 927 ου
469 904 526 926 τον
555 888 702 941 ἀδελφὸν
725 889 898 936 Μανουὴλ
926 890 1113 942 ἐτύγχανεν

67 947 213 997 ἀνελὼν,
231 948 291 987 καὶ
306 948 348 986 δι’
363 946 481 999 ἑτέρου
499 946 588 991 τινὸς
603 948 766 1000 Οὐάρδου
781 949 929 999 ἀνεῖλον,
949 949 1009 986 καὶ
1027 951 1116 1001 Περ-

67 1024 140 1048 σων
161 1007 374 1051 ἀποστάντες
394 1006 588 1058 Ῥωμαίοις
603 1006 893 1061 προσεχώρησαν,
909 1007 948 1046 τὸ
964 1008 1114 1052 Δούὸιος

67 1068 107 1106 τὸ
138 1067 319 1117 πόλισμα,
339 1068 374 1104 ἐν
393 1069 422 1119 ᾧ
450 1064 643 1119 κατῴκουν,
664 1065 909 1113 ἀπολιπόντες,
941 1066 1003 1105 καὶ
1030 1066 1116 1120 πρὸς

67 1125 113 1163 τὰ
128 1125 318 1176 Ῥωμαίων
335 1123 401 1170 ἤθη
417 1122 609 1174 γενόμενοι.
626 1123 699 1163 Καὶ
712 1128 813 1163 τοῖτο
827 1125 981 1175 μάλιστα
996 1124 1114 1176 γέγονε

66 1187 129 1231 τῆς
147 1185 217 1222 τῶν
235 1184 384 1234 Περσῶν
399 1180 484 1234 πρὸς
501 1180 701 1231 Ῥωμαίους
715 1182 872 1220 σπονδῶν
887 1182 1117 1227 καταλύσεως

69 1242 194 1280 αἴτιον.
230 1240 449 1287 Ἀπέστησαν
477 1239 514 1277 δὲ
546 1240 748 1293 παραυτίκα
778 1239 838 1278 καὶ
866 1239 1026 1294 ’16ηρες,
1055 1241 1115 1280 καὶ

69 1300 345 1360 προσεχώρησαν
375 1297 583 1349 Ῥωμαίοις,
612 1301 642 1339 Γ
643 1314 803 1352 οργενους
834 1300 947 1338 αὐτῶν
979 1303 1116 1351 ἠγεμο-

68 1359 236 1403 νεύοντος.
257 1352 328 1398 ’Ἦν
351 1357 387 1397 δὲ
406 1359 475 1396 τῶν
502 1356 652 1412 Ἰὸήρων
672 1356 750 1396 τότε
775 1360 797 1404 ἡ
819 1357 959 1411 Τίφιλις
980 1358 1117 1412 μητρό-

67 1419 178 1462 πολις.

120 1490 151 1516 4.
180 1474 266 1516 ”Οτι
291 1474 497 1527 Μαρκιανὸς
523 1476 542 1513 ὁ
562 1477 622 1513 τοῦ
650 1474 837 1514 Ἰουστίνου
859 1478 919 1513 τοῦ
948 1476 1118 1527 βασιλέως

68 1534 272 1588 ἐξάδελφος,
296 1537 359 1582 τῆς
386 1532 432 1572 ἕω
458 1532 712 1587 χειροτονηθεὶς
741 1535 950 1588 στρατηγὸς,
980 1536 1029 1578 εἷς
1057 1534 1116 1573 τὸν

68 1653 261 1694 Ephthalitae
277 1666 284 1685 :
298 1662 380 1694 quos
401 1654 472 1694 post
490 1653 599 1694 paullo
611 1652 706 1685 Turci
721 1652 832 1693 proelio
847 1653 1052 1693 superantes,
1069 1653 1117 1685 his

70 1706 165 1737 etiam
183 1704 298 1737 finibus
323 1705 515 1746 pepulerunt
528 1705 539 1745 (
552 1704 596 1743 cf.
618 1706 712 1738 Men..
726 1704 783 1745 fr.
802 1708 838 1737 18
853 1705 877 1745 ).
896 1706 915 1737 J
920 1706 1044 1738 ustinus
1057 1709 1117 1738 Ze-

68 1758 235 1790 marchum
248 1758 289 1790 ad
304 1759 427 1790 Turcos
440 1758 578 1799 legatum
594 1758 680 1790 misit
696 1759 768 1799 (568
785 1758 850 1797 :cf.
863 1760 953 1791 Men.
960 1759 1018 1799 fr.
1034 1764 1071 1792 21
1085 1760 1117 1800 >3

68 1812 169 1853 quiet
195 1812 323 1854 publice
343 1820 398 1844 eos
422 1812 525 1853 epulis
546 1812 725 1852 excipiens,
751 1812 903 1853 omnique
927 1811 1007 1844 adeo
1023 1812 1118 1844 officii

68 1872 181 1905 genere
188 1865 342 1904 exceptus
349 1864 660 1905 constantinopolim
670 1863 820 1895 remissus
827 1864 886 1896 est.
900 1864 1118 1901 Quamobrem

69 1915 165 1947 etiam
183 1916 340 1948 chosroes
361 1916 394 1947 in
410 1916 594 1956 AEthiopas,
609 1915 730 1947 amicos
740 1915 848 1956 populi
871 1909 1025 1954 Romani,
1041 1916 1118 1948 olim

68 1967 267 2006 Macrobius,
290 1976 378 1999 nunc
394 1969 575 1999 Homeritas
587 1967 763 2007 appellatos
774 1990 783 2005 ,
801 1966 1035 2007 expeditionem
1052 1977 1117 1999 sus-

70 2019 171 2059 cepit,
189 2027 358 2060 regemque
371 2020 627 2054 Homeritarum,
637 2019 849 2057 sanaturcen,
863 2027 959 2059 opera
968 2019 1117 2059 Meranis,

70 2072 240 2102 Persarum
267 2070 376 2111 ducis,
406 2071 519 2103 vivum
544 2070 646 2110 cepit,
675 2069 819 2110 urbeque
845 2078 955 2101 eorum
975 2070 1118 2111 direpta,

69 2122 190 2154 incolas
202 2122 394 2163 subjugavit.
408 2122 550 2155 Armenii
566 2131 586 2153 a
596 2124 718 2154 Surena
728 2121 813 2153 male
825 2122 947 2163 accepti
959 2146 968 2162 ,
980 2123 1119 2155 maxime

69 2175 102 2206 in
119 2174 246 2215 pietatis
270 2175 495 2216 religionisque
517 2174 665 2215 negotio,
694 2176 851 2206 Surenam
865 2198 874 2214 ,
901 2175 1120 2215 conjuratione

70 2226 154 2258 sacta
170 2235 226 2267 per
235 2226 440 2266 vardanum,
459 2226 551 2266 cujus
567 2226 699 2258 fratrem
716 2225 898 2257 Manuelem
918 2226 971 2258 ille
993 2226 1120 2259 interse-

71 2281 170 2319 cerat,
187 2280 220 2311 et
235 2280 335 2312 alium
360 2279 524 2320 quendam
541 2278 685 2311 vardum
704 2277 911 2318 occiderunt,
930 2282 961 2311 et
974 2287 993 2310 a
1020 2279 1120 2311 Persis

70 2331 253 2365 deficientes
264 2332 305 2364 ad
322 2334 482 2364 Romanos
494 2332 648 2364 transiere
657 2356 666 2370 ‚
691 2331 869 2373 relictoque
881 2331 998 2373 oppido
1007 2357 1016 2372 ‚
1033 2332 1119 2372 quod

70 2383 268 2423 incolebant,
285 2384 379 2416 Dubii
395 2384 544 2423 nomine,
571 2383 605 2414 in
620 2384 838 2415 Romanorum
856 2383 1016 2423 regionem
1036 2392 1119 2415 com-

69 2435 265 2476 migrarunt,
294 2436 391 2476 atque
415 2435 485 2468 haec
510 2435 579 2476 ipsa
595 2434 796 2475 potissimum
815 2443 911 2466 causa
936 2435 1039 2466 Persis
1061 2435 1120 2467 suit

70 2488 241 2529 rumpendi
266 2488 672 2528 soederisinduciarumque
691 2496 767 2518 cum
792 2487 954 2519 Romanis.
973 2487 1119 2520 Descive-

71 2543 147 2572 runt
159 2542 231 2581 post
246 2541 303 2573 hos
312 2541 420 2573 statim
431 2541 528 2572 etiam
541 2539 659 2577 Iberes,
671 2541 703 2571 et
715 2540 861 2580 Gorgene
875 2540 958 2580 ipsos
968 2540 1117 2580 ducente,

70 2593 111 2625 ad
138 2595 299 2627 Romanos
313 2593 519 2626 transierunt.
544 2591 730 2631 Metropolis
751 2594 860 2624 autem
882 2592 1048 2624 {berorum
1062 2592 1118 2625 Ti-

72 2644 165 2686 philis
183 2648 260 2679 tunc
275 2647 344 2678 erat
357 2645 422 2687 (cf.
441 2646 532 2678 Men.
540 2645 596 2686 fr.
611 2645 650 2675 35
666 2639 697 2675 θ’.
714 2647 767 2676 36.
782 2653 841 2678 an.
859 2647 915 2678 571
935 2644 961 2685 ).

659 212 986 253 THEOPHANIS
1013 213 1256 253 BYZANTII
1285 213 1615 254 FRAGMENTA.

2139 223 2210 257 27¹

1171 301 1257 352 πρὸς
1295 300 1457 354 Χοσρόην
1493 301 1646 351 πόλεμον
1681 300 1792 354 ὀγδόῳ
1829 301 1897 340 ἔτει
1937 305 1999 350 τῆς
2033 303 2220 343 Ἰουστίνου

1174 359 1353 412 βασιλείας
1367 359 1671 404 ἐξαποστέλλεται.
1692 359 1857 406 Ἰωάννης
1874 360 1910 399 δὲ
1927 363 1944 399 ὁ
1958 364 2020 408 τῆς
2039 362 2222 415 Ἀρμενίας

1173 417 1388 470 στρατηγὸς,
1408 417 1468 455 καὶ
1492 417 1655 470 Μιράνης
1675 419 1776 457 ὁτῶν
1799 421 1960 471 Περσῶν,
1981 422 1998 458 ὁ
2018 420 2079 459 καὶ
2094 424 2220 474 Βαρα-

1176 475 1331 526 μαάνης,
1362 475 1426 523 τὴν
1459 475 1645 528 στρατείαν
1679 476 1912 529 συνήθροιζον.
1945 478 2019 517 Καὶ
2053 482 2124 524 τοῖς
2157 479 2221 531 μὲν

1173 534 1362 586 Ἀρμενίοις
1378 535 1595 586 συνεμάχουν
1612 534 1767 587 Κόλχοι,
1790 535 1958 587 Ἀὸασγοὶ
1980 537 2039 575 καὶ
2069 538 2223 591 Σαρώης

1173 594 1191 630 ὁ
1207 592 1360 631 Ἀλανῶν
1390 592 1570 644 βασιλεύς·
1592 595 1642 647 τῷ
1663 593 1698 631 δὲ
1722 593 1867 646 Μιράνῃ
1898 594 2048 647 Σάὸιροι
2068 597 2128 634 καὶ
2149 600 2223 636 Δα-

1173 651 1274 706 γάνες
1299 651 1359 690 καὶ
1386 651 1426 690 τὸ
1445 652 1638 702 Διλμαϊνὸν
1656 651 1761 696 ἔθνος.
1781 652 1995 703 Πολεμήσας
2016 655 2052 692 δὲ
2073 657 2090 692 ὁ
2117 657 2225 708 Μαρ-

1174 711 1293 754 κιανὸς
1310 709 1370 748 τὸν
1390 710 1554 762 Μιράνην
1574 709 1654 764 περὶ
1672 710 1734 758 τὴν
1760 710 1962 758 Νισιὸηνῶν
1986 711 2101 760 πόλιν,
2123 714 2226 752 αὐτὸν

1176 767 1238 814 μὲν
1257 770 1290 813 ἐς
1313 767 1426 822 φυγὴν
1447 768 1606 822 ἔτρεψεν,
1636 771 1750 807 ἀνεῖλε
1776 769 1812 808 δὲ
1836 771 1871 808 ἐν
1900 773 1944 823 τῇ
1970 770 2070 823 μάχῃ
2096 772 2229 824 χιλίους

1174 827 1234 865 καὶ
1255 827 1472 874 διακοσίους,
1507 828 1568 866 καὶ
1595 830 1719 874 ζῶντες
1740 828 1940 882 ἐλήφθησαν
1968 829 2225 877 ἑὸδομήκοντα·

1175 885 1362 937 Ῥωμαίων
1384 885 1419 925 δὲ
1439 886 1558 940 ἄνδρες
1578 887 1795 939 ἀνῃρέθησαν
1821 888 1928 928 ἑπτά.
1949 888 2174 942 Ἐπολιόρκει
2191 907 2228 930 τε

1175 944 1243 992 ἤδη
1265 944 1324 982 καὶ
1343 945 1382 983 τὸ
1404 948 1471 983 τῶν
1491 945 1692 992 Νισιὸηνῶν
1722 952 1851 999 τεῖχος.
1875 946 2041 999 Χοσρόης
2061 947 2096 986 δὲ
2117 953 2229 988 ταῦτα

1177 1002 1310 1054 μαθὼν,
1330 1003 1592 1057 τεσσαράκοντα
1613 1003 1675 1056 μὲν
1701 1005 1863 1057 χιλιάδας
1883 1005 2033 1053 ἱππέων,
2055 1009 2169 1052 πεζῶν
2191 1009 2228 1048 δὲ

1177 1062 1263 1115 υπὲρ
1290 1061 1352 1106 τὰς
1384 1062 1509 1101 ἑκατὸν
1539 1063 1764 1117 συναγείρας,
1799 1063 1964 1116 ἠπείγετο
1998 1068 2134 1117 βοηθεῖν
2169 1067 2230 1106 καὶ

1176 1122 1342 1171 πολεμεῖν
1361 1121 1567 1172 Ῥωμαίοις.
1589 1122 1650 1162 Ἐν
1665 1123 1777 1176 τούτῳ
1795 1121 1830 1161 δὲ
1846 1123 2074 1162 διαὸάλλεται
2091 1127 2109 1162 ὁ
2123 1127 2229 1178 Μαρ-

1176 1179 1294 1223 κιανὸς
1307 1182 1355 1232 τῷ
1375 1182 1514 1232 βασιλεῖ
1530 1183 1576 1225 ὡς
1603 1183 1688 1234 ἐρῶν
1705 1182 1925 1234 τυραννίδος,
1954 1183 2014 1221 καὶ
2030 1186 2048 1222 ὁ
2067 1185 2232 1236 βασιλεὺς

1176 1238 1327 1282 πεισθεὶς
1352 1239 1457 1277 αὐτὸν
1485 1239 1548 1290 μὲν
1577 1240 1753 1292 παρέλυσε
1785 1244 1846 1288 τῆς
1876 1244 2007 1293 ἀρχῆς,
2043 1242 2229 1294 Θεόδωρον

1179 1297 1484 1344 ἀντικαταστήσας
1508 1298 1566 1337 τὸν
1588 1302 1648 1337 τοῦ
1677 1299 1925 1338 Ἰουστινιανοῦ
1945 1301 2078 1350 παῖδα,
2101 1302 2228 1355 Τζίρον

1179 1356 1336 1404 ἐπίκλην.
1358 1355 1515 1401 Ἀταξίας
1531 1357 1566 1395 δὲ
1584 1357 1640 1396 διὰ
1659 1361 1769 1396 ταῦτα
1796 1358 1999 1409 συμὸάσης,
2018 1363 2079 1407 τῆς
2106 1376 2142 1399 τε
2162 1377 2228 1400 πο-

1177 1414 1331 1466 λιορκίας
1351 1414 1525 1466 Ῥωμαῖοι
1546 1416 1760 1469 ἀπέσχοντο,
1784 1417 1845 1456 καὶ
1866 1419 2026 1472 Χοσρόης
2044 1420 2084 1458 τὸ
2104 1419 2224 1473 Δάρας

1179 1473 1418 1526 πολιορκήσας
1444 1474 1710 1528 παρεστήσατο.

1218 1656 1250 1687 4.
1270 1655 1467 1695 Marcianus,
1481 1655 1600 1688 Juslini
1614 1654 1815 1694 imperatoris
1825 1653 1978 1694 patruelis
1990 1678 1999 1693 ,
2012 1653 2153 1685 Orientis
2165 1653 2231 1685 dux

1175 1705 1243 1746 jam
1260 1707 1462 1739 renuntiatus
1474 1731 1483 1747 ,
1509 1707 1542 1738 in
1558 1706 1795 1748 expeditionem
1812 1706 1966 1738 adversus
1986 1706 2163 1737 chosroem
2176 1714 2231 1737 oc-

1178 1761 1253 1791 tavo
1270 1759 1394 1801 imperii
1409 1759 1525 1792 Justini
1544 1768 1628 1791 anno
1647 1768 1762 1791 missus
1774 1760 1822 1791 est
1842 1759 1925 1799 (572
1940 1758 1965 1798 ).
1980 1760 2118 1790 Joannes
2134 1767 2230 1799 vero,

1179 1814 1337 1845 Armeniae
1354 1813 1440 1852 dux,
1462 1815 1494 1845 et
1515 1815 1661 1845 Meranes
1690 1815 1877 1851 Persarum,
1895 1811 1949 1852 qui
1966 1812 1998 1843 et
2018 1813 2232 1843 Baramaanes

1179 1866 1340 1906 (Mam),
1355 1867 1533 1898 exereitum
1542 1865 1744 1906 colligebant.
1761 1866 1799 1896 Et
1813 1864 1971 1896 Armeniis
1984 1863 2114 1905 quidem
2128 1863 2231 1896 socios

1177 1927 1210 1950 se
1226 1917 1463 1957 conjunxerunt
1481 1918 1590 1950 Colchi
1600 1942 1609 1958 ‚
1627 1917 1742 1957 Abasgi
1755 1918 1787 1949 et
1808 1919 1938 1955 Saroes,
1953 1924 2011 1947 rex
2030 1916 2227 1954 Alanorum;

1179 1971 1298 2002 Merani
1315 1980 1392 2003 vero
1407 1971 1512 2003 Sabiri
1528 1972 1561 2003 et
1572 1973 1715 2010 Daganes
1727 1971 1759 2002 et
1777 1968 1936 2003 Dilmaina
1949 1977 2035 2008 gens.
2049 1968 2231 2001 Marcianus

1178 2023 1218 2055 ad
1231 2023 1455 2055 Nisibenorum
1467 2023 1581 2055 urbem
1595 2046 1603 2062 ,
1623 2022 1719 2063 signis
1735 2022 1878 2061 collatis,
1891 2023 2054 2054 Meranem
2069 2021 2101 2052 in
2122 2021 2230 2061 sugam

1179 2076 1338 2108 convertit
1363 2089 1371 2108 ε
1396 2084 1499 2116 eoque
1525 2075 1637 2115 proelio
1654 2074 1742 2106 mille
1760 2075 1792 2106 et
1811 2073 1966 2105 ducentos
1981 2073 2114 2112 cecidit,
2136 2073 2230 2106 vivos

1179 2127 1262 2167 cepit
1277 2126 1495 2167 septuaginta,
1522 2126 1678 2158 Romanis
1703 2126 1826 2165 septem
1842 2124 2013 2157 dumtaxat
2030 2124 2229 2157 desideratis.

1178 2182 1253 2213 Mox
1280 2180 1503 2213 Nisibenorum
1529 2179 1648 2211 moenia
1675 2178 1840 2210 obsidione
1865 2178 1977 2210 cinxit.
1999 2178 2175 2217 chosroes,
2194 2186 2229 2210 re

1179 2233 1304 2264 mature
1318 2232 1461 2273 cognita,
1477 2230 1689 2272 quadraginta
1702 2231 1848 2271 equitum
1865 2229 1977 2269 millia,
1992 2229 2136 2270 peditum
2152 2237 2231 2261 vero

1178 2285 1314 2326 amplius
1327 2286 1457 2316 centum
1482 2283 1682 2321 conducens,
1703 2282 1859 2314 auxilium
1885 2281 1967 2313 serre
1980 2283 2012 2314 et
2029 2290 2103 2313 cum
2120 2283 2231 2314 Roma-

1178 2339 1227 2370 nis
1251 2337 1418 2378 confligere
1434 2337 1628 2378 properavit.
1654 2337 1779 2368 Interea
1795 2334 1881 2376 apud
1897 2334 2123 2375 imperatorem
2143 2336 2230 2366 Mar-

1179 2390 1289 2422 cianus
1325 2389 1466 2421 affectati
1497 2388 1621 2429 imperii
1650 2389 1834 2425 accusatur,
1864 2388 1897 2418 et
1927 2387 2098 2418 calumniae
2131 2385 2228 2418 fidem

1178 2443 1332 2475 adhibens
1344 2441 1505 2481 Iustinus,
1524 2440 1684 2473 exercitus
1696 2449 1771 2472 eum
1788 2439 1921 2480 imperio
1934 2439 2111 2478 submovit,
2126 2440 2231 2470 Theo-

1178 2495 1359 2535 dorumque
1368 2519 1376 2533 ,
1387 2495 1405 2525 J
1409 2492 1558 2525 ustiniani
1571 2492 1672 2524 filium
1684 2515 1693 2531 ,
1711 2491 1841 2523 Tzirum
1852 2492 2076 2530 cognomento,
2088 2490 2227 2522 suffecit.

1180 2549 1261 2580 Hinc
1276 2547 1412 2579 turbatis
1425 2546 1519 2578 rebus
1535 2545 1669 2578 Romani
1680 2553 1811 2586 quoque
1829 2544 2027 2576 obsidionem
2044 2544 2226 2584 solverunt,

1178 2603 1210 2633 et
1224 2600 1382 2634 chosroes
1394 2601 1506 2639 Daras,
1525 2598 1740 2639 oppugnatam
1757 2595 1868 2628 urbem
1877 2618 1889 2635 ,
1902 2596 1934 2627 vi
1948 2596 2031 2636 cepit
2044 2596 2142 2636 (573).
