2326 3724
167 216 237 250 172

161 294 180 342 ἢ
208 297 254 340 ὡς
280 295 407 344 ἥκιστα
442 296 465 345 ἢ
490 299 536 342 ὡς
565 298 705 346 ἥδιστα.
735 299 1013 351 Ἐμπεδοκλέους
1045 305 1197 351 εἰπόντος

157 354 274 406 αὐτῷ,
299 351 351 391 ὅτι
379 353 555 408 ἀνεύρετός
579 357 670 395 ἐστιν
690 359 708 395 ὁ
727 359 849 412 σοφὸς,
870 378 885 395 α
912 361 1085 411 Εἰκότως,
1106 362 1193 417 ἔφη·

156 410 259 464 σοφὸν
288 411 356 464 γὰρ
371 406 471 451 ἐἶναι
499 415 552 452 δεῖ
578 414 636 453 τὸν
669 417 942 468 ἐπιγνωσόμενον
962 419 1020 458 τὸν
1039 420 1156 474 σοφόν.
1178 440 1194 456 »

159 470 300 523 Πρῶτος
317 470 353 509 δὲ
369 465 474 520 εἶπεν,
492 474 725 522 ἀκατάληπτα
741 470 829 514 εἶναι
845 476 888 514 τὰ
905 479 1033 516 πάντα.

651 563 695 601 Ο.

207 661 256 688 50.
287 648 493 703 ”Ομηρος
513 652 700 704 ἱστορεῖται
728 654 886 704 γενέσθαι
915 657 1058 710 τυφλὸς,
1078 659 1125 704 ὡς
1145 659 1194 711 μὴ

153 706 310 754 ἡττηθεὶς
327 708 528 759 ἐπιθυμίας,
544 709 566 757 ἣ
587 710 643 748 διὰ
660 713 726 750 τῶν
744 713 931 764 ὀφθαλμῶν
945 714 1096 767 ἔρχεται.

648 799 699 836 Π.

207 900 254 925 51.
285 887 562 939 Παλαμήδης
595 883 672 942 εἶρε
705 890 743 929 τὸ
770 893 788 936 ζ
818 893 878 931 καὶ
905 909 932 932 π
956 895 1015 933 καὶ
1035 911 1058 948 φ
1084 896 1144 935 καὶ
1170 912 1196 950 χ

152 947 321 997 στοιχεῖα.

203 1017 254 1043 52.
288 1003 514 1056 Πίνδαρος
552 1007 570 1043 ὃ
603 1006 740 1059 λυρικὸς
765 1008 912 1056 αἰτήσας
937 1010 977 1049 τὸ
1009 1011 1194 1052 κάλλιστον

151 1061 246 1113 αὐτῷ
265 1062 404 1109 δοθῆναι
424 1065 492 1101 τῶν
512 1065 547 1102 ἐν
569 1066 618 1116 τῷ
637 1064 718 1117 βίῳ,
733 1067 852 1119 ἀθρόον
874 1068 1042 1108 ἀπέθανεν
1062 1073 1096 1109 ἐν
1115 1072 1196 1110 θεά-

151 1133 238 1171 τρῳ,
251 1119 519 1171 ἀνακεκλιμένος
529 1123 576 1165 εἷς
592 1121 636 1161 τὰ
651 1127 712 1162 τοῦ
726 1125 899 1178 ἐρωμένου
910 1129 1013 1167 αὐτοῦ
1027 1129 1194 1175 Θεοξένου

156 1176 295 1227 γόνατα.

203 1247 250 1274 53.
282 1234 468 1274 Πλάτων
488 1239 506 1275 ὃ
526 1237 708 1292 φιλόσοφος
733 1239 872 1293 λέγεται
893 1243 942 1293 μὴ
970 1244 1083 1296 γάμον
1116 1246 1192 1285 τινὰ

154 1292 243 1343 μηδὲ
272 1293 411 1344 ὁμιλίαν
432 1296 592 1345 σώματος
610 1298 770 1344 καθάπαξ
791 1300 986 1353 ἀνέχεσθαι.
1008 1303 1108 1343 Φασὶ
1137 1304 1192 1353 δὲ,

148 1351 196 1394 ὡς
212 1350 250 1389 ἔκ
265 1366 354 1395 τινος
372 1352 463 1397 θείας
478 1354 588 1407 ὅψεως
605 1359 628 1403 ἡ
650 1356 765 1409 μήτηρ
783 1360 888 1398 αὐτοῦ
908 1359 1026 1411 ἔγκυος
1043 1362 1193 1414 γέγονεν,

148 1409 370 1462 ἐπιφανέντος
389 1412 477 1464 αὐτῇ
492 1417 552 1451 τοῦ
569 1414 796 1460 Ἀπόλλωνος.
821 1418 891 1456 Καὶ
905 1419 1007 1465 ἡνίκα
1024 1420 1118 1459 ἔτεκε
1135 1422 1192 1460 τὸν

153 1468 330 1508 Πλάτωνα
342 1501 352 1517 ,
371 1470 447 1509 τότε
465 1472 553 1524 αὐτῇ
570 1475 587 1511 ὃ
604 1473 691 1526 ἀνὴρ
711 1476 920 1527 συνεγένετο.
939 1478 1079 1524 Πλατὺς
1096 1480 1130 1518 δὲ
1146 1479 1194 1519 ὢν

151 1525 196 1564 τὰ
215 1526 339 1580 στέρνα
356 1527 378 1575 ἢ
395 1528 433 1567 τὸ
452 1528 613 1579 μέτωπον
632 1533 783 1571 Πλάτων
802 1536 1078 1589 προσηγορεύθη.
1096 1540 1142 1578 Οἱ
1157 1539 1192 1577 δὲ

147 1587 194 1628 ὣς
212 1585 346 1624 πλατὺν
374 1589 408 1625 ἓν
433 1587 546 1638 λόγοις
569 1588 658 1628 οὕτω
688 1591 773 1643 φασὶ
800 1594 983 1641 κληθῆναι.
1006 1595 1128 1646 Τίμων
1156 1596 1192 1634 δὲ

149 1644 326 1696 κωμῳδῶν
347 1644 450 1683 αὐτὸν
469 1647 503 1684 ἓν
525 1646 664 1692 Σίλλοις
683 1648 787 1701 φησί·

229 1737 300 1768 Τῶν
316 1737 439 1769 πάντων
460 1740 564 1778 ἡγεῖτο
583 1740 796 1779 πλατύστατος
807 1765 817 1780 ,
832 1742 898 1775 ἀλλ’
917 1743 1067 1785 ἀγορητὴς

234 1783 369 1821 ἡδυεπὴς
388 1785 512 1821 τέττιξιν
525 1786 690 1828 ἰσογράφος
699 1811 708 1828 ,
722 1788 753 1820 οἵ
765 1787 792 1819 θ’
805 1789 983 1832 Ἑκαδήμου

235 1829 348 1871 δένδρει
362 1831 533 1874 ἐφεζόμενοι
548 1833 612 1865 ὄπα
623 1834 814 1875 λειριόεσσαν
831 1838 923 1869 ἱᾶσιν.

149 1910 323 1964 Πρότερον
339 1913 407 1966 γὰρ
425 1916 447 1961 ἡ
467 1914 665 1966 Ἀκαδημία
679 1916 719 1954 τὸ
734 1917 862 1969 χωρίον
880 1916 1081 1969 Ἑκαδημία
1108 1919 1191 1958 ἕκα-

147 1970 251 2010 λεῖτο.
283 1966 394 2015 Οῧτος
423 1972 512 2021 μίξιν
541 1974 729 2021 ἐποιήσατο
759 1978 827 2014 τῶν
855 1991 894 2014 τε
920 1976 1189 2029 Ἡρακλειτείων

147 2028 270 2079 λόγων,
300 2031 550 2083 Πυθαγορικῶν
580 2031 640 2071 καὶ
669 2034 916 2086 Σωκρατικῶν.
946 2033 1004 2074 Τὰ
1035 2034 1096 2085 μὲν
1123 2035 1190 2088 γὰρ

149 2087 297 2135 αἰσθητὰ
315 2090 392 2127 καθ’
414 2088 653 2142 Ἡράκλειτον,
673 2090 716 2128 τὰ
738 2090 772 2129 δὲ
792 2091 899 2139 νοητὰ
917 2092 1008 2131 κατὰ
1028 2093 1189 2144 Πυθαγό·

149 2161 227 2198 ραν,
246 2145 290 2183 τὰ
307 2146 342 2184 δὲ
355 2147 517 2186 πολιτικὰ
534 2149 625 2187 κατὰ
643 2149 837 2202 Σωκράτην
855 2151 1066 2204 ἐφιλοσόφει.
1089 2151 1191 2205 Ὠφέ-

147 2204 251 2250 ληται
271 2205 305 2243 δὲ
323 2205 437 2244 πολλὰ
462 2207 545 2260 παρ’
571 2208 808 2261 Ἐπιχάρμου.
828 2209 926 2256 Φησὶ
946 2209 1013 2262 γὰρ
1044 2212 1062 2247 ὁ
1088 2210 1190 2250 Ἐπί·

147 2277 282 2314 χαρμος
305 2264 352 2315 (l.
383 2266 400 2302 ὁ
425 2261 625 2317 Ἄλκιμος)·
646 2285 662 2300 ιι
681 2266 849 2317 Λέγουσιν
868 2270 899 2306 οἱ
920 2267 1019 2320 σοφοὶ
1039 2267 1102 2315 τὴν
1124 2271 1188 2320 ψυ-

149 2319 216 2372 χὴν
253 2320 298 2359 τὰ
335 2322 398 2371 μὲν
435 2322 491 2360 διὰ
531 2328 592 2363 τοῦ
631 2323 793 2375 σώματος
842 2326 1085 2374 αἰσθάνεσθαι,
1120 2321 1189 2365 οἷον

150 2378 357 2427 ἀκούουσαν,
389 2381 601 2432 βλέπουσαν,
622 2382 666 2421 τὰ
686 2385 715 2421 δ’
735 2383 843 2431 αὐτὴν
863 2385 938 2423 καθ’
962 2385 1068 2432 αὑτὴν
1096 2387 1189 2424 {vou-

150 2439 290 2486 μεῖσθαι
320 2438 427 2487 μηδὲν
460 2442 509 2491 τῷ
545 2440 682 2490 σώματι
713 2441 911 2493 χρωμένην·
947 2443 998 2481 διὸ
1031 2442 1091 2481 καὶ
1122 2446 1189 2481 τῶν

149 2495 257 2534 ὄντων
272 2494 316 2533 τὰ
337 2496 399 2547 μὲν
419 2498 566 2545 αἰσθητὰ
585 2493 689 2547 εἶναι,
708 2499 752 2537 τὰ
781 2500 816 2538 δὲ
841 2501 960 2547 νοητά.
986 2495 1057 2540 ῗΩν
1090 2501 1189 2540 ἕνεκα

149 2553 209 2591 καὶ
241 2554 393 2592 Πλάτων
425 2554 554 2606 ἔλεγεν,
589 2556 640 2594 ὅτι
674 2558 725 2595 δεῖ
754 2556 831 2602 τοὺς
861 2560 1006 2596 συνιδεῖν
1037 2557 1098 2605 τὴν
1129 2563 1188 2597 τοῦ

148 2611 278 2655 παντὸς
305 2612 417 2664 ἀρχὴν
444 2615 694 2664 ἐπιθυμοῦντας
720 2618 855 2668 πρῶτον
888 2617 950 2667 μὲν
982 2617 1089 2660 αὐτὰς
1111 2618 1186 2654 καθ’

150 2670 255 2714 αὑτὰς
272 2671 444 2709 διελέσθαι
463 2671 523 2716 τὰς
544 2673 654 2719 ἰδέας,
675 2667 743 2711 οἷον
761 2674 949 2724 ὁμοιότητα
977 2674 1036 2713 καὶ
1057 2675 1189 2724 μονάδα

150 2728 209 2766 καὶ
225 2730 353 2776 πλῆθος
367 2729 426 2767 καὶ
442 2730 581 2782 μέγεθος
593 2730 652 2769 καὶ
667 2730 787 2769 στάσιν
801 2731 860 2769 καὶ
875 2731 1019 2777 κίνησιν·
1034 2732 1188 2784 δεύτερον

149 2786 233 2823 αὐτὸ
253 2788 333 2824 καθ’
353 2787 437 2825 αὑτὸ
459 2787 497 2825 τὸ
517 2788 623 2826 καλὸν
650 2787 710 2826 καὶ
743 2789 868 2840 ἀγαθὸν
894 2789 953 2827 καὶ
981 2789 1110 2827 δίκαιον
1130 2789 1189 2828 καὶ

1008 218 1249 260 HESYCHH
1277 221 1471 263 MILESII

1260 316 1386 350 dicente
1407 318 1468 360 ipsi
1495 319 1671 360 sapientem
1693 321 1828 354 inveniri
1849 331 1914 356 non
1935 332 2044 366 posse,
2066 338 2083 354 α
2110 327 2228 368 Recte,
2248 328 2300 361 in·

1260 376 1331 415 quit
1346 389 1354 408 :
1373 386 1447 410 nam
1465 379 1590 420 sapiens
1606 381 1647 414 sit
1662 391 1790 415 necesse
1802 371 1940 425 estsqui
1954 386 2039 418 norit
2061 387 2230 428 explorare
2251 397 2299 421 sa·

1259 434 1410 483 pientem.
1424 448 1440 464 ν
1455 437 1543 470 Idem
1558 439 1679 480 primus
1692 440 1887 474 dixitomnia
1895 442 2223 486 incomprehensibilia
2232 454 2302 480 esse

1260 491 1322 533 (D.
1335 495 1392 534 lx,
1410 495 1482 535 19).

1737 576 1818 618 ΗΟ.

1298 671 1352 700 50.
1387 671 1572 703 Homerum
1587 672 1718 706 tradunt
1747 675 1877 715 captum
1901 676 2002 709 oculis
2017 676 2129 718 fuisse,
2149 677 2224 719 quia
2246 687 2300 711 cu·

1257 725 1383 766 piditati
1401 736 1475 769 quae
1498 738 1556 770 per
1572 731 1683 764 oculos
1706 732 1828 774 irrepit,
1845 742 1908 766 non
1927 735 2067 768 cesserit.

1753 815 1797 855 P.

1300 910 1351 939 51.
1377 908 1582 943 Palamedes
1598 911 1738 945 literaria
1755 913 1912 948 elementa
1929 916 2084 956 quattuor
2102 915 2223 950 invenit
2234 941 2244 958 ‚
2263 919 2300 959 ζ,

1257 976 1280 996 π
1291 989 1299 1005 ,
1316 977 1336 1006 φ
1352 967 1383 999 et
1395 978 1428 1008 χ.

1298 1027 1348 1055 52.
1367 1024 1542 1058 Pindarus
1559 1027 1680 1067 lyricus
1701 1030 1848 1070 precatus
1865 1030 1959 1070 deos,
1981 1032 2036 1073 ut,
2065 1032 2152 1074 quod
2180 1033 2214 1065 in
2235 1033 2301 1066 vita

1257 1081 1396 1114 maxime
1419 1084 1597 1124 optandum
1615 1086 1676 1127 sit,
1694 1087 1753 1120 sibi
1777 1088 1909 1129 darent,
1926 1090 1959 1121 in
1983 1090 2110 1123 theatro
2136 1091 2301 1132 repentina

1255 1139 1359 1171 morte
1377 1140 1551 1174 exstinctus
1571 1143 1636 1184 est,
1653 1144 1762 1177 reclivi
1786 1146 1889 1187 capite
1905 1155 1999 1188 super
2011 1147 2122 1180 amasii
2136 1148 2300 1181 Theoxeni

1255 1205 1370 1238 genua.

1298 1260 1348 1289 53.
1368 1258 1469 1290 Plato
1482 1258 1689 1301 philosophus
1698 1260 1814 1293 dicitur
1830 1262 1863 1294 et
1871 1262 2067 1296 connubium
2079 1265 2112 1297 et
2125 1272 2298 1298 venereum

1259 1323 1464 1356 congressum
1478 1317 1512 1349 in
1534 1318 1719 1351 universum
1745 1319 1911 1360 respuisse.
1935 1323 2057 1354 Ferunt
2077 1323 2214 1356 matrem
2231 1323 2301 1364 ejus

1255 1381 1273 1405 e
1295 1374 1428 1406 numine
1450 1375 1616 1415 gravidam
1635 1377 1763 1409 uterum
1781 1378 1908 1419 tulisse,
1934 1378 2060 1419 objecto
2082 1380 2128 1413 illi
2147 1381 2300 1422 Apollinis

1255 1432 1342 1472 viso,
1363 1441 1401 1464 ac
1419 1435 1490 1474 post
1508 1434 1630 1467 editum
1657 1436 1839 1477 Platonem,
1866 1438 1936 1469 tum
1963 1437 2093 1471 demum
2117 1441 2297 1473 Aristonem

1255 1491 1407 1523 maritum
1418 1500 1491 1524 cum
1504 1501 1542 1524 ea
1555 1494 1816 1527 consuetudinem
1826 1495 1973 1528 habuisse
1983 1495 2050 1537 (Cf.
2064 1499 2158 1538 Dtoq.
2175 1500 2233 1539 ΠΙ,
2245 1499 2291 1540 2).

1255 1549 1396 1581 Platonis
1418 1559 1537 1582 nomen
1555 1552 1695 1592 accepit,
1718 1553 1806 1592 quod
1817 1554 1950 1594 πλατὺς,
1966 1553 1998 1586 id
2014 1555 2065 1586 est
2088 1555 2154 1588 lato
2175 1557 2226 1588 vel
2247 1565 2299 1598 pe·

1254 1609 1343 1639 ctore
1359 1608 1410 1640 vel
1422 1609 1528 1641 sronte
1549 1611 1631 1642 esset
1645 1619 1653 1642 :
1669 1611 1873 1644 aliiinditum
1887 1621 2005 1645 nomen
2021 1614 2131 1646 rentur
2145 1614 2186 1647 ab
2201 1615 2299 1648 uber-

1254 1666 1321 1699 tate
1336 1667 1503 1700 sermonis.
1521 1667 1635 1701 Timon
1651 1670 1773 1703 comice
1787 1670 1878 1702 illum
1891 1671 2064 1704 traduc-ens
2081 1672 2114 1705 in
2129 1673 2214 1706 Sillis
2229 1674 2274 1707 ait
2289 1684 2298 1707 ι

1324 1753 1386 1781 Hos
1399 1753 1429 1781 in
1435 1755 1479 1782 ter
1491 1753 1552 1782 dux
1562 1753 1612 1782 illc
1620 1754 1708 1783 Plato
1721 1755 1897 1784 celsissimus
1910 1756 1981 1792 ibat,

1323 1799 1409 1832 cujus
1421 1798 1458 1827 ab
1473 1806 1526 1827 ore
1537 1800 1627 1828 melos
1646 1800 1797 1835 manabat,
1806 1801 1893 1836 quale
1904 1801 2065 1831 Hecademl

1323 1843 1360 1873 de
1371 1844 1498 1873 arbustis
1513 1845 1610 1882 lepida
1619 1845 1813 1875 modulantur
1828 1854 1900 1876 voce
1907 1848 2029 1878 cicadae.

1255 1925 1352 1958 Initio
1370 1925 1454 1958 enim
1469 1925 1636 1959 Academia
1655 1927 1743 1960 locus
1755 1927 1948 1960 Hecademia
1961 1928 2128 1961 dicebatur
2144 1930 2223 1972 (111,
2240 1933 2258 1964 7
2272 1931 2296 1968 ).

1255 1981 1314 2014 Hic
1329 1981 1500 2022 Heracliti,
1515 1982 1701 2023 Pythagorae
1714 1983 1747 2015 et
1759 1982 1897 2015 Socratis
1914 1983 2052 2016 rationes
2068 1985 2270 2019 commiscuit
2291 1996 2302 2027 ;

1251 2044 1326 2068 nam
1354 2045 1427 2077 quae
1461 2036 1606 2068 sensibus
1637 2037 1732 2069 obvia
1759 2039 1853 2078 suut,
1887 2046 1930 2070 ex
1956 2039 2111 2071 Heracliti
2140 2041 2298 2073 sententia

1252 2093 1428 2126 tractavit:
1460 2102 1533 2133 quae
1549 2094 1656 2125 mente
1683 2093 2011 2134 comprehenduntur,
2033 2094 2212 2127 secundum
2236 2097 2298 2137 Py·

1251 2149 1416 2188 tliagoram
1436 2148 1589 2188 explicuit
1607 2161 1614 2180 ι
1646 2148 1679 2179 in
1705 2149 1840 2188 politicis
1864 2149 1896 2180 et
1913 2148 2060 2180 civilibus
2076 2149 2172 2182 rebus
2197 2159 2216 2182 a
2234 2152 2295 2182 So·

1252 2206 1339 2236 crate
1364 2212 1430 2235 non
1457 2203 1610 2236 discessit,
1639 2204 1740 2235 Multa
1758 2203 1799 2235 ab
1818 2203 2011 2244 Epicharmo
2037 2204 2208 2236 mutuatus
2226 2205 2294 2246 est,

1251 2261 1288 2291 ut
1315 2259 1451 2291 testatur
1483 2259 1635 2290 Alcimus
1664 2258 1730 2299 (lli
1739 2282 1748 2298 ,
1785 2259 1846 2299 9),
1875 2259 1930 2299 qui
1959 2258 2055 2290 etiam
2082 2258 2153 2290 haec
2182 2258 2260 2291 dicit
2286 2273 2296 2292 ε

1252 2329 1267 2344 «
1286 2318 1406 2348 Rerum
1427 2316 1516 2357 periti
1530 2317 1658 2355 dicunt,
1675 2316 1814 2347 animam
1834 2315 1950 2356 partim
1964 2324 2020 2356 per
2035 2323 2150 2356 eorpus
2167 2325 2296 2357 persen·

1250 2372 1383 2411 tiscere‚
1419 2372 1570 2403 nimirum
1597 2371 1736 2402 videndo
1764 2369 2006 2411 audiendoque3
2034 2370 2151 2411 partim
2178 2379 2234 2411 per
2261 2379 2296 2402 se

1250 2426 1350 2466 ipsam
1377 2425 1544 2466 concipere
1569 2426 1666 2464 atque
1683 2424 1877 2464 intelligere,
1891 2432 2059 2465 nunquam
2078 2423 2219 2464 corporis
2234 2432 2295 2465 ope

1251 2493 1341 2516 usam
1357 2496 1365 2515 ε
1380 2491 1418 2515 ac
1428 2483 1560 2524 proinde
1576 2491 1683 2514 rerum
1695 2482 1771 2513 alias
1789 2481 1933 2513 sensibus
1948 2481 2078 2521 percipi,
2094 2481 2171 2513 alias
2187 2480 2295 2512 animo

1250 2537 1410 2577 cognosci.
1456 2536 1673 2573 Quamobrem
1698 2535 1788 2567 Plato
1801 2534 1894 2575 dixit,
1911 2543 1983 2573 eos,
1999 2534 2054 2575 qui
2080 2533 2295 2566 universitatis

1249 2588 1421 2629 primordia
1434 2588 1540 2618 animo
1555 2586 1724 2627 complecti
1754 2585 1952 2624 desiderant,
1983 2585 2123 2626 primum
2147 2586 2295 2626 oportere

1249 2649 1392 2671 seorsum
1410 2648 1466 2679 per
1478 2648 1510 2670 se
1527 2648 1635 2671 rerum
1656 2639 1792 2676 formas,
1812 2637 1898 2669 ideas
1912 2638 2091 2678 appellant,
2114 2636 2295 2677 disjungere

1249 2694 1346 2732 atque
1358 2691 1525 2731 dispartire
1535 2715 1543 2729 ,
1558 2691 1693 2730 exempli
1708 2690 1820 2730 gratia,
1834 2689 2073 2721 similitudinem
2083 2690 2115 2721 et
2125 2689 2292 2728 unitatem,

1249 2742 1488 2774 multitudinem
1499 2743 1530 2773 et
1543 2741 1792 2780 magnitudinem
1803 2764 1811 2779 ,
1823 2742 1941 2772 statum
1953 2741 1984 2772 et
1994 2741 2119 2772 motum
2131 2752 2140 2774 ε
2153 2739 2293 2772 secundo

1249 2795 1320 2826 loco
1336 2794 1439 2834 ipsum
1461 2801 1516 2833 per
1530 2801 1564 2824 se
1578 2793 1744 2823 honestum
1756 2816 1764 2831 ,
1781 2792 1903 2823 bonum
1928 2794 1960 2824 et
1982 2801 2132 2832 oequum,
2153 2799 2293 2832 qumque

189 2896 208 2937 §
226 2901 274 2929 50.
292 2898 404 2930 suidas
416 2907 448 2930 v.
462 2899 600 2940 *Όμηρος
614 2909 646 2940 p.
670 2903 743 2932 1097
768 2900 818 2932 ed.
834 2901 950 2932 Bernh.
969 2914 976 2932 ε
997 2901 1047 2933 Ἐν
1061 2904 1098 2942 τῇ
1119 2901 1206 2941 νήσῳ
1219 2903 1256 2940 τῇ
1271 2899 1326 2940 ’Ὶῳ
1339 2899 1508 2936 τέθαπται,
1523 2898 1631 2937 τυφλὸς
1647 2897 1682 2927 ἐκ
1695 2897 1815 2928 παίδων
1828 2897 1981 2937 γεγονώς·
1996 2896 2031 2928 τὸ
2054 2896 2086 2927 δὲ
2102 2896 2227 2936 ἀληθὲς,
2243 2896 2289 2928 ὅτι

148 2943 207 2984 οὐχ
220 2945 333 2982 ἡττήθη
348 2945 508 2985 ἐπιθυμίας
520 2970 528 2985 ,
543 2948 562 2984 ἢ
577 2947 627 2978 διὰ
641 2951 701 2978 τῶν
716 2948 879 2988 ὀφθαλμῶν
893 2948 1018 2988 ἄρχεται
1034 2948 1174 2989 (ἔρχεται
1192 2946 1298 2978 Davis.
1314 2954 1354 2977 ex
1371 2947 1444 2976 Hes.
1456 2944 1479 2982 ).
1796 2989 1803 2999 Ἰ
1876 2991 1889 2997 „
2007 2989 2014 2997 r
2070 2987 2078 2997 ,
2174 2989 2182 2996 ,

190 2990 209 3030 §
227 2994 276 3021 51.
292 2990 403 3022 suidas
418 3005 425 3021 :
443 2994 498 3022 Ιῐα
508 2993 552 3023 λοι
563 2994 610 3031 μή
621 2993 663 3031 δη
675 3005 688 3029 ς
699 3017 708 3032 ,
724 2994 883 3024 Ναυπλίου
897 2995 950 3025 καὶ
966 2994 1134 3034 Κλυμένης,
1146 2994 1274 3034 Ἀργεῖος
1284 3015 1292 3030 ,
1308 2991 1464 3027 ἐποποιός.
1479 2990 1540 3021 Ἤν
1555 2990 1586 3021 δὲ
1601 2989 1688 3024 οὗτος
1702 2989 1892 3044 ἀνεψιοςΙτου
1907 2989 2056 3044 βασιλεως
2073 2989 2290 3041 Αγαμεμνονος

147 3037 221 3077 πρὸς
239 3037 359 3077 μητρός.
382 3038 479 3078 Ἔσχε
493 3040 524 3070 δὲ
537 3040 652 3077 εὐφυῶς
666 3039 739 3079 πρός
755 3051 787 3071 τε
803 3041 982 3080 φιλοσοφίαν
997 3042 1049 3071 καὶ
1064 3041 1243 3078 ποιητικὴν,
1262 3040 1315 3070 καὶ
1334 3038 1455 3079 εὑρετὴς
1479 3037 1586 3078 γέγονε
1602 3039 1659 3091 του
1680 3038 1702 3067 Ζ
1718 3046 1946 3091 στοιχειουςκαι
1960 3045 2013 3092 του
2030 3036 2056 3090 ΙΙ,
2076 3037 2121 3071 (Θ
2140 3035 2289 3092 ξζυεῐοῑζ)

148 3084 200 3114 καὶ
223 3087 276 3114 τοῦ
299 3086 329 3115 Φ
354 3086 407 3116 καὶ
433 3089 487 3116 τοῦ
503 3088 543 3126 Χ,
558 3087 667 3127 ψήφων
680 3098 713 3118 τε
728 3089 780 3119 καὶ
794 3091 920 3119 πεσσῶν
934 3089 985 3119 καὶ
1000 3088 1103 3119 κύῧων
1116 3088 1168 3118 καὶ
1183 3087 1300 3127 μέτρων
1313 3086 1367 3116 καὶ
1386 3085 1544 3124 σταθμῶν.
1570 3083 1618 3137 To}
1633 3084 1665 3137 δε
1679 3092 1837 3123 ποιηματα
1851 3093 1945 3136 αυτου
1965 3082 2116 3136 ηφοιγισθη
2141 3092 2204 3137 υπο
2226 3092 2289 3136 των

149 3129 366 3169 Ἀγαμέμνονος
381 3130 542 3170 ἀπογόνων
559 3133 609 3163 διὰ
631 3133 816 3173 βασκανίαν.
830 3134 1059 3176 Ὑπολαμὸοἱνω
1081 3135 1113 3166 δὲ
1134 3134 1186 3165 καὶ
1202 3134 1254 3164 τὸν
1270 3132 1400 3169 ποιητὴν
1415 3130 1555 3171 ’Όμηρον
1580 3140 1655 3160 αυτο
1669 3132 1760 3159 τοῦτο
1773 3129 1975 3167 πεπονθέναι,
1992 3139 2043 3158 και
2061 3127 2211 3168 μηδεμιαν
2233 3138 2289 3158 του

148 3176 252 3215 ἀνδρὸς
266 3176 376 3207 τούτου
391 3178 510 3218 μνήμην
526 3179 728 3216 ποιήσασθαι.
1751 3221 1758 3231 ,
1829 3221 1836 3229 ,
1877 3221 1886 3231 ,
1954 3219 1961 3229 .
2098 3212 2104 3218 ·
2127 3219 2136 3229 ,
2258 3220 2267 3229 2

190 3222 209 3262 §
226 3223 425 3261 52.‘Suidas,:
443 3225 607 3265 Πίνδαρος,
623 3226 747 3264 Θηῧῶν,
766 3227 952 3258 Σκοπελίνου
971 3228 1048 3265 υἱὸς,
1063 3226 1144 3258 κατὰ
1157 3226 1190 3257 δέ
1201 3236 1283 3262 τινας
1298 3223 1489 3264 Δαϊφάντου·
1511 3222 1527 3253 ὃ
1543 3222 1596 3253 καὶ
1612 3221 1725 3275 μᾶλλον
1745 3221 1863 3276 αληθες.
1888 3222 1915 3252 Ο
1929 3220 2190 3276 γαρὶΣκοπελινου
2205 3219 2288 3273 ἐστιν

148 3268 348 3308 ἀφανέστερος
362 3270 414 3300 καὶ
430 3273 597 3311 προσγενής
613 3272 774 3312 Πινδάρου.
792 3274 876 3309 Τινὲς
890 3274 921 3304 δὲ
937 3274 989 3304 καὶ
1008 3273 1191 3314 Παγωνίδου
1206 3271 1370 3312 ἱστόρησαν
1385 3269 1488 3301 αὐτόν.
1504 3269 1648 3305 Μαθητής
1662 3268 1693 3298 δε
1707 3269 1855 3324 Μυρτιοος
1877 3278 2023 3324 γυναικος
2030 3289 2039 3305 ,
2060 3277 2194 3324 γεγονως
2207 3275 2288 3297 κατα

147 3316 203 3353 τήν
219 3315 258 3351 ξε’
273 3314 484 3356 Ὀλυμπιάδα,
498 3319 579 3349 κατὰ
599 3319 654 3356 τήν
675 3320 787 3359 Ξέρξου
807 3320 968 3360 στρατείαν
990 3321 1033 3351 ὢν
1056 3321 1131 3352 ἑτῶν
1151 3322 1192 3360 μ’.
1217 3320 1277 3350 Καὶ
1301 3318 1425 3357 ἀδελφὸς
1449 3317 1502 3357 μὲν
1521 3316 1557 3355 ἦν
1573 3316 1658 3355 αὐτῷ
1673 3315 1770 3371 ὄνομα
1795 3317 1951 3371 Ιὲρωτιων,
1970 3325 2026 3370 και
2040 3315 2286 3368 υιοςὶΔιοφαντος
2305 3353 2307 3355 ¹

149 3362 189 3401 (1.
208 3361 408 3402 Δαίφαντος)·
427 3364 585 3404 θυγατέρες
604 3366 636 3396 δὲ
654 3366 785 3406 Εὔμητις
799 3367 850 3397 καὶ
873 3366 1084 3407 Πρωτομάχη.
1104 3367 1164 3398 Καὶ
1179 3365 1292 3401 συνέὸη
1306 3365 1390 3405 αὐτῷ
1403 3366 1457 3394 τοῦ
1475 3362 1542 3403 βίου
1559 3362 1681 3399 τελευτὴ
1702 3372 1760 3392 κατ
1785 3371 1875 3400 ευχας
1887 3369 1894 3377 ·
1911 3371 2071 3398 αιτησαντι
2086 3370 2145 3400 γαρ
2157 3359 2193 3391 τὸ
2208 3359 2284 3390 καλ·

150 3408 253 3440 λιστον
269 3410 331 3441 etc.
355 3410 390 3441 ut
407 3418 457 3451 ap.
475 3412 637 3444 Nostrum.
656 3413 731 3444 Post
745 3421 776 3443 v.
792 3412 906 3451 γόνατα
921 3412 1032 3445 Suidas
1050 3412 1137 3445 addit
1153 3425 1160 3445 :
1178 3413 1253 3444 ἐτῶν
1266 3411 1318 3444 νε’.
1338 3411 1488 3451 Sequitur
1504 3409 1693 3449 scriptorum
1704 3408 1880 3447 catalogus.
