2326 3724
108 202 179 235 148

101 282 275 334 διαφόροις
292 282 485 334 ἐχρήσαντο
498 283 622 333 λόγοις,
642 286 742 333 ἡμεῖς
756 285 792 322 δὲ
805 286 952 332 πιθανὴν
968 286 1030 333 τὴν
1044 290 1139 326 ἱστο-

79 338 82 342 '
101 341 176 393 ρίαν
195 343 263 384 τοῖς
281 341 501 393 ἐντυγχάνειν
521 342 676 379 ἐθέλουσι
691 346 918 395 παραστῆσαι
938 346 1139 396 βουλόμενοι

100 401 139 436 ἐκ
157 402 219 445 τῆς
240 399 378 450 Ἰνάχου
408 399 573 452 θυγατρὸς
594 399 682 444 Ἰοῦς
709 399 771 447 τὴν
797 400 907 453 ἀρχὴν
936 404 1139 455 προσφόρως

98 457 301 508 ποιούμεθα.
325 458 465 510 Ἰνάχου
485 458 552 509 γὰρ
572 462 630 496 τοῦ
653 459 812 510 Ἀργείων
834 460 1004 512 βασιλέως
1022 461 1138 512 γέγονε

22 528 24 530 ’
51 562 54 565 ¹
98 516 251 568 θυγάτηρ
277 515 348 556 Ἰώ.
369 516 507 564 Ταύτης
527 516 614 568 [δὲ]
646 533 665 553 τ
682 534 707 563 ,ν
735 517 922 569 παρθενίαν
949 519 1136 571 ἐφύλαττεν

97 571 238 627 Ἄργος,
258 574 294 613 ὃν
313 575 561 625 πολυόμματον
580 574 750 626 λέγουσιν.
767 575 869 614 Ἐπεὶ
890 576 925 614 δὲ
946 576 1031 620 Ζεὺς
1051 579 1135 628 ἐρα-

97 632 187 676 σθεὶς
199 635 259 679 τῆς
272 632 377 684 κόρης
392 633 502 670 πείθει
518 632 576 670 τὸν
591 631 728 684 Ἑρμῆν
746 634 973 686 δολοφονῆσαι
989 635 1046 672 τὸν
1061 632 1098 673 Ἄ
1107 652 1138 687 ρ·

95 705 167 741 γον,
196 690 355 737 λυθείσης
377 692 464 741 αὐτῇ
482 693 543 737 τῆς
559 690 763 743 πἀρθενίας,
783 693 829 734 εἷς
851 694 932 742 βοῦν
954 693 1137 741 μεταὸάλ-

95 752 206 786 λεται.
244 750 285 799 (7)
302 747 401 800 ‘'Hpot
419 747 454 787 δὲ
467 749 661 799 χολωθεῖσα
677 748 734 785 ε’πὶ
747 751 796 800 τῷ
812 749 987 802 γενομένῳ
1003 745 1135 802 οἶστρον

95 806 284 857 ἐπιπέμπει
305 810 348 858 τῇ
367 807 539 856 δαμάλει,
564 806 621 844 καὶ
645 805 700 843 διὰ
729 806 845 853 πάσης
863 807 971 853 αὐτὴν
1001 807 1136 846 ἐλαύνει

96 865 202 917 [τῆς]
222 865 325 917 ξηρᾶς
338 880 375 902 τε
389 864 447 902 καὶ
459 868 575 916 ὑγρᾶς.
600 863 642 915 (8)
659 864 804 910 Ἐπειδὴ
821 864 855 902 δὲ
869 865 954 918 πρὸς
967 865 1028 912 τὴν
1041 871 1138 918 Θρᾳ-

95 925 163 959 κῶν
185 923 326 974 ἀφίκετο
345 922 476 974 χώραν,
506 923 614 972 ὄνομα
633 922 694 971 μὲν
717 924 765 973 τῷ
784 922 880 975 τόπῳ
904 924 1134 963 καταλέλοιπε

91 980 286 1032 Βόσπορον,
310 980 396 1026 αὐτὴ
418 981 453 1018 δὲ
473 980 556 1032 πρὸς
576 979 613 1017 τὸ
629 979 842 1029 καλούμενον
862 981 974 1034 Κέρας
989 983 1134 1020 ἐπανελ·

92 1041 218 1085 θοῦσα,
232 1039 308 1076 καθ’
326 1038 343 1076 ὃ
364 1037 518 1090 Κύδαρός
534 1053 570 1076 τε
587 1038 646 1075 καὶ
664 1037 850 1089 Βαρῧύσης
867 1039 1134 1091 συμμίσγονται,

91 1102 160 1139 τοῖς
181 1098 368 1134 ἐνοικοῦσιν
388 1095 664 1148 προθεσπίζουσα
693 1095 735 1133 τὰ
765 1096 930 1146 ἐσόμενα,
956 1101 1052 1150 παρὰ
1076 1100 1134 1138 τὸν

92 1154 297 1206 Σεμέστρης
315 1154 432 1205 βωμὸν
454 1152 514 1199 τὴν
529 1151 718 1204 λεγομένην
739 1154 937 1203 Κερόεσσαν
956 1157 1133 1204 ἀπεκύησε

90 1211 212 1264 κόρην,
235 1213 270 1256 ἐξ
293 1208 334 1259 ἧς
353 1211 412 1250 καὶ
430 1212 546 1264 Κέρας
565 1214 582 1249 ὁ
602 1211 704 1255 τόπος
723 1212 940 1263 ὠνόμασται.
960 1214 1078 1254 Ἄλλοι
1099 1215 1134 1254 δὲ

91 1271 224 1319 μᾶλλον
242 1274 285 1322 τῆ
303 1270 393 1311 θέσει
409 1274 468 1308 τοῦ
488 1269 619 1322 χωρίου
639 1269 790 1320 τοῦνομα
812 1273 1056 1324 προστιθέασιν
1069 1287 1077 1295 ·
1102 1276 1132 1313 οἱ

89 1327 124 1365 δὲ
144 1331 186 1380 τῇ
205 1331 274 1366 τῶν
291 1331 435 1380 καρπῶν
450 1327 593 1380 εὐπορίᾳ
610 1328 648 1366 τὸ
667 1331 727 1374 τῆς
747 1328 951 1380 Ἀμαλθείας
969 1332 1063 1382 αἰγὸς
1077 1332 1134 1370 κε’-

92 1401 151 1438 ρας
180 1386 508 1439 προσαγορεύουσιν.
566 1386 605 1439 (9)
628 1386 673 1425 ‘H
694 1387 806 1425 τοίνυν
830 1390 1009 1440 Κερόεσσα
1037 1389 1133 1443 παρὰ

87 1447 130 1496 τῇ
160 1445 344 1497 Σεμέστρῃ
374 1445 492 1497 νύμφῃ
519 1450 688 1498 τραφεῖσα
714 1445 774 1483 καὶ
799 1446 986 1500 παραδόξῳ
1017 1453 1132 1501 μορφῇ

86 1504 367 1555 λαμπρυνθεῖσα,
384 1503 472 1541 πολὺ
494 1503 554 1546 τὰς
573 1503 755 1555 Θρᾳκικὰς
782 1505 974 1557 ὑπερέὸαλε
991 1507 1131 1559 rempha-5

86 1576 179 1608 νους,
207 1563 257 1614 τῷ
285 1578 320 1599 τε
354 1561 530 1614 θαλαττίῳ
559 1562 698 1611 μιγεῖσα
721 1563 913 1600 Ποσειδῶνι
937 1564 1046 1602 τίκτει
1073 1565 1129 1603 τὸν

86 1618 302 1669 καλούμενον
332 1619 513 1666 Βύζαντα,
542 1619 694 1669 τοῦνομα
717 1623 817 1658 τοῦτο
836 1620 991 1659 λαῧόντα
1012 1624 1050 1660 ἐκ
1069 1626 1131 1669 τῆς

86 1677 263 1729 θρεψάσης
280 1678 382 1716 αὐτὸν
403 1676 494 1715 κατὰ
513 1677 574 1724 τὴν
594 1676 739 1736 Θράκην
759 1678 895 1731 νύμφης
914 1680 1060 1730 Βυζίης,
1090 1677 1130 1728 ἧς

85 1735 191 1787 μέχρι
206 1735 266 1773 καὶ
281 1739 340 1773 νῦν
354 1737 384 1773 οἱ
403 1737 541 1773 πολῖται
556 1737 623 1773 τῶν
642 1735 775 1772 ὑδάτων
792 1737 967 1788 ἀρύονται.
987 1740 1047 1789 (¹0)
1065 1739 1129 1783 Ὡς

84 1788 142 1830 οῧν
167 1793 224 1831 ἐπὶ
249 1793 311 1840 τὴν
330 1793 445 1844 ἀκμὴν
463 1797 524 1840 τῆς
549 1793 686 1841 ἡλικίας
703 1797 720 1832 ὁ
743 1794 816 1838 νέος
834 1795 1018 1847 προέὸαινε
1031 1828 1041 1846 ,
1068 1798 1128 1836 καὶ

83 1858 152 1894 τοῖς
171 1853 339 1904 Θρᾳκίοις
356 1851 565 1904 ’ἐνδιέτριὸεν
586 1851 699 1904 ὄρεσι,
715 1852 859 1906 φοὸερὸς
877 1854 962 1906 πρὸς
978 1855 1054 1899 τοὺς
1068 1860 1126 1903 θῆ-

86 1924 145 1960 ρας
165 1908 224 1947 καὶ
244 1909 321 1954 τοὺς
343 1909 540 1963 βαρὸάρους
560 1910 966 1963 φερόμενος,πρεσ6είας
983 1914 1048 1951 ὑπὸ
1059 1917 1125 1952 τῶν

81 1968 350 2020 τοπαρχούντων
367 1968 524 2022 ἐδέχετο,
543 1969 729 2022 σύμμαχος
747 1971 861 2014 αὐτοῖς
881 1965 967 2009 εἶναι
991 1973 1050 2010 καὶ
1070 1974 1125 2025 φί-

80 2029 137 2070 λος
167 2027 455 2080 προτρεπόμενος.
514 2030 572 2079 (11)
602 2029 668 2073 ‘sse
694 2025 751 2068 οὖν
780 2029 840 2067 καὶ
862 2031 996 2075 Μελίας
1024 2034 1125 2071 αὐτὸν

81 2088 98 2122 ὁ
118 2089 183 2124 τῶν
198 2087 350 2139 Θρᾳκῶν
373 2085 534 2137 βασιλεὺς
550 2087 608 2124 ἐπὶ
628 2087 685 2125 τὸν
702 2091 760 2125 τοῦ
779 2088 880 2136 θηρὸς
899 2083 1002 2127 ἆθλον
1023 2106 1124 2140 μετε-

81 2144 246 2197 πέμψατο
258 2175 267 2193 ,
281 2144 340 2182 καὶ
354 2144 415 2189 τὰς
435 2143 468 2189 ἐξ
487 2146 593 2183 αὐτοῦ
610 2144 707 2189 δόξας
723 2148 741 2184 ὁ
756 2145 869 2190 Βύζας
887 2146 1123 2198 ἀπηνέγκατο,

79 2203 137 2240 τὸν
166 2203 384 2253 ὑποταγέντα
406 2207 531 2255 ταῦρον
556 2206 599 2255 τῇ
620 2205 795 2257 ἱερουργία
827 2205 1032 2258 προσφέρων
1064 2208 1123 2245 καὶ

80 2259 159 2303 τοὺς
177 2261 360 2312 πατρῴους
379 2260 642 2311 ἐξιλασκόμενος
663 2261 848 2312 δαίμονας,
869 2264 961 2302 κατὰ
977 2264 1039 2310 τὴν
1055 2268 1123 2303 τῶν

79 2318 270 2370 εἰρημένων
288 2321 454 2369 ποταμῶν
471 2318 649 2370 σύμμιξιν,
668 2320 765 2364 ἀετὸς
781 2322 912 2373 ἀθρόως
928 2323 1043 2374 φανεὶς
1059 2323 1121 2370 τὴν

78 2376 222 2427 καρδίαν
236 2377 438 2429 (ὑφαρπάζει
461 2381 520 2415 τοῦ
543 2377 711 2428 θύματος,
732 2378 791 2415 καὶ
811 2378 902 2417 κατὰ
928 2380 989 2426 τὴν
1012 2380 1121 2433 ἄκραν

77 2437 139 2480 τῆς
154 2435 350 2486 Βοσπορίας
373 2437 479 2482 ἀκτῆς
505 2435 666 2479 ἄποπτὰς
691 2436 774 2483 ἔστη
801 2437 940 2490 ἀντικρὺ
969 2441 1030 2486 τῆς
1054 2456 1121 2477 κα-

77 2491 245 2540 λουμένης
276 2494 547 2544 Χρυσοπόλεως·
577 2494 619 2540 ἣν
642 2494 782 2546 Χρύσης
810 2498 827 2532 ὃ
853 2497 934 2539 παῖς
961 2501 999 2535 ἐκ
1028 2499 1120 2549 Χρυ-

78 2547 193 2596 σηίδος
206 2551 353 2602 γεγονὼς
370 2551 640 2601 Ἀγαμέμνονος,
659 2552 792 2604 φεύγων
809 2553 870 2600 τὴν
894 2555 1120 2604 Κλυταιμνή-

78 2622 183 2658 στρας
211 2609 396 2655 ἕπιὸουλὴν
418 2610 506 2660 μετὰ
527 2610 588 2656 τὴν
610 2614 668 2648 τοῦ
689 2611 820 2663 πατρὸς
849 2612 1037 2664 ἀναίρεσιν,
1058 2613 1117 2652 καὶ

76 2668 164 2721 πρὸς
179 2666 241 2712 τὴν
262 2670 323 2714 τῆς
343 2667 542 2720 Ἰφιγενείας
562 2668 705 2715 ζήτησιν
726 2669 968 2720 ἐπειγόμενος,
995 2674 1116 2721 μνῆμα

76 2727 137 2770 τῆς
154 2726 276 2762 ἑαυτοῦ
289 2729 399 2778 ταφῆς
413 2732 484 2770 τοῖς
503 2726 682 2780 ἐγχωρίοις
702 2727 917 2778 κατέλειπεν,
937 2730 1117 2780 φθασάσης

77 2781 178 2840 αι’)τὸν
199 2784 318 2834 [ἐκεῖ]
341 2787 401 2830 τῆς
420 2789 479 2823 τοῦ
504 2785 579 2837 βίου
599 2789 853 2839 καταστροφῆς.
913 2787 971 2837 (¹2)
991 2787 1034 2826 ‘O
1053 2788 1114 2837 μὲν

74 2843 132 2876 οὐν
145 2841 257 2885 Βύζας
267 2841 357 2879 κατὰ
370 2842 432 2889 τὴν
446 2843 557 2895 ἄκραν
572 2846 631 2890 τῆς
644 2844 838 2896 Βοσπορίας
854 2844 936 2888 ἁλὸς
951 2844 1112 2898 διέγραψε

75 2897 188 2938 πόλιν.
209 2900 422 2944 Ποσειδῶνος
437 2900 473 2939 δὲ
490 2901 549 2939 καὶ
563 2902 793 2950 Ἀπόλλωνος,
807 2901 853 2946 ὥς
867 2918 970 2956 φασι,
988 2919 1108 2955 συνερ-

944 200 971 237 H
980 200 1177 240 ESYCHH
1206 203 1395 246 MILESII

1202 307 1278 330 vero
1290 299 1393 332 simile
1411 301 1477 340 est,
1492 303 1827 346 commemorabimus,
1853 306 1895 338 ab
1907 308 1942 339 Io
1952 332 1961 348 ‚
1978 307 2086 340 Inachi
2101 308 2164 341 tilia
2178 333 2186 348 ,
2205 310 2242 342 nt

1201 390 1257 422 par
1269 383 1329 422 aet,
1343 381 1494 414 facientes
1506 382 1644 416 initium.
1660 385 1765 417 Inachi
1777 387 1861 418 enim
1876 388 2065 428 Argivorum
2082 391 2163 430 regis
2176 390 2242 422 tilia

1201 462 1236 492 Io
1248 460 1306 492 fuit
1325 470 1333 492 :
1349 460 1444 500 hujus
1457 461 1631 502 vlrginitati
1645 466 1764 504 Argus,
1783 473 1880 504 quem
1897 435 2111 498 multoculum
2130 469 2243 508 appel-

1199 539 1284 577 lant,
1310 539 1419 571 custos
1440 539 1615 580 appositus.
1660 542 1834 582 Postquam
1859 551 1935 575 vero
1962 544 2111 585 Juppiter
2129 545 2243 585 puellm

1198 630 1309 653 amore
1324 622 1436 662 eaptus
1445 621 1603 654 Mercurio
1616 623 1728 655 auctor
1741 623 1801 655 suit
1812 649 1821 664 ,
1837 627 1874 656 ut
1892 625 1966 657 dolo
1983 627 2101 666 Argum
2117 625 2243 658 occide·

1199 705 1264 743 ret,
1288 704 1459 736 imminuta
1492 704 1675 745 virginitate
1696 714 1715 737 a
1741 707 1823 738 Jove
1846 706 1879 738 in
1903 706 2058 738 buculam
2085 708 2241 740 mutatur.

1199 786 1243 826 (7)
1254 789 1338 818 Irata
1347 795 1424 819 vero
1437 786 1525 819 Jovis
1542 787 1626 819 facto
1635 789 1719 819 Juno
1733 789 1865 820 oestrum
1883 789 1926 820 illi
1937 789 2100 828 immittit,
2116 790 2244 830 agitque

1198 878 1253 910 per
1268 842 1379 902 omnes
1394 870 1495 902 terras
1508 870 1694 910 tractusque
1707 870 1814 902 maris.
1831 871 1876 910 (s)
1892 872 1932 903 At
1948 871 2003 902 ubi
2017 871 2185 903 Thraciam
2195 873 2244 904 at-

1197 951 1284 991 tigit,
1303 953 1477 992 Bosporum
1497 952 1568 983 loco
1585 961 1701 984 nomen
1718 940 1868 992 relicuit;
1889 953 1922 984 et
1947 953 1986 984 ad
2013 955 2128 993 Ceras,
2154 953 2242 994 quod

1196 1034 1386 1074 appellatur,
1403 1035 1550 1072 veniens,
1566 1034 1605 1066 ad
1619 1034 1737 1075 cydari
1750 1035 1782 1066 et
1796 1035 1944 1075 Barbysae
1958 1035 2168 1076 confluentes,
2186 1036 2242 1068 ubi

1197 1117 1304 1147 futura
1322 1115 1434 1147 ineolis
1450 1115 1616 1156 praedixit,
1630 1115 1670 1147 ad
1683 1117 1852 1148 semestra
1874 1125 1963 1148 aram
1985 1118 2170 1149 Ceroessam
2186 1126 2242 1158 pe-

1196 1198 1288 1238 perit,
1303 1207 1322 1230 a
1331 1207 1394 1238 qua
1406 1198 1497 1230 locus
1510 1198 1563 1230 ille
1576 1199 1674 1230 Ceras
1683 1199 1878 1240 appellatur.
1887 1200 1948 1232 Alii
1962 1199 2100 1232 nominis
2112 1209 2240 1232 causam

1194 1279 1232 1311 ad
1247 1280 1343 1312 situm
1355 1280 1415 1312 loci
1427 1280 1532 1321 potius
1546 1281 1702 1321 reserunt3
1714 1281 1766 1312 alii
1778 1281 1820 1313 ob
1834 1281 1998 1314 fructuum
2011 1263 2240 1314 abundantiam

1195 1363 1368 1394 Amaltheae
1385 1371 1491 1403 caprae
1510 1371 1609 1394 cornu
1635 1364 1805 1404 appellant.
1825 1363 1868 1404 (9)
1887 1365 1963 1396 naec
1978 1366 2130 1396 cercessa
2153 1364 2240 1405 apud

1194 1447 1361 1477 Semestrae
1369 1454 1458 1477 aram
1468 1445 1616 1485 educata,
1625 1455 1727 1486 quum
1739 1446 1839 1478 forma
1849 1447 2030 1486 excelleret,
2045 1447 2078 1479 et
2087 1447 2241 1479 Thracias

1192 1529 1329 1568 virgines
1346 1528 1482 1568 reliquas
1494 1529 1587 1568 longe
1609 1530 1792 1569 superaret,
1807 1538 1825 1560 a
1841 1531 1989 1569 Neptuno
2009 1530 2133 1562 marino
2147 1539 2238 1571 com-

1191 1619 1297 1650 pressa
1315 1611 1486 1650 Byzantem
1508 1611 1646 1651 peperit,
1663 1611 1706 1642 ita
1731 1611 1958 1651 appellatuma
1979 1611 2104 1644 nutrice
2129 1611 2237 1652 Byzia,

1190 1693 1348 1734 nympha,
1368 1701 1442 1733 qum
1463 1693 1554 1725 illum
1571 1694 1601 1725 in
1627 1694 1763 1725 Thracia
1779 1695 1992 1733 enutriverat;
2008 1695 2102 1735 cujus
2125 1695 2238 1726 etiam·

1189 1783 1267 1806 num
1285 1783 1384 1815 aquas
1402 1774 1553 1805 hauriunt
1571 1774 1664 1805 cives.
1680 1773 1744 1812 (10)
1761 1776 1870 1811 Quum
1895 1773 1991 1812 igitur
2003 1774 2108 1805 aetatis
2124 1774 2236 1805 florem

1186 1857 1313 1896 iuvenis
1325 1857 1377 1888 hic
1395 1856 1565 1895 attigisset,
1580 1856 1678 1896 atque
1697 1855 1728 1886 in
1750 1854 1894 1887 Thraciae
1908 1855 2071 1887 montibus
2093 1865 2234 1888 versare-

1187 1938 1252 1978 tur,
1272 1937 1345 1969 l'eris
1362 1937 1480 1978 pariter
1490 1937 1698 1977 barbarisque
1711 1937 1914 1976 metuendus,
1930 1946 1986 1977 per
2004 1937 2123 1977 legatos
2138 1945 2156 1968 a
2171 1938 2234 1969 loct

1186 2019 1323 2052 dominis
1336 2019 1375 2051 ad
1389 2019 1561 2050 amicitiam
1578 2018 1828 2058 societatemque
1842 2018 2008 2050 invitatur.
2022 2018 2048 2059 (l
2060 2019 2087 2070 ι)
2105 2020 2233 2056 Quum-
2281 2030 2284 2034 ·

1186 2111 1249 2143 que
1258 2102 1355 2134 etiam
1367 2101 1478 2134 Melias
1493 2101 1638 2134 Thraciae
1649 2110 1704 2132 rex
1716 2101 1755 2132 ad
1767 2101 1843 2133 serae
1858 2101 2021 2133 certamen
2033 2101 2232 2141 advocasset,

1185 2187 1216 2217 et
1231 2184 1398 2216 victoriam
1418 2193 1491 2216 cum
1514 2185 1615 2224 gloria
1637 2183 1834 2224 deportasset
1860 2185 1982 2223 Byzas,
2005 2182 2233 2224 devictumque

1183 2267 1311 2298 taurum
1322 2265 1381 2296 diis
1391 2264 1503 2306 patriis
1514 2264 1644 2296 offerret
1657 2263 1697 2295 ad
1711 2264 1825 2304 cydari
1837 2265 1868 2295 et
1880 2264 2043 2304 Barbysoe,
2054 2273 2136 2304 quos
2150 2263 2230 2302 dixi,

1183 2346 1393 2386 confluentes,
1416 2353 1570 2386 apparens
1597 2343 1769 2384 derepente
1796 2343 1903 2384 aquila
1913 2367 1922 2383 ,
1946 2343 2080 2384 abrepto
2115 2343 2229 2375 hostire

1182 2426 1277 2458 corde
1287 2451 1296 2466 ‚
1311 2425 1350 2457 ad
1363 2426 1545 2457 extremum
1563 2425 1691 2464 Bospori
1704 2423 1780 2455 litus
1793 2423 1940 2462 avolans,
1956 2422 2099 2455 substitit
2111 2431 2153 2454 ex
2173 2422 2227 2454 ad·

1180 2512 1272 2535 verso
1290 2503 1522 2544 chrysopoleos
1532 2527 1540 2542 ‚
1556 2497 1656 2543 quam'
1666 2501 1910 2542 Agamemnonis
1923 2509 1941 2533 e
1953 2500 2126 2542 Chryseide
2142 2499 2228 2533 filius

1180 2586 1315 2626 Chryses
1328 2608 1336 2624 ,
1350 2586 1421 2625 post
1432 2593 1543 2616 necem
1558 2583 1657 2625 patris
1673 2583 1928 2624 Clytaemnestrae
1942 2582 2070 2614 insidias
2083 2582 2205 2623 fugiens
2214 2605 2224 2621 ,

1177 2669 1209 2699 et
1219 2666 1390 2707 Iphigeniae
1402 2665 1584 2706 quaerendae
1594 2665 1746 2704 intentus,
1761 2665 1898 2705 sepulcri
1911 2663 1961 2696 sui
1977 2665 2223 2696 monumentum

1177 2747 1330 2788 indigenis
1343 2747 1490 2787 reliquit,
1505 2756 1604 2787 quum
1618 2755 1704 2778 mors
1718 2746 1780 2778 illic
1791 2755 1865 2778 eum
1877 2745 2074 2786 occupasset.
2089 2745 2102 2785 (
2109 2749 2116 2777 Ι
2125 2745 2154 2786 2)
2166 2746 2222 2778 Ce-

1175 2830 1280 2860 terum
1299 2829 1400 2868 Byzas
1417 2827 1449 2859 in
1464 2826 1667 2859 extremitate
1680 2827 1823 2866 Bosporii
1839 2826 1937 2858 maris
1953 2826 2065 2858 urbem
2081 2825 2217 2865 designa·

1176 2909 1234 2949 vit,
1245 2910 1276 2941 et
1293 2909 1441 2949 Neptuno
1457 2916 1495 2939 ac
1507 2907 1666 2948 Apolline,
1677 2907 1712 2938 ut
1727 2907 1840 2946 fertur,
1851 2906 2091 2946 adiuvantibus,
2102 2906 2220 2936 moenia

73 3005 179 3036 addidi
192 3014 210 3037 e
224 3007 357 3039 codIno.
372 3026 414 3031 -·
428 3010 492 3040 λυθ
502 3010 587 3046 είση
598 3010 632 3051 ς]
647 3019 664 3041 e
681 3011 814 3050 Codin.;
831 3011 972 3049 λυθείσης
985 3012 1012 3043 δ’
1031 3012 1131 3044 codex
1149 3012 1285 3052 Hesych.
1297 3029 1337 3034 -
1351 3022 1447 3052 μετα
1458 3009 1662 3050 ῧάλλεται]
1678 3010 1881 3050 μετετράπετο
1895 3008 2009 3040 Codin.
2021 3006 2093 3047 -—§
2110 3011 2141 3040 7.
2164 3007 2215 3038 ἐπὶ

72 3055 117 3092 τῷ
136 3051 217 3091 γεν.]
235 3055 279 3092 τῷ
294 3064 357 3092 γεν.
376 3055 487 3086 Codin.
502 3073 540 3078 —
557 3056 777 3097 αὐτὴν]οιη.
794 3059 818 3088 C
831 3057 905 3088 ullu.
920 3082 929 3097 ‚
947 3067 987 3089 ex
1010 3066 1074 3097 quo
1096 3058 1202 3089 addidi
1221 3067 1250 3089 v.
1272 3062 1336 3096 τῆς.
1353 3056 1425 3097 -§
1442 3061 1472 3089 8.
1491 3057 1627 3094 ἐπειδὴ
1644 3056 1703 3097 δὲ]
1719 3057 1782 3087 ἐπεὶ
1797 3056 1828 3086 δὲ
1846 3055 1958 3086 Codin.
1979 3054 2217 3084 -καταλέ-

26 3104 28 3106 ·
72 3097 212 3138 λοιπε]
227 3100 370 3131 κατέλιπε
390 3101 503 3132 Codin.
519 3119 559 3126 —-·
573 3103 914 3144 προθεσπίζουσα]
928 3113 946 3136 e
959 3104 1101 3143 Codino;
1118 3104 1369 3146 προθεσπίζοντες
1383 3104 1571 3144 Hesychius.
1592 3103 1697 3134 Verba
1710 3103 1793 3143 παρὰ
1805 3103 1858 3133 τὸν
1873 3104 1906 3133 Σ.
1923 3103 1953 3141 β.
1969 3110 2034 3132 om.
2053 3099 2214 3131 Codin.-

73 3144 237 3185 μᾶλλον]
251 3145 385 3186 μάλιστα
399 3148 509 3179 Codin.
522 3168 562 3175 —
576 3149 761 3191 εὐπορίᾳ]
775 3150 900 3192 εὐφορίᾳ
914 3150 1029 3182 Codin.
1041 3149 1107 3191 -§
1118 3154 1150 3184 9.
1161 3150 1264 3191 παρὰ
1277 3154 1319 3190 τῇ
1334 3151 1366 3181 Σ.
1380 3161 1406 3180 ν.
1419 3148 1431 3190 ]
1444 3158 1508 3180 om.
1522 3148 1636 3180 Codin.
1647 3167 1687 3175 -
1701 3149 1875 3189 τοῦνομα
1891 3145 2029 3186 τοῦτο]
2041 3149 2132 3176 τοῦτο
2146 3154 2212 3178 011).

72 3190 185 3222 Codin.
200 3209 241 3213 —
256 3192 415 3234 Βυζίης]
438 3203 455 3225 e
477 3195 620 3234 Codin0;
643 3196 758 3232 Βυζυης
776 3196 879 3227 codex
901 3196 1060 3236 Hesychii.
1083 3197 1176 3228 Innui
1192 3196 1365 3236 Borbysem
1383 3195 1535 3235 fluvium,
1558 3196 1614 3235 qui
1637 3195 1713 3226 item
1731 3197 1903 3235 Byzantem
1919 3194 2071 3226 educasse
2083 3191 2213 3230 dicitur,

70 3236 219 3275 opinatur
235 3238 423 3270 Lambecius
435 3239 476 3270 ad
486 3241 657 3273 Codinum.
672 3241 743 3281 -ς
760 3245 807 3272 10.
825 3253 842 3272 τ
852 3243 870 3280 ἡ
881 3254 896 3273 ν
913 3243 932 3273 ἀ
943 3254 963 3273 κ
974 3244 1024 3283 μὴ
1034 3255 1050 3285 ν
1062 3243 1074 3284 ]
1087 3246 1140 3281 τῆς
1154 3243 1253 3284 ἀκμῆς
1266 3243 1382 3276 Codin.
1396 3262 1437 3270 -—
1450 3254 1473 3274 π
1483 3240 1684 3284 ροέὸαινε]
1697 3242 1799 3273 ἔδαινε
1813 3243 1926 3275 Codin.
1942 3258 1983 3263 ——
1996 3239 2068 3271 ὑπὸ
2084 3250 2112 3269 τ.
2127 3249 2211 3270 τοπ.

69 3283 247 3324 ἐδέχετο]
261 3285 382 3326 ἐδέχετο
392 3287 453 3318 ὑπὸ
463 3291 524 3318 τῶν
538 3289 685 3319 τοιούτων
700 3288 812 3320 Codin.
825 3287 897 3328 -§
911 3293 959 3320 11.
978 3289 1158 3325 ἀποπτάς
1174 3290 1268 3327 ἐστη
1280 3289 1292 3330 ]
1306 3299 1323 3321 e
1334 3289 1457 3321 Codino
1470 3288 1595 3319 addidit
1608 3288 1774 3319 Meursius.
1789 3309 1825 3314 —
1837 3289 1958 3320 καλου
1968 3287 2082 3327 μένης
2094 3283 2212 3325 Χρυσ.]

68 3330 138 3360 καλ.
165 3339 230 3362 om.
249 3331 362 3364 Codin.
381 3352 420 3358 —
434 3333 664 3376 Ἀγαμέμν.]
683 3336 734 3366 καὶ
752 3335 814 3374 Ἁγ.
834 3335 947 3367 Codin.
963 3337 1078 3374 -τὴν
1102 3338 1166 3368 Κλ.
1179 3336 1190 3377 J
1212 3341 1266 3375 τῆς
1281 3338 1336 3368 Κλ.
1352 3336 1463 3368 Codin.
1478 3355 1518 3362 -
1530 3338 1610 3371 τοῖς
1623 3335 1759 3376 ἐγχωρ.
1771 3335 1782 3376 ]
1796 3338 1858 3372 τοῖς
1872 3336 1939 3375 ἐγχ.
1957 3334 1992 3364 τὸ
2006 3333 2104 3372 ὄνομα
2116 3334 2209 3362 τοῦτο

69 3377 211 3407 κατέλιπε
224 3377 339 3410 Codin.
354 3399 394 3406 -
413 3381 523 3422 ἐκεῖ]
539 3382 646 3414 addidi
662 3391 680 3415 e
697 3382 830 3415 Codiuo.
844 3379 915 3420 -ἓ
938 3386 983 3413 12.
1003 3383 1186 3415 ἀνοικοδο
1197 3383 1280 3424 μεῖ]
1297 3382 1487 3424 ἀνῳκοδόμει
1506 3381 1621 3414 Codin.
