<?xml version="1.0" encoding="UTF-8"?>
<!DOCTYPE html PUBLIC "-//W3C//DTD XHTML 1.0 Transitional//EN"
    "http://www.w3.org/TR/xhtml1/DTD/xhtml1-transitional.dtd">
<html xmlns="http://www.w3.org/1999/xhtml" xml:lang="en" lang="en">
 <head>
  <title>
</title>
<meta http-equiv="Content-Type" content="text/html;charset=utf-8" />
  <meta name='ocr-system' content='tesseract 3.04.00' />
  <meta name='ocr-capabilities' content='ocr_page ocr_carea ocr_par ocr_line ocrx_word'/>
</head>
<body>
  <div class='ocr_page' id='page_1' title='image "./fragmentahistori04mueluoft_0189.png"; bbox 0 0 2326 3724; ppageno 0'>
   <div class='ocr_carea' id='block_1_1' title="bbox 956 158 1289 198">
    <p class='ocr_par' dir='ltr' id='par_1_1' title="bbox 956 158 1289 198">
     <span class='ocr_line' id='line_1_1' title="bbox 956 158 1289 198; baseline 0.003 -1"><span class='ocrx_word' id='word_1_1' title='bbox 956 158 1289 198; x_wconf 80' lang='lat' dir='ltr'><strong>FRAGMENTA.</strong></span> 
     </span>
    </p>
   </div>
   <div class='ocr_carea' id='block_1_2' title="bbox 64 242 1106 414">
    <p class='ocr_par' dir='ltr' id='par_1_2' title="bbox 64 242 1106 414">
     <span class='ocr_line' id='line_1_2' title="bbox 118 242 1100 298; baseline -0.008 -10"><span class='ocrx_word' id='word_1_2' title='bbox 118 263 167 290; x_wconf 82' lang='lat'><strong>70.</strong></span> <span class='ocrx_word' id='word_1_3' title='bbox 200 247 417 298; x_wconf 82' lang='grc' dir='ltr'>Φιλήμων</span> <span class='ocrx_word' id='word_1_4' title='bbox 446 249 464 284; x_wconf 86' lang='grc' dir='ltr'>ὃ</span> <span class='ocrx_word' id='word_1_5' title='bbox 493 243 730 297; x_wconf 80' lang='grc' dir='ltr'>Συρακούσιος</span> <span class='ocrx_word' id='word_1_6' title='bbox 746 242 813 281; x_wconf 78' lang='grc' dir='ltr'><strong>ὑπὸ</strong></span> <span class='ocrx_word' id='word_1_7' title='bbox 838 243 984 296; x_wconf 80' lang='grc' dir='ltr'>σφοδροῦ</span> <span class='ocrx_word' id='word_1_8' title='bbox 997 242 1100 294; x_wconf 86' lang='grc' dir='ltr'>γέλω-</span> 
     </span>
     <span class='ocr_line' id='line_1_3' title="bbox 64 299 1106 355; baseline -0.008 -8"><span class='ocrx_word' id='word_1_9' title='bbox 64 324 119 352; x_wconf 80' lang='grc' dir='ltr'><strong>τος</strong></span> <span class='ocrx_word' id='word_1_10' title='bbox 137 306 372 355; x_wconf 76' lang='grc' dir='ltr'>ἐτελεύτησεν,</span> <span class='ocrx_word' id='word_1_11' title='bbox 394 306 439 348; x_wconf 86' lang='grc' dir='ltr'><strong>ὡς</strong></span> <span class='ocrx_word' id='word_1_12' title='bbox 461 302 502 349; x_wconf 80' lang='grc' dir='ltr'><strong>δὴ</strong></span> <span class='ocrx_word' id='word_1_13' title='bbox 522 302 581 342; x_wconf 76' lang='grc' dir='ltr'>καὶ</span> <span class='ocrx_word' id='word_1_14' title='bbox 595 301 789 342; x_wconf 86' lang='grc' dir='ltr'>Φιλιστίων</span> <span class='ocrx_word' id='word_1_15' title='bbox 818 304 835 340; x_wconf 82' lang='grc' dir='ltr'>ὁ</span> <span class='ocrx_word' id='word_1_16' title='bbox 855 299 1028 348; x_wconf 79' lang='grc' dir='ltr'>Νικαεὺς,</span> <span class='ocrx_word' id='word_1_17' title='bbox 1059 303 1106 345; x_wconf 87' lang='grc' dir='ltr'><strong>εἷς</strong></span> 
     </span>
     <span class='ocr_line' id='line_1_4' title="bbox 64 362 687 414; baseline -0.011 -9"><span class='ocrx_word' id='word_1_18' title='bbox 64 368 101 405; x_wconf 83' lang='grc' dir='ltr'>ὃν</span> <span class='ocrx_word' id='word_1_19' title='bbox 123 366 182 406; x_wconf 76' lang='grc' dir='ltr'>καὶ</span> <span class='ocrx_word' id='word_1_20' title='bbox 199 365 273 404; x_wconf 86' lang='grc' dir='ltr'>ἔστι</span> <span class='ocrx_word' id='word_1_21' title='bbox 286 367 386 403; x_wconf 85' lang='grc' dir='ltr'>τοῦτο</span> <span class='ocrx_word' id='word_1_22' title='bbox 401 362 440 400; x_wconf 85' lang='grc' dir='ltr'><strong>τὸ</strong></span> <span class='ocrx_word' id='word_1_23' title='bbox 460 362 667 414; x_wconf 83' lang='grc' dir='ltr'>ἐπίγραμμα</span> <span class='ocrx_word' id='word_1_24' title='bbox 680 377 687 384; x_wconf 91' lang='grc'><em>·</em></span> 
     </span>
    </p>
   </div>
   <div class='ocr_carea' id='block_1_3' title="bbox 147 449 778 543">
    <p class='ocr_par' dir='ltr' id='par_1_3' title="bbox 147 449 778 543">
     <span class='ocr_line' id='line_1_5' title="bbox 147 449 778 491; baseline -0.013 -4"><span class='ocrx_word' id='word_1_25' title='bbox 147 456 186 487; x_wconf 90' lang='grc' dir='ltr'>Ὁ</span> <span class='ocrx_word' id='word_1_26' title='bbox 198 454 250 486; x_wconf 89' lang='grc' dir='ltr'><strong>τὸν</strong></span> <span class='ocrx_word' id='word_1_27' title='bbox 266 451 513 485; x_wconf 83' lang='grc' dir='ltr'>πολυστένακτον</span> <span class='ocrx_word' id='word_1_28' title='bbox 529 449 698 491; x_wconf 83' lang='grc' dir='ltr'>ἀνθρώπων</span> <span class='ocrx_word' id='word_1_29' title='bbox 712 449 778 490; x_wconf 85' lang='grc' dir='ltr'>βίον</span> 
     </span>
     <span class='ocr_line' id='line_1_6' title="bbox 147 495 709 543; baseline -0.011 -10"><span class='ocrx_word' id='word_1_30' title='bbox 147 501 258 543; x_wconf 82' lang='grc' dir='ltr'>γέλωτι</span> <span class='ocrx_word' id='word_1_31' title='bbox 275 499 360 541; x_wconf 83' lang='grc' dir='ltr'><strong>μίξας</strong></span> <span class='ocrx_word' id='word_1_32' title='bbox 370 497 514 533; x_wconf 81' lang='grc' dir='ltr'>Νικαιεὺς</span> <span class='ocrx_word' id='word_1_33' title='bbox 529 495 709 529; x_wconf 86' lang='grc' dir='ltr'>Φιλιστίων.</span> 
     </span>
    </p>
   </div>
   <div class='ocr_carea' id='block_1_4' title="bbox 39 564 1109 1383">
    <p class='ocr_par' dir='ltr' id='par_1_4' title="bbox 39 564 621 623">
     <span class='ocr_line' id='line_1_7' title="bbox 39 564 621 623; baseline -0.009 -12"><span class='ocrx_word' id='word_1_34' title='bbox 39 574 44 579; x_wconf 77' lang='grc'><strong><em>’</em></strong></span> <span class='ocrx_word' id='word_1_35' title='bbox 65 564 176 615; x_wconf 70' lang='grc' dir='ltr'>Οῧτος</span> <span class='ocrx_word' id='word_1_36' title='bbox 187 569 316 623; x_wconf 84' lang='grc' dir='ltr'>ἔγραψε</span> <span class='ocrx_word' id='word_1_37' title='bbox 332 566 389 606; x_wconf 82' lang='grc' dir='ltr'><strong>τὸν</strong></span> <span class='ocrx_word' id='word_1_38' title='bbox 401 565 621 618; x_wconf 86' lang='grc' dir='ltr'>Φιλόγελων.</span> 
     </span>
    </p>

    <p class='ocr_par' dir='ltr' id='par_1_5' title="bbox 64 623 1106 799">
     <span class='ocr_line' id='line_1_8' title="bbox 117 623 1106 677; baseline -0.008 -8"><span class='ocrx_word' id='word_1_39' title='bbox 117 643 168 670; x_wconf 84' lang='lat'><strong>71.</strong></span> <span class='ocrx_word' id='word_1_40' title='bbox 197 629 283 667; x_wconf 89' lang='grc' dir='ltr'><strong>Φιλ</strong></span> <span class='ocrx_word' id='word_1_41' title='bbox 298 627 369 666; x_wconf 88' lang='grc' dir='ltr'>ίσκ</span> <span class='ocrx_word' id='word_1_42' title='bbox 379 641 420 664; x_wconf 92' lang='grc' dir='ltr'><strong>ον</strong></span> <span class='ocrx_word' id='word_1_43' title='bbox 451 624 510 663; x_wconf 84' lang='grc' dir='ltr'><strong>τὸν</strong></span> <span class='ocrx_word' id='word_1_44' title='bbox 543 623 717 671; x_wconf 88' lang='grc' dir='ltr'>Μιλήσιον</span> <span class='ocrx_word' id='word_1_45' title='bbox 754 623 883 677; x_wconf 74' lang='grc' dir='ltr'>ῥήτορα</span> <span class='ocrx_word' id='word_1_46' title='bbox 898 653 909 674; x_wconf 89' lang='lat'>,</span> <span class='ocrx_word' id='word_1_47' title='bbox 942 623 1106 677; x_wconf 88' lang='grc' dir='ltr'>πρότερον</span> 
     </span>
     <span class='ocr_line' id='line_1_9' title="bbox 67 682 1106 736; baseline -0.008 -9"><span class='ocrx_word' id='word_1_48' title='bbox 67 686 223 736; x_wconf 78' lang='grc' dir='ltr'>αὐλητὴν</span> <span class='ocrx_word' id='word_1_49' title='bbox 237 685 321 725; x_wconf 80' lang='grc' dir='ltr'>ὄντα</span> <span class='ocrx_word' id='word_1_50' title='bbox 340 682 632 736; x_wconf 80' lang='grc' dir='ltr'>παραδοξότατον,</span> <span class='ocrx_word' id='word_1_51' title='bbox 649 682 851 735; x_wconf 80' lang='grc' dir='ltr'>Ἰσοκράτης</span> <span class='ocrx_word' id='word_1_52' title='bbox 867 684 885 721; x_wconf 87' lang='grc' dir='ltr'>ὁ</span> <span class='ocrx_word' id='word_1_53' title='bbox 903 682 1017 736; x_wconf 83' lang='grc' dir='ltr'>ῥήτωρ</span> <span class='ocrx_word' id='word_1_54' title='bbox 1042 682 1106 719; x_wconf 82' lang='grc' dir='ltr'>αὖ·</span> 
     </span>
     <span class='ocr_line' id='line_1_10' title="bbox 64 742 576 799; baseline -0.014 -13"><span class='ocrx_word' id='word_1_55' title='bbox 64 745 240 799; x_wconf 83' lang='grc' dir='ltr'>λοτρύπην</span> <span class='ocrx_word' id='word_1_56' title='bbox 254 742 429 782; x_wconf 84' lang='grc' dir='ltr'>ἐκάλεσεν.</span> <span class='ocrx_word' id='word_1_57' title='bbox 570 777 576 784; x_wconf 85' lang='grc'><em>,</em></span> 
     </span>
    </p>

    <p class='ocr_par' dir='ltr' id='par_1_6' title="bbox 65 799 1106 914">
     <span class='ocr_line' id='line_1_11' title="bbox 116 799 1106 851; baseline -0.007 -7"><span class='ocrx_word' id='word_1_58' title='bbox 116 817 167 844; x_wconf 83' lang='lat'><strong>72.</strong></span> <span class='ocrx_word' id='word_1_59' title='bbox 199 804 398 848; x_wconf 82' lang='grc' dir='ltr'>Φιλητᾶς</span> <span class='ocrx_word' id='word_1_60' title='bbox 413 803 431 838; x_wconf 85' lang='grc' dir='ltr'><strong><em>ὃ</em></strong></span> <span class='ocrx_word' id='word_1_61' title='bbox 453 801 555 843; x_wconf 81' lang='grc' dir='ltr'>Κῶος</span> <span class='ocrx_word' id='word_1_62' title='bbox 573 799 751 851; x_wconf 84' lang='grc' dir='ltr'>ἷσχνωθεὶς</span> <span class='ocrx_word' id='word_1_63' title='bbox 770 801 810 837; x_wconf 81' lang='grc' dir='ltr'><strong>ἐκ</strong></span> <span class='ocrx_word' id='word_1_64' title='bbox 835 803 894 838; x_wconf 89' lang='grc' dir='ltr'><strong>τοῦ</strong></span> <span class='ocrx_word' id='word_1_65' title='bbox 916 802 1030 846; x_wconf 84' lang='grc' dir='ltr'>ζητεῖν</span> <span class='ocrx_word' id='word_1_66' title='bbox 1049 799 1106 837; x_wconf 86' lang='grc' dir='ltr'><strong>τὸν</strong></span> 
     </span>
     <span class='ocr_line' id='line_1_12' title="bbox 65 857 813 914; baseline -0.009 -12"><span class='ocrx_word' id='word_1_67' title='bbox 65 861 280 913; x_wconf 84' lang='grc' dir='ltr'>καλούμενον</span> <span class='ocrx_word' id='word_1_68' title='bbox 299 857 509 914; x_wconf 83' lang='grc' dir='ltr'>ψευδόμενον</span> <span class='ocrx_word' id='word_1_69' title='bbox 530 857 630 910; x_wconf 87' lang='grc' dir='ltr'>λόγον</span> <span class='ocrx_word' id='word_1_70' title='bbox 651 857 813 896; x_wconf 85' lang='grc' dir='ltr'>ἀπέθανε.</span> 
     </span>
    </p>

    <p class='ocr_par' dir='ltr' id='par_1_7' title="bbox 64 916 1109 1152">
     <span class='ocr_line' id='line_1_13' title="bbox 118 916 1107 970; baseline -0.006 -10"><span class='ocrx_word' id='word_1_71' title='bbox 118 934 168 962; x_wconf 84' lang='grc'><strong>73.</strong></span> <span class='ocrx_word' id='word_1_72' title='bbox 197 919 357 959; x_wconf 86' lang='grc' dir='ltr'>Φίλων</span> <span class='ocrx_word' id='word_1_73' title='bbox 375 920 393 956; x_wconf 83' lang='grc' dir='ltr'><strong>ὁ</strong></span> <span class='ocrx_word' id='word_1_74' title='bbox 421 916 586 969; x_wconf 75' lang='grc' dir='ltr'>Ἑὸραῖος</span> <span class='ocrx_word' id='word_1_75' title='bbox 615 916 788 963; x_wconf 79' lang='grc' dir='ltr'>τοσαύτην</span> <span class='ocrx_word' id='word_1_76' title='bbox 814 916 898 970; x_wconf 82' lang='grc' dir='ltr'>πρὸς</span> <span class='ocrx_word' id='word_1_77' title='bbox 929 916 1107 957; x_wconf 87' lang='grc' dir='ltr'>Πλάτωνα</span> 
     </span>
     <span class='ocr_line' id='line_1_14' title="bbox 64 973 1109 1031; baseline -0.008 -11"><span class='ocrx_word' id='word_1_78' title='bbox 64 979 255 1031; x_wconf 83' lang='grc' dir='ltr'>ὁμοιότητα</span> <span class='ocrx_word' id='word_1_79' title='bbox 275 977 359 1030; x_wconf 83' lang='grc' dir='ltr'>ἔσχε</span> <span class='ocrx_word' id='word_1_80' title='bbox 381 975 474 1015; x_wconf 87' lang='grc' dir='ltr'>κατά</span> <span class='ocrx_word' id='word_1_81' title='bbox 501 991 540 1014; x_wconf 91' lang='grc' dir='ltr'><strong>τε</strong></span> <span class='ocrx_word' id='word_1_82' title='bbox 565 973 688 1029; x_wconf 89' lang='grc' dir='ltr'>φράσιν</span> <span class='ocrx_word' id='word_1_83' title='bbox 718 974 779 1013; x_wconf 84' lang='grc' dir='ltr'>καὶ</span> <span class='ocrx_word' id='word_1_84' title='bbox 806 973 975 1024; x_wconf 83' lang='grc' dir='ltr'>διάνοιαν,</span> <span class='ocrx_word' id='word_1_85' title='bbox 995 976 1041 1018; x_wconf 80' lang='grc' dir='ltr'><strong>ὡς</strong></span> <span class='ocrx_word' id='word_1_86' title='bbox 1061 976 1109 1018; x_wconf 88' lang='grc' dir='ltr'><strong>εἷς</strong></span> 
     </span>
     <span class='ocr_line' id='line_1_15' title="bbox 64 1030 1107 1092; baseline -0.008 -14"><span class='ocrx_word' id='word_1_87' title='bbox 64 1037 257 1092; x_wconf 83' lang='grc' dir='ltr'>παροιμίαν</span> <span class='ocrx_word' id='word_1_88' title='bbox 283 1035 368 1088; x_wconf 89' lang='grc' dir='ltr'>παρ’</span> <span class='ocrx_word' id='word_1_89' title='bbox 385 1035 542 1082; x_wconf 70' lang='grc' dir='ltr'><strong>εἝλλησι</strong></span> <span class='ocrx_word' id='word_1_90' title='bbox 572 1037 673 1072; x_wconf 77' lang='grc' dir='ltr'>τοῦτο</span> <span class='ocrx_word' id='word_1_91' title='bbox 701 1030 925 1086; x_wconf 79' lang='grc' dir='ltr'>χωρῆσαι·ἢ</span> <span class='ocrx_word' id='word_1_92' title='bbox 956 1033 1107 1071; x_wconf 86' lang='grc' dir='ltr'>Πλάτων</span> 
     </span>
     <span class='ocr_line' id='line_1_16' title="bbox 64 1091 658 1152; baseline -0.012 -16"><span class='ocrx_word' id='word_1_93' title='bbox 64 1096 239 1152; x_wconf 85' lang='grc' dir='ltr'>φιλωνίζει</span> <span class='ocrx_word' id='word_1_94' title='bbox 255 1094 279 1143; x_wconf 76' lang='grc' dir='ltr'>ἢ</span> <span class='ocrx_word' id='word_1_95' title='bbox 296 1094 418 1134; x_wconf 85' lang='grc' dir='ltr'>Φίλων</span> <span class='ocrx_word' id='word_1_96' title='bbox 439 1091 658 1137; x_wconf 86' lang='grc' dir='ltr'>πλατωνίζει.</span> 
     </span>
    </p>

    <p class='ocr_par' dir='ltr' id='par_1_8' title="bbox 65 1148 1109 1383">
     <span class='ocr_line' id='line_1_17' title="bbox 117 1148 1109 1206; baseline -0.01 -10"><span class='ocrx_word' id='word_1_97' title='bbox 117 1169 167 1196; x_wconf 76' lang='grc'><strong>74.</strong></span> <span class='ocrx_word' id='word_1_98' title='bbox 199 1153 516 1206; x_wconf 89' lang='grc' dir='ltr'>Φιλόστρατος</span> <span class='ocrx_word' id='word_1_99' title='bbox 529 1153 547 1189; x_wconf 82' lang='grc' dir='ltr'><strong>ὁ</strong></span> <span class='ocrx_word' id='word_1_100' title='bbox 562 1150 718 1202; x_wconf 85' lang='grc' dir='ltr'>Λήμνιος</span> <span class='ocrx_word' id='word_1_101' title='bbox 731 1179 741 1198; x_wconf 88' lang='grc'><em>,</em></span> <span class='ocrx_word' id='word_1_102' title='bbox 754 1152 773 1188; x_wconf 82' lang='grc' dir='ltr'>ὁ</span> <span class='ocrx_word' id='word_1_103' title='bbox 786 1149 847 1193; x_wconf 84' lang='grc' dir='ltr'><strong>τὰς</strong></span> <span class='ocrx_word' id='word_1_104' title='bbox 861 1148 1010 1193; x_wconf 85' lang='grc' dir='ltr'>Εἰκόνας</span> <span class='ocrx_word' id='word_1_105' title='bbox 1029 1149 1109 1201; x_wconf 83' lang='grc' dir='ltr'>γρά-</span> 
     </span>
     <span class='ocr_line' id='line_1_18' title="bbox 65 1207 1108 1268; baseline -0.008 -15"><span class='ocrx_word' id='word_1_106' title='bbox 65 1217 156 1268; x_wconf 79' lang='grc' dir='ltr'>ψας,</span> <span class='ocrx_word' id='word_1_107' title='bbox 177 1213 247 1257; x_wconf 77' lang='grc' dir='ltr'>υἱὸς</span> <span class='ocrx_word' id='word_1_108' title='bbox 265 1207 307 1260; x_wconf 72' lang='grc' dir='ltr'>ἦν</span> <span class='ocrx_word' id='word_1_109' title='bbox 328 1216 389 1251; x_wconf 91' lang='grc' dir='ltr'><strong>τοῦ</strong></span> <span class='ocrx_word' id='word_1_110' title='bbox 406 1209 544 1265; x_wconf 84' lang='grc' dir='ltr'>πρώτου</span> <span class='ocrx_word' id='word_1_111' title='bbox 572 1213 736 1263; x_wconf 76' lang='grc' dir='ltr'>σοφιστοῦ</span> <span class='ocrx_word' id='word_1_112' title='bbox 757 1207 1004 1260; x_wconf 85' lang='grc' dir='ltr'>Φιλοστράτου</span> <span class='ocrx_word' id='word_1_113' title='bbox 1031 1211 1108 1255; x_wconf 89' lang='grc' dir='ltr'><strong>Λη-</strong></span> 
     </span>
     <span class='ocr_line' id='line_1_19' title="bbox 66 1259 1108 1324; baseline -0.009 -12"><span class='ocrx_word' id='word_1_114' title='bbox 66 1273 179 1324; x_wconf 88' lang='grc' dir='ltr'>μνίου.</span> <span class='ocrx_word' id='word_1_115' title='bbox 201 1266 312 1316; x_wconf 56' lang='lat' dir='ltr'><strong>offro&lt;</strong></span> <span class='ocrx_word' id='word_1_116' title='bbox 328 1273 345 1309; x_wconf 83' lang='grc' dir='ltr'>ὁ</span> <span class='ocrx_word' id='word_1_117' title='bbox 360 1269 514 1322; x_wconf 85' lang='grc' dir='ltr'>δεύτερος</span> <span class='ocrx_word' id='word_1_118' title='bbox 533 1268 775 1322; x_wconf 81' lang='grc' dir='ltr'>ἔσοφίστευσεν</span> <span class='ocrx_word' id='word_1_119' title='bbox 795 1268 829 1305; x_wconf 84' lang='grc' dir='ltr'>ἐν</span> <span class='ocrx_word' id='word_1_120' title='bbox 849 1266 1018 1314; x_wconf 81' lang='grc' dir='ltr'>Ἀθήναις,</span> <span class='ocrx_word' id='word_1_121' title='bbox 1033 1259 1108 1304; x_wconf 70' lang='grc' dir='ltr'>εἶτα</span> 
     </span>
     <span class='ocr_line' id='line_1_20' title="bbox 66 1324 806 1383; baseline -0.005 -14"><span class='ocrx_word' id='word_1_122' title='bbox 66 1334 101 1370; x_wconf 84' lang='grc' dir='ltr'>ἐν</span> <span class='ocrx_word' id='word_1_123' title='bbox 121 1330 247 1383; x_wconf 85' lang='grc' dir='ltr'>Ῥώμῃ</span> <span class='ocrx_word' id='word_1_124' title='bbox 260 1361 270 1377; x_wconf 94' lang='grc'><strong>,</strong></span> <span class='ocrx_word' id='word_1_125' title='bbox 293 1328 351 1367; x_wconf 76' lang='grc' dir='ltr'><strong>ἐπὶ</strong></span> <span class='ocrx_word' id='word_1_126' title='bbox 365 1326 525 1380; x_wconf 69' lang='grc' dir='ltr'>Σεὸήρου</span> <span class='ocrx_word' id='word_1_127' title='bbox 544 1329 605 1365; x_wconf 88' lang='grc' dir='ltr'><strong>τοῦ</strong></span> <span class='ocrx_word' id='word_1_128' title='bbox 621 1324 806 1378; x_wconf 83' lang='grc' dir='ltr'>βασιλέως.</span> 
     </span>
    </p>
   </div>
   <div class='ocr_carea' id='block_1_5' title="bbox 561 1417 611 1453">
    <p class='ocr_par' dir='ltr' id='par_1_9' title="bbox 561 1417 611 1453">
     <span class='ocr_line' id='line_1_21' title="bbox 561 1417 611 1453; baseline 0.02 -1"><span class='ocrx_word' id='word_1_129' title='bbox 561 1417 611 1453; x_wconf 88' lang='grc' dir='ltr'><strong>Χ.</strong></span> 
     </span>
    </p>
   </div>
   <div class='ocr_carea' id='block_1_6' title="bbox 27 1492 1110 2374">
    <p class='ocr_par' dir='ltr' id='par_1_10' title="bbox 65 1492 1109 1728">
     <span class='ocr_line' id='line_1_22' title="bbox 117 1492 1109 1551; baseline -0.01 -10"><span class='ocrx_word' id='word_1_130' title='bbox 117 1514 165 1542; x_wconf 80' lang='lat'><strong>7⁵.</strong></span> <span class='ocrx_word' id='word_1_131' title='bbox 212 1498 424 1551; x_wconf 82' lang='grc' dir='ltr'>Χοιρίλος</span> <span class='ocrx_word' id='word_1_132' title='bbox 469 1495 603 1546; x_wconf 86' lang='grc' dir='ltr'>Σάμιος</span> <span class='ocrx_word' id='word_1_133' title='bbox 617 1526 648 1550; x_wconf 43' lang='grc' dir='ltr'><strong>,ι</strong></span> <span class='ocrx_word' id='word_1_134' title='bbox 673 1493 838 1542; x_wconf 81' lang='grc' dir='ltr'>ποιητὴς,</span> <span class='ocrx_word' id='word_1_135' title='bbox 881 1493 1010 1547; x_wconf 79' lang='grc' dir='ltr'>ἔγραψε</span> <span class='ocrx_word' id='word_1_136' title='bbox 1046 1492 1109 1540; x_wconf 79' lang='grc' dir='ltr'><strong>τὴν</strong></span> 
     </span>
     <span class='ocr_line' id='line_1_23' title="bbox 66 1548 1109 1608; baseline -0.009 -8"><span class='ocrx_word' id='word_1_137' title='bbox 66 1559 254 1608; x_wconf 85' lang='grc' dir='ltr'>Ἀθηναίων</span> <span class='ocrx_word' id='word_1_138' title='bbox 274 1558 372 1605; x_wconf 88' lang='grc' dir='ltr'>νίκην</span> <span class='ocrx_word' id='word_1_139' title='bbox 388 1555 481 1595; x_wconf 84' lang='grc' dir='ltr'>κατὰ</span> <span class='ocrx_word' id='word_1_140' title='bbox 500 1555 631 1608; x_wconf 85' lang='grc' dir='ltr'>Ξέρξου</span> <span class='ocrx_word' id='word_1_141' title='bbox 645 1584 654 1602; x_wconf 91' lang='grc'><strong>,</strong></span> <span class='ocrx_word' id='word_1_142' title='bbox 674 1554 725 1608; x_wconf 80' lang='grc' dir='ltr'><strong>ἐφ’</strong></span> <span class='ocrx_word' id='word_1_143' title='bbox 742 1548 780 1593; x_wconf 64' lang='grc' dir='ltr'><strong>οὗ</strong></span> <span class='ocrx_word' id='word_1_144' title='bbox 801 1553 997 1604; x_wconf 83' lang='grc' dir='ltr'>ποιήματος</span> <span class='ocrx_word' id='word_1_145' title='bbox 1017 1552 1109 1591; x_wconf 78' lang='grc' dir='ltr'>κατὰ</span> 
     </span>
     <span class='ocr_line' id='line_1_24' title="bbox 65 1611 1108 1672; baseline -0.009 -13"><span class='ocrx_word' id='word_1_146' title='bbox 65 1619 184 1672; x_wconf 88' lang='grc' dir='ltr'>στίχον</span> <span class='ocrx_word' id='word_1_147' title='bbox 204 1620 361 1669; x_wconf 81' lang='grc' dir='ltr'>στατῆρα</span> <span class='ocrx_word' id='word_1_148' title='bbox 375 1617 525 1669; x_wconf 78' lang='grc' dir='ltr'>χρυσοῦν</span> <span class='ocrx_word' id='word_1_149' title='bbox 545 1614 650 1653; x_wconf 72' lang='grc' dir='ltr'>ἔλαὸε</span> <span class='ocrx_word' id='word_1_150' title='bbox 662 1644 672 1662; x_wconf 90' lang='grc'><em>,</em></span> <span class='ocrx_word' id='word_1_151' title='bbox 687 1613 747 1652; x_wconf 71' lang='grc' dir='ltr'>καὶ</span> <span class='ocrx_word' id='word_1_152' title='bbox 776 1612 838 1651; x_wconf 74' lang='grc' dir='ltr'><strong>σὺν</strong></span> <span class='ocrx_word' id='word_1_153' title='bbox 857 1618 926 1656; x_wconf 90' lang='grc' dir='ltr'>τοῖς</span> <span class='ocrx_word' id='word_1_154' title='bbox 946 1611 1108 1664; x_wconf 77' lang='grc' dir='ltr'>Ὀμήρου</span> 
     </span>
     <span class='ocr_line' id='line_1_25' title="bbox 66 1673 572 1728; baseline -0.012 -11"><span class='ocrx_word' id='word_1_155' title='bbox 66 1675 363 1728; x_wconf 82' lang='grc' dir='ltr'>ἀναγινώσκεσθαι</span> <span class='ocrx_word' id='word_1_156' title='bbox 383 1673 572 1727; x_wconf 79' lang='grc' dir='ltr'>ἐψηφίσθη.</span> 
     </span>
    </p>

    <p class='ocr_par' dir='ltr' id='par_1_11' title="bbox 27 1729 1110 2374">
     <span class='ocr_line' id='line_1_26' title="bbox 118 1729 1108 1787; baseline -0.008 -12"><span class='ocrx_word' id='word_1_157' title='bbox 118 1749 167 1775; x_wconf 80' lang='lat'><strong>76.</strong></span> <span class='ocrx_word' id='word_1_158' title='bbox 187 1737 220 1775; x_wconf 87' lang='lat' dir='ltr'>X</span> <span class='ocrx_word' id='word_1_159' title='bbox 231 1732 276 1787; x_wconf 84' lang='grc' dir='ltr'><strong>ρύ</strong></span> <span class='ocrx_word' id='word_1_160' title='bbox 286 1748 448 1772; x_wconf 90' lang='grc' dir='ltr'>σιππον</span> <span class='ocrx_word' id='word_1_161' title='bbox 464 1732 522 1770; x_wconf 83' lang='grc' dir='ltr'><strong>τὸν</strong></span> <span class='ocrx_word' id='word_1_162' title='bbox 536 1730 721 1784; x_wconf 84' lang='grc' dir='ltr'>φιλόσοφον</span> <span class='ocrx_word' id='word_1_163' title='bbox 736 1729 914 1769; x_wconf 76' lang='grc' dir='ltr'>αἰτιῶνταί</span> <span class='ocrx_word' id='word_1_164' title='bbox 923 1745 1010 1773; x_wconf 89' lang='grc' dir='ltr'>τινες</span> <span class='ocrx_word' id='word_1_165' title='bbox 1022 1744 1108 1781; x_wconf 84' lang='grc' dir='ltr'>προ-</span> 
     </span>
     <span class='ocr_line' id='line_1_27' title="bbox 66 1788 1106 1845; baseline -0.009 -11"><span class='ocrx_word' id='word_1_166' title='bbox 66 1797 154 1834; x_wconf 85' lang='grc' dir='ltr'>νοεῖν</span> <span class='ocrx_word' id='word_1_167' title='bbox 163 1793 310 1845; x_wconf 86' lang='grc' dir='ltr'>λέγοντα</span> <span class='ocrx_word' id='word_1_168' title='bbox 329 1790 423 1836; x_wconf 79' lang='grc' dir='ltr'>ὅπως</span> <span class='ocrx_word' id='word_1_169' title='bbox 439 1789 619 1843; x_wconf 80' lang='grc' dir='ltr'>ποριστέον</span> <span class='ocrx_word' id='word_1_170' title='bbox 643 1792 692 1842; x_wconf 84' lang='grc' dir='ltr'><strong>τῷ</strong></span> <span class='ocrx_word' id='word_1_171' title='bbox 711 1790 820 1843; x_wconf 80' lang='grc' dir='ltr'>σοφῷ.</span> <span class='ocrx_word' id='word_1_172' title='bbox 842 1788 943 1828; x_wconf 78' lang='grc' dir='ltr'>Φασὶ</span> <span class='ocrx_word' id='word_1_173' title='bbox 963 1788 1043 1841; x_wconf 89' lang='grc' dir='ltr'>γὰρ,</span> <span class='ocrx_word' id='word_1_174' title='bbox 1054 1788 1106 1826; x_wconf 86' lang='grc' dir='ltr'><strong>τί·</strong></span> 
     </span>
     <span class='ocr_line' id='line_1_28' title="bbox 66 1846 1108 1906; baseline -0.006 -15"><span class='ocrx_word' id='word_1_175' title='bbox 66 1868 120 1898; x_wconf 86' lang='grc' dir='ltr'><strong>νος</strong></span> <span class='ocrx_word' id='word_1_176' title='bbox 140 1852 244 1906; x_wconf 81' lang='grc' dir='ltr'>χάριν</span> <span class='ocrx_word' id='word_1_177' title='bbox 260 1849 441 1903; x_wconf 83' lang='grc' dir='ltr'>ποριστέον</span> <span class='ocrx_word' id='word_1_178' title='bbox 468 1852 561 1902; x_wconf 80' lang='grc' dir='ltr'>αὐτῷ</span> <span class='ocrx_word' id='word_1_179' title='bbox 575 1865 583 1872; x_wconf 90' lang='grc'><em>·</em></span> <span class='ocrx_word' id='word_1_180' title='bbox 609 1850 639 1886; x_wconf 85' lang='grc' dir='ltr'><strong>εἰ</strong></span> <span class='ocrx_word' id='word_1_181' title='bbox 659 1847 722 1900; x_wconf 80' lang='grc' dir='ltr'><strong>μὲν</strong></span> <span class='ocrx_word' id='word_1_182' title='bbox 733 1847 801 1900; x_wconf 87' lang='grc' dir='ltr'><strong>γὰρ</strong></span> <span class='ocrx_word' id='word_1_183' title='bbox 820 1851 882 1886; x_wconf 89' lang='grc' dir='ltr'><strong>τοῦ</strong></span> <span class='ocrx_word' id='word_1_184' title='bbox 902 1850 963 1894; x_wconf 88' lang='grc' dir='ltr'>ζ’ῆν</span> <span class='ocrx_word' id='word_1_185' title='bbox 988 1846 1108 1897; x_wconf 78' lang='grc' dir='ltr'>ἕνεκα,</span> 
     </span>
     <span class='ocr_line' id='line_1_29' title="bbox 66 1905 1108 1965; baseline -0.008 -14"><span class='ocrx_word' id='word_1_186' title='bbox 66 1911 251 1965; x_wconf 84' lang='grc' dir='ltr'>ἀδιάφορον</span> <span class='ocrx_word' id='word_1_187' title='bbox 265 1910 305 1949; x_wconf 87' lang='grc' dir='ltr'><strong>τὸ</strong></span> <span class='ocrx_word' id='word_1_188' title='bbox 320 1912 381 1957; x_wconf 80' lang='grc' dir='ltr'>ζῆν</span> <span class='ocrx_word' id='word_1_189' title='bbox 393 1924 401 1933; x_wconf 90' lang='grc'><em>·</em></span> <span class='ocrx_word' id='word_1_190' title='bbox 418 1910 447 1947; x_wconf 87' lang='grc' dir='ltr'><strong>εἷ</strong></span> <span class='ocrx_word' id='word_1_191' title='bbox 468 1907 505 1947; x_wconf 85' lang='grc' dir='ltr'><strong>δὲ</strong></span> <span class='ocrx_word' id='word_1_192' title='bbox 518 1909 643 1955; x_wconf 76' lang='grc' dir='ltr'>ἡδονῆς</span> <span class='ocrx_word' id='word_1_193' title='bbox 653 1937 664 1956; x_wconf 89' lang='grc'><strong><em>,</em></strong></span> <span class='ocrx_word' id='word_1_194' title='bbox 679 1906 738 1946; x_wconf 80' lang='grc' dir='ltr'>καὶ</span> <span class='ocrx_word' id='word_1_195' title='bbox 760 1905 847 1953; x_wconf 80' lang='grc' dir='ltr'>αὐτὴ</span> <span class='ocrx_word' id='word_1_196' title='bbox 866 1905 1064 1958; x_wconf 84' lang='grc' dir='ltr'>ἀδιάφορον·</span> <span class='ocrx_word' id='word_1_197' title='bbox 1079 1907 1108 1943; x_wconf 90' lang='grc' dir='ltr'><strong>εἰ</strong></span> 
     </span>
     <span class='ocr_line' id='line_1_30' title="bbox 69 1965 1110 2024; baseline -0.007 -15"><span class='ocrx_word' id='word_1_198' title='bbox 69 1971 106 2009; x_wconf 87' lang='grc' dir='ltr'><strong>δὲ</strong></span> <span class='ocrx_word' id='word_1_199' title='bbox 118 1974 179 2016; x_wconf 75' lang='grc' dir='ltr'><strong>τῆς</strong></span> <span class='ocrx_word' id='word_1_200' title='bbox 198 1971 322 2022; x_wconf 76' lang='grc' dir='ltr'>ἀρετῆς</span> <span class='ocrx_word' id='word_1_201' title='bbox 334 1998 344 2016; x_wconf 88' lang='grc'>,</span> <span class='ocrx_word' id='word_1_202' title='bbox 361 1967 537 2019; x_wconf 77' lang='grc' dir='ltr'>αὐτάρκης</span> <span class='ocrx_word' id='word_1_203' title='bbox 551 1965 640 2012; x_wconf 77' lang='grc' dir='ltr'>αὕτη</span> <span class='ocrx_word' id='word_1_204' title='bbox 661 1965 746 2018; x_wconf 83' lang='grc' dir='ltr'>πρὸς</span> <span class='ocrx_word' id='word_1_205' title='bbox 766 1965 1003 2015; x_wconf 80' lang='grc' dir='ltr'>εὐδαιμονίαν.</span> <span class='ocrx_word' id='word_1_206' title='bbox 1030 1966 1110 2024; x_wconf 29' lang='grc' dir='ltr'>Καα-</span> 
     </span>
     <span class='ocr_line' id='line_1_31' title="bbox 68 2024 1109 2080; baseline -0.009 -12"><span class='ocrx_word' id='word_1_207' title='bbox 68 2028 279 2080; x_wconf 86' lang='grc' dir='ltr'>ταγέλαστοι</span> <span class='ocrx_word' id='word_1_208' title='bbox 299 2025 336 2065; x_wconf 85' lang='grc' dir='ltr'><strong>δέ</strong></span> <span class='ocrx_word' id='word_1_209' title='bbox 359 2042 444 2079; x_wconf 84' lang='grc' dir='ltr'>φασι</span> <span class='ocrx_word' id='word_1_210' title='bbox 478 2025 538 2064; x_wconf 82' lang='grc' dir='ltr'>καὶ</span> <span class='ocrx_word' id='word_1_211' title='bbox 554 2026 586 2063; x_wconf 84' lang='grc' dir='ltr'><strong>οἱ</strong></span> <span class='ocrx_word' id='word_1_212' title='bbox 601 2024 724 2077; x_wconf 85' lang='grc' dir='ltr'>τρόποι</span> <span class='ocrx_word' id='word_1_213' title='bbox 746 2027 804 2062; x_wconf 89' lang='grc' dir='ltr'><strong>τοῦ</strong></span> <span class='ocrx_word' id='word_1_214' title='bbox 827 2026 1022 2075; x_wconf 88' lang='grc' dir='ltr'>πορισμοῦ,</span> <span class='ocrx_word' id='word_1_215' title='bbox 1039 2025 1109 2060; x_wconf 86' lang='grc' dir='ltr'>οἱον</span> 
     </span>
     <span class='ocr_line' id='line_1_32' title="bbox 68 2079 1109 2140; baseline -0.01 -12"><span class='ocrx_word' id='word_1_216' title='bbox 68 2090 100 2128; x_wconf 82' lang='grc' dir='ltr'><strong>οἳ</strong></span> <span class='ocrx_word' id='word_1_217' title='bbox 114 2087 183 2126; x_wconf 82' lang='grc' dir='ltr'><strong>ἀπὸ</strong></span> <span class='ocrx_word' id='word_1_218' title='bbox 207 2085 396 2140; x_wconf 81' lang='grc' dir='ltr'>βασιλέως·</span> <span class='ocrx_word' id='word_1_219' title='bbox 417 2084 520 2124; x_wconf 84' lang='grc' dir='ltr'>εἴκειν</span> <span class='ocrx_word' id='word_1_220' title='bbox 544 2083 611 2135; x_wconf 86' lang='grc' dir='ltr'><strong>γὰρ</strong></span> <span class='ocrx_word' id='word_1_221' title='bbox 632 2084 726 2135; x_wconf 80' lang='grc' dir='ltr'>αὐτῷ</span> <span class='ocrx_word' id='word_1_222' title='bbox 748 2081 881 2129; x_wconf 83' lang='grc' dir='ltr'>δεήσει·</span> <span class='ocrx_word' id='word_1_223' title='bbox 903 2081 963 2120; x_wconf 85' lang='grc' dir='ltr'>καὶ</span> <span class='ocrx_word' id='word_1_224' title='bbox 981 2083 1011 2119; x_wconf 74' lang='grc' dir='ltr'><strong>οἱ</strong></span> <span class='ocrx_word' id='word_1_225' title='bbox 1040 2079 1109 2118; x_wconf 85' lang='grc' dir='ltr'><strong>ἀπὸ</strong></span> 
     </span>
     <span class='ocr_line' id='line_1_33' title="bbox 68 2138 1110 2199; baseline -0.006 -15"><span class='ocrx_word' id='word_1_226' title='bbox 68 2145 202 2199; x_wconf 74' lang='grc' dir='ltr'>φιλίας·</span> <span class='ocrx_word' id='word_1_227' title='bbox 218 2145 405 2196; x_wconf 83' lang='grc' dir='ltr'>λήμματος</span> <span class='ocrx_word' id='word_1_228' title='bbox 418 2142 485 2195; x_wconf 81' lang='grc' dir='ltr'><strong>γὰρ</strong></span> <span class='ocrx_word' id='word_1_229' title='bbox 501 2141 600 2186; x_wconf 87' lang='grc' dir='ltr'>ὤνιος</span> <span class='ocrx_word' id='word_1_230' title='bbox 619 2144 641 2188; x_wconf 80' lang='grc' dir='ltr'>ἦ</span> <span class='ocrx_word' id='word_1_231' title='bbox 661 2140 758 2194; x_wconf 85' lang='grc' dir='ltr'>φιλία</span> <span class='ocrx_word' id='word_1_232' title='bbox 776 2140 891 2179; x_wconf 84' lang='grc' dir='ltr'>ἔσται·</span> <span class='ocrx_word' id='word_1_233' title='bbox 907 2140 967 2179; x_wconf 83' lang='grc' dir='ltr'>καὶ</span> <span class='ocrx_word' id='word_1_234' title='bbox 991 2141 1021 2178; x_wconf 82' lang='grc' dir='ltr'><strong>οἱ</strong></span> <span class='ocrx_word' id='word_1_235' title='bbox 1040 2138 1110 2178; x_wconf 81' lang='grc' dir='ltr'><strong>ἀπὸ</strong></span> 
     </span>
     <span class='ocr_line' id='line_1_34' title="bbox 68 2197 1106 2258; baseline -0.008 -15"><span class='ocrx_word' id='word_1_236' title='bbox 68 2203 210 2258; x_wconf 82' lang='grc' dir='ltr'>σοφίας·</span> <span class='ocrx_word' id='word_1_237' title='bbox 232 2201 461 2254; x_wconf 84' lang='grc' dir='ltr'>μισθαρνήσει</span> <span class='ocrx_word' id='word_1_238' title='bbox 484 2199 551 2254; x_wconf 82' lang='grc' dir='ltr'><strong>γὰρ</strong></span> <span class='ocrx_word' id='word_1_239' title='bbox 571 2203 593 2247; x_wconf 77' lang='grc' dir='ltr'>ἡ</span> <span class='ocrx_word' id='word_1_240' title='bbox 614 2198 729 2252; x_wconf 83' lang='grc' dir='ltr'>σοφία.</span> <span class='ocrx_word' id='word_1_241' title='bbox 756 2201 891 2238; x_wconf 83' lang='grc' dir='ltr'>Τοῦτον</span> <span class='ocrx_word' id='word_1_242' title='bbox 919 2197 978 2237; x_wconf 82' lang='grc' dir='ltr'><strong>τὸν</strong></span> <span class='ocrx_word' id='word_1_243' title='bbox 1010 2197 1106 2249; x_wconf 82' lang='grc' dir='ltr'>Χρύ-</span> 
     </span>
     <span class='ocr_line' id='line_1_35' title="bbox 27 2255 1110 2315; baseline -0.009 -13"><span class='ocrx_word' id='word_1_244' title='bbox 27 2278 39 2284; x_wconf 67' lang='lat'><strong><em>‘</em></strong></span> <span class='ocrx_word' id='word_1_245' title='bbox 70 2262 199 2302; x_wconf 89' lang='grc' dir='ltr'>σιππόν</span> <span class='ocrx_word' id='word_1_246' title='bbox 216 2276 320 2315; x_wconf 87' lang='grc' dir='ltr'>φασιν</span> <span class='ocrx_word' id='word_1_247' title='bbox 337 2255 417 2307; x_wconf 67' lang='grc' dir='ltr'>ἧξαι</span> <span class='ocrx_word' id='word_1_248' title='bbox 434 2258 492 2298; x_wconf 76' lang='grc' dir='ltr'><strong>ἐπὶ</strong></span> <span class='ocrx_word' id='word_1_249' title='bbox 505 2257 721 2311; x_wconf 76' lang='grc' dir='ltr'>φιλοσοφίαν,</span> <span class='ocrx_word' id='word_1_250' title='bbox 735 2260 796 2304; x_wconf 64' lang='grc' dir='ltr'><strong>Τῆς</strong></span> <span class='ocrx_word' id='word_1_251' title='bbox 806 2256 924 2300; x_wconf 82' lang='grc' dir='ltr'>οὖσίας</span> <span class='ocrx_word' id='word_1_252' title='bbox 935 2258 1038 2294; x_wconf 82' lang='grc' dir='ltr'>αὐτοῦ</span> <span class='ocrx_word' id='word_1_253' title='bbox 1050 2257 1110 2302; x_wconf 77' lang='grc' dir='ltr'><strong>τῆς</strong></span> 
     </span>
     <span class='ocr_line' id='line_1_36' title="bbox 68 2314 1036 2374; baseline -0.009 -14"><span class='ocrx_word' id='word_1_254' title='bbox 68 2320 232 2374; x_wconf 80' lang='grc' dir='ltr'>πατρῴας</span> <span class='ocrx_word' id='word_1_255' title='bbox 249 2321 295 2364; x_wconf 88' lang='grc' dir='ltr'><strong>εἷς</strong></span> <span class='ocrx_word' id='word_1_256' title='bbox 310 2318 349 2357; x_wconf 86' lang='grc' dir='ltr'><strong>τὸ</strong></span> <span class='ocrx_word' id='word_1_257' title='bbox 371 2317 548 2371; x_wconf 84' lang='grc' dir='ltr'>βασιλικὸν</span> <span class='ocrx_word' id='word_1_258' title='bbox 563 2315 832 2368; x_wconf 80' lang='grc' dir='ltr'>ἀναληφθείσης.</span> <span class='ocrx_word' id='word_1_259' title='bbox 889 2314 1036 2358; x_wconf 85' lang='grc' dir='ltr'>Τέλος.</span> 
     </span>
    </p>
   </div>
   <div class='ocr_carea' id='block_1_7' title="bbox 2138 171 2208 203">
    <p class='ocr_par' dir='ltr' id='par_1_12' title="bbox 2138 171 2208 203">
     <span class='ocr_line' id='line_1_37' title="bbox 2138 171 2208 203; baseline 0.014 -1"><span class='ocrx_word' id='word_1_260' title='bbox 2138 171 2208 203; x_wconf 88' lang='grc'><strong>177</strong></span> 
     </span>
    </p>
   </div>
   <div class='ocr_carea' id='block_1_8' title="bbox 1169 250 2206 352">
    <p class='ocr_par' dir='ltr' id='par_1_13' title="bbox 1169 250 2206 352">
     <span class='ocr_line' id='line_1_38' title="bbox 1211 250 2206 294; baseline 0.006 -12"><span class='ocrx_word' id='word_1_261' title='bbox 1211 253 1261 283; x_wconf 93' lang='grc'><strong>70.</strong></span> <span class='ocrx_word' id='word_1_262' title='bbox 1290 250 1468 283; x_wconf 79' lang='lat' dir='ltr'><em>Philemon</em></span> <span class='ocrx_word' id='word_1_263' title='bbox 1490 253 1708 292; x_wconf 80' lang='lat' dir='ltr'><strong>syracusanus</strong></span> <span class='ocrx_word' id='word_1_264' title='bbox 1731 252 1828 282; x_wconf 87' lang='lat' dir='ltr'><strong>nimio</strong></span> <span class='ocrx_word' id='word_1_265' title='bbox 1854 253 1917 284; x_wconf 89' lang='lat' dir='ltr'><strong>risu</strong></span> <span class='ocrx_word' id='word_1_266' title='bbox 1943 254 2118 287; x_wconf 80' lang='lat' dir='ltr'><strong>exstinctus</strong></span> <span class='ocrx_word' id='word_1_267' title='bbox 2143 257 2206 294; x_wconf 78' lang='lat' dir='ltr'><strong>est.</strong></span> 
     </span>
     <span class='ocr_line' id='line_1_39' title="bbox 1169 308 2125 352; baseline 0.004 -12"><span class='ocrx_word' id='word_1_268' title='bbox 1169 309 1205 340; x_wconf 89' lang='lat' dir='ltr'><strong>ut</strong></span> <span class='ocrx_word' id='word_1_269' title='bbox 1221 310 1253 340; x_wconf 84' lang='lat' dir='ltr'><strong>et</strong></span> <span class='ocrx_word' id='word_1_270' title='bbox 1270 308 1435 340; x_wconf 75' lang='lat' dir='ltr'><strong>philistion</strong></span> <span class='ocrx_word' id='word_1_271' title='bbox 1449 309 1636 349; x_wconf 81' lang='lat' dir='ltr'><strong>Nicaeensis,</strong></span> <span class='ocrx_word' id='word_1_272' title='bbox 1651 311 1690 342; x_wconf 85' lang='lat' dir='ltr'><strong>de</strong></span> <span class='ocrx_word' id='word_1_273' title='bbox 1708 318 1775 351; x_wconf 83' lang='lat' dir='ltr'><strong>quo</strong></span> <span class='ocrx_word' id='word_1_274' title='bbox 1788 312 1891 342; x_wconf 66' lang='lat' dir='ltr'><strong>exstat</strong></span> <span class='ocrx_word' id='word_1_275' title='bbox 1909 313 2100 352; x_wconf 77' lang='lat' dir='ltr'><strong>epigramma</strong></span> <span class='ocrx_word' id='word_1_276' title='bbox 2119 325 2125 344; x_wconf 94' lang='lat'>:</span> 
     </span>
    </p>
   </div>
   <div class='ocr_carea' id='block_1_9' title="bbox 1239 454 1858 544">
    <p class='ocr_par' dir='ltr' id='par_1_14' title="bbox 1239 454 1858 544">
     <span class='ocr_line' id='line_1_40' title="bbox 1240 454 1858 485; baseline 0.005 -3"><span class='ocrx_word' id='word_1_277' title='bbox 1240 454 1407 483; x_wconf 81' lang='lat' dir='ltr'><strong>Mortalium</strong></span> <span class='ocrx_word' id='word_1_278' title='bbox 1426 461 1625 484; x_wconf 78' lang='lat' dir='ltr'><strong>aerumnosam</strong></span> <span class='ocrx_word' id='word_1_279' title='bbox 1639 456 1729 484; x_wconf 86' lang='lat' dir='ltr'><strong>vitam</strong></span> <span class='ocrx_word' id='word_1_280' title='bbox 1741 456 1858 485; x_wconf 84' lang='lat' dir='ltr'><strong>miscuit</strong></span> 
     </span>
     <span class='ocr_line' id='line_1_41' title="bbox 1239 507 1815 544; baseline 0.005 -10"><span class='ocrx_word' id='word_1_281' title='bbox 1239 507 1300 536; x_wconf 89' lang='lat' dir='ltr'><strong>risu</strong></span> <span class='ocrx_word' id='word_1_282' title='bbox 1311 507 1468 536; x_wconf 77' lang='lat' dir='ltr'><strong>Philistion</strong></span> <span class='ocrx_word' id='word_1_283' title='bbox 1482 510 1495 543; x_wconf 82' lang='grc'><strong>’,</strong></span> <span class='ocrx_word' id='word_1_284' title='bbox 1511 509 1536 536; x_wconf 86' lang='grc' dir='ltr'><strong>Ν</strong></span> <span class='ocrx_word' id='word_1_285' title='bbox 1539 507 1608 537; x_wconf 82' lang='lat' dir='ltr'><strong>icaea</strong></span> <span class='ocrx_word' id='word_1_286' title='bbox 1620 516 1708 544; x_wconf 87' lang='lat' dir='ltr'><strong>quem</strong></span> <span class='ocrx_word' id='word_1_287' title='bbox 1722 508 1815 538; x_wconf 81' lang='lat' dir='ltr'><strong>(ledit.</strong></span> 
     </span>
    </p>
   </div>
   <div class='ocr_carea' id='block_1_10' title="bbox 1167 578 2215 976">
    <p class='ocr_par' dir='ltr' id='par_1_15' title="bbox 1167 578 1659 619">
     <span class='ocr_line' id='line_1_42' title="bbox 1167 578 1659 619; baseline 0 -9"><span class='ocrx_word' id='word_1_288' title='bbox 1167 579 1226 610; x_wconf 86' lang='lat' dir='ltr'><strong>Hic</strong></span> <span class='ocrx_word' id='word_1_289' title='bbox 1242 578 1368 619; x_wconf 87' lang='lat' dir='ltr'><strong>scripsit</strong></span> <span class='ocrx_word' id='word_1_290' title='bbox 1381 578 1659 611; x_wconf 81' lang='lat' dir='ltr'><strong>Cachinnatorem.</strong></span> 
     </span>
    </p>

    <p class='ocr_par' dir='ltr' id='par_1_16' title="bbox 1167 636 2213 795">
     <span class='ocr_line' id='line_1_43' title="bbox 1210 636 2211 680; baseline 0.004 -12"><span class='ocrx_word' id='word_1_291' title='bbox 1210 639 1259 668; x_wconf 84' lang='lat'><strong>71.</strong></span> <span class='ocrx_word' id='word_1_292' title='bbox 1282 637 1454 670; x_wconf 76' lang='lat' dir='ltr'><strong>Philiscus</strong></span> <span class='ocrx_word' id='word_1_293' title='bbox 1476 636 1615 670; x_wconf 89' lang='lat' dir='ltr'><strong>Milesius</strong></span> <span class='ocrx_word' id='word_1_294' title='bbox 1638 638 1757 677; x_wconf 82' lang='lat' dir='ltr'>rhetor,</span> <span class='ocrx_word' id='word_1_295' title='bbox 1777 640 1870 670; x_wconf 83' lang='lat' dir='ltr'><strong>antea</strong></span> <span class='ocrx_word' id='word_1_296' title='bbox 1893 639 1998 671; x_wconf 86' lang='lat' dir='ltr'><strong>clarus</strong></span> <span class='ocrx_word' id='word_1_297' title='bbox 2023 641 2101 671; x_wconf 87' lang='lat' dir='ltr'><strong>artis</strong></span> <span class='ocrx_word' id='word_1_298' title='bbox 2113 641 2211 680; x_wconf 83' lang='lat' dir='ltr'><strong>gloria</strong></span> 
     </span>
     <span class='ocr_line' id='line_1_44' title="bbox 1167 695 2213 736; baseline 0.004 -9"><span class='ocrx_word' id='word_1_299' title='bbox 1167 695 1307 735; x_wconf 82' lang='lat' dir='ltr'><strong>tibicen,</strong></span> <span class='ocrx_word' id='word_1_300' title='bbox 1327 704 1423 736; x_wconf 87' lang='lat' dir='ltr'><strong>quem</strong></span> <span class='ocrx_word' id='word_1_301' title='bbox 1448 697 1604 729; x_wconf 87' lang='lat' dir='ltr'><strong>Isocrates</strong></span> <span class='ocrx_word' id='word_1_302' title='bbox 1626 698 1734 729; x_wconf 85' lang='lat' dir='ltr'><strong>orator</strong></span> <span class='ocrx_word' id='word_1_303' title='bbox 1761 697 1914 729; x_wconf 86' lang='lat' dir='ltr'><strong>tibiarum</strong></span> <span class='ocrx_word' id='word_1_304' title='bbox 1939 698 2110 730; x_wconf 81' lang='lat' dir='ltr'><strong>foratorem</strong></span> <span class='ocrx_word' id='word_1_305' title='bbox 2133 708 2213 734; x_wconf 85' lang='lat' dir='ltr'><strong>nun-</strong></span> 
     </span>
     <span class='ocr_line' id='line_1_45' title="bbox 1167 755 1316 795; baseline 0.007 -9"><span class='ocrx_word' id='word_1_306' title='bbox 1167 755 1316 795; x_wconf 86' lang='lat' dir='ltr'><strong>cupabat.</strong></span> 
     </span>
    </p>

    <p class='ocr_par' dir='ltr' id='par_1_17' title="bbox 1170 813 2212 917">
     <span class='ocr_line' id='line_1_46' title="bbox 1209 813 2212 858; baseline 0.004 -13"><span class='ocrx_word' id='word_1_307' title='bbox 1209 816 1260 845; x_wconf 85' lang='lat'><strong>72.</strong></span> <span class='ocrx_word' id='word_1_308' title='bbox 1279 813 1434 846; x_wconf 79' lang='lat' dir='ltr'><strong>Philetas</strong></span> <span class='ocrx_word' id='word_1_309' title='bbox 1447 815 1533 848; x_wconf 85' lang='lat' dir='ltr'><strong>Cous</strong></span> <span class='ocrx_word' id='word_1_310' title='bbox 1549 823 1652 856; x_wconf 82' lang='lat' dir='ltr'><strong>quum</strong></span> <span class='ocrx_word' id='word_1_311' title='bbox 1662 815 1695 847; x_wconf 91' lang='lat' dir='ltr'><strong>in</strong></span> <span class='ocrx_word' id='word_1_312' title='bbox 1709 815 1899 848; x_wconf 84' lang='lat' dir='ltr'><strong>inveniendo</strong></span> <span class='ocrx_word' id='word_1_313' title='bbox 1916 816 2110 856; x_wconf 77' lang='lat' dir='ltr'><strong>sophismate</strong></span> <span class='ocrx_word' id='word_1_314' title='bbox 2126 818 2212 858; x_wconf 89' lang='lat' dir='ltr'><strong>quod</strong></span> 
     </span>
     <span class='ocr_line' id='line_1_47' title="bbox 1170 872 2212 917; baseline 0.003 -12"><span class='ocrx_word' id='word_1_315' title='bbox 1170 872 1405 906; x_wconf 75' lang='lat' dir='ltr'><strong>pseudomenos</strong></span> <span class='ocrx_word' id='word_1_316' title='bbox 1421 875 1570 914; x_wconf 81' lang='lat' dir='ltr'><strong>vocatur,</strong></span> <span class='ocrx_word' id='word_1_317' title='bbox 1584 874 1761 907; x_wconf 83' lang='lat' dir='ltr'><strong>elaboraret</strong></span> <span class='ocrx_word' id='word_1_318' title='bbox 1772 876 1963 914; x_wconf 82' lang='lat' dir='ltr'><strong>‚extenuato</strong></span> <span class='ocrx_word' id='word_1_319' title='bbox 1977 884 2111 917; x_wconf 89' lang='lat' dir='ltr'><strong>corpore</strong></span> <span class='ocrx_word' id='word_1_320' title='bbox 2121 877 2212 909; x_wconf 88' lang='lat' dir='ltr'><strong>obiit.</strong></span> 
     </span>
    </p>

    <p class='ocr_par' dir='ltr' id='par_1_18' title="bbox 1210 932 2215 976">
     <span class='ocr_line' id='line_1_48' title="bbox 1210 932 2215 976; baseline 0.004 -12"><span class='ocrx_word' id='word_1_321' title='bbox 1210 935 1261 964; x_wconf 86' lang='lat'><strong>73.</strong></span> <span class='ocrx_word' id='word_1_322' title='bbox 1282 932 1407 965; x_wconf 79' lang='lat' dir='ltr'><strong>Philon</strong></span> <span class='ocrx_word' id='word_1_323' title='bbox 1426 932 1583 965; x_wconf 82' lang='lat' dir='ltr'><strong>Hebraeus</strong></span> <span class='ocrx_word' id='word_1_324' title='bbox 1598 934 1722 966; x_wconf 78' lang='lat' dir='ltr'><strong>tantam</strong></span> <span class='ocrx_word' id='word_1_325' title='bbox 1738 942 1811 966; x_wconf 88' lang='lat' dir='ltr'><strong>cum</strong></span> <span class='ocrx_word' id='word_1_326' title='bbox 1830 935 1962 967; x_wconf 86' lang='lat' dir='ltr'><strong>Platone</strong></span> <span class='ocrx_word' id='word_1_327' title='bbox 1983 937 2016 967; x_wconf 85' lang='lat' dir='ltr'><strong>et</strong></span> <span class='ocrx_word' id='word_1_328' title='bbox 2041 936 2167 976; x_wconf 82' lang='lat' dir='ltr'><strong>ingenio</strong></span> <span class='ocrx_word' id='word_1_329' title='bbox 2183 939 2215 968; x_wconf 90' lang='lat' dir='ltr'><strong>et</strong></span> 
     </span>
    </p>
   </div>
   <div class='ocr_carea' id='block_1_11' title="bbox 1167 1007 2250 1280">
    <p class='ocr_par' dir='ltr' id='par_1_19' title="bbox 1167 1007 2214 1128">
     <span class='ocr_line' id='line_1_49' title="bbox 1167 1007 2214 1053; baseline 0.005 -14"><span class='ocrx_word' id='word_1_330' title='bbox 1167 1007 1292 1048; x_wconf 86' lang='lat' dir='ltr'><strong>scriptis</strong></span> <span class='ocrx_word' id='word_1_331' title='bbox 1307 1007 1495 1041; x_wconf 75' lang='lat' dir='ltr'><strong>affinitatem</strong></span> <span class='ocrx_word' id='word_1_332' title='bbox 1512 1008 1636 1049; x_wconf 88' lang='lat' dir='ltr'><strong>habuit,</strong></span> <span class='ocrx_word' id='word_1_333' title='bbox 1657 1010 1694 1041; x_wconf 88' lang='lat' dir='ltr'><strong>ut</strong></span> <span class='ocrx_word' id='word_1_334' title='bbox 1709 1009 1742 1041; x_wconf 91' lang='lat' dir='ltr'><strong>in</strong></span> <span class='ocrx_word' id='word_1_335' title='bbox 1758 1010 1963 1050; x_wconf 88' lang='lat' dir='ltr'><strong>proverbium</strong></span> <span class='ocrx_word' id='word_1_336' title='bbox 1990 1011 2103 1044; x_wconf 89' lang='lat' dir='ltr'><strong>abierit</strong></span> <span class='ocrx_word' id='word_1_337' title='bbox 2130 1013 2214 1053; x_wconf 89' lang='lat' dir='ltr'><strong>apud</strong></span> 
     </span>
     <span class='ocr_line' id='line_1_50' title="bbox 1169 1057 2125 1128; baseline 0.006 -14"><span class='ocrx_word' id='word_1_338' title='bbox 1169 1083 1299 1115; x_wconf 84' lang='lat' dir='ltr'><strong>Graecos</strong></span> <span class='ocrx_word' id='word_1_339' title='bbox 1316 1097 1322 1115; x_wconf 92' lang='lat'>:</span> <span class='ocrx_word' id='word_1_340' title='bbox 1339 1085 1402 1116; x_wconf 83' lang='lat' dir='ltr'><strong>Aut</strong></span> <span class='ocrx_word' id='word_1_341' title='bbox 1422 1057 1512 1116; x_wconf 84' lang='lat' dir='ltr'><strong>Plato</strong></span> <span class='ocrx_word' id='word_1_342' title='bbox 1525 1084 1732 1125; x_wconf 87' lang='lat' dir='ltr'><strong>philonissat‚</strong></span> <span class='ocrx_word' id='word_1_343' title='bbox 1747 1087 1805 1118; x_wconf 80' lang='lat' dir='ltr'><strong>aut</strong></span> <span class='ocrx_word' id='word_1_344' title='bbox 1822 1087 1913 1118; x_wconf 84' lang='lat' dir='ltr'><strong>Philo</strong></span> <span class='ocrx_word' id='word_1_345' title='bbox 1928 1087 2125 1128; x_wconf 83' lang='lat' dir='ltr'><strong>platonissat.</strong></span> 
     </span>
    </p>

    <p class='ocr_par' dir='ltr' id='par_1_20' title="bbox 1169 1159 2250 1280">
     <span class='ocr_line' id='line_1_51' title="bbox 1211 1159 2215 1205; baseline 0.005 -13"><span class='ocrx_word' id='word_1_346' title='bbox 1211 1159 1261 1192; x_wconf 81' lang='lat'><strong>74.</strong></span> <span class='ocrx_word' id='word_1_347' title='bbox 1279 1159 1516 1193; x_wconf 70' lang='lat' dir='ltr'><strong>Philostratus</strong></span> <span class='ocrx_word' id='word_1_348' title='bbox 1538 1162 1705 1201; x_wconf 87' lang='lat' dir='ltr'><strong>Lemnius,</strong></span> <span class='ocrx_word' id='word_1_349' title='bbox 1739 1163 1851 1203; x_wconf 86' lang='lat' dir='ltr'><strong>quide</strong></span> <span class='ocrx_word' id='word_1_350' title='bbox 1877 1164 2072 1205; x_wconf 82' lang='lat' dir='ltr'><strong>Imaginibus</strong></span> <span class='ocrx_word' id='word_1_351' title='bbox 2100 1165 2215 1197; x_wconf 88' lang='lat' dir='ltr'><strong>librum</strong></span> 
     </span>
     <span class='ocr_line' id='line_1_52' title="bbox 1169 1236 2250 1280; baseline 0.005 -12"><span class='ocrx_word' id='word_1_352' title='bbox 1169 1237 1313 1277; x_wconf 86' lang='lat' dir='ltr'><strong>scripsit,</strong></span> <span class='ocrx_word' id='word_1_353' title='bbox 1330 1236 1413 1269; x_wconf 83' lang='lat' dir='ltr'><strong>filius</strong></span> <span class='ocrx_word' id='word_1_354' title='bbox 1425 1237 1486 1269; x_wconf 81' lang='lat' dir='ltr'><strong>fuit</strong></span> <span class='ocrx_word' id='word_1_355' title='bbox 1501 1238 1594 1279; x_wconf 89' lang='lat' dir='ltr'><strong>primi</strong></span> <span class='ocrx_word' id='word_1_356' title='bbox 1613 1238 1815 1279; x_wconf 88' lang='lat' dir='ltr'><strong>Philostrati,</strong></span> <span class='ocrx_word' id='word_1_357' title='bbox 1830 1239 1982 1280; x_wconf 72' lang='lat' dir='ltr'><strong>sophistae</strong></span> <span class='ocrx_word' id='word_1_358' title='bbox 1997 1242 2121 1273; x_wconf 85' lang='lat' dir='ltr'><strong>Lemnii</strong></span> <span class='ocrx_word' id='word_1_359' title='bbox 2138 1251 2144 1272; x_wconf 90' lang='lat'>:</span> <span class='ocrx_word' id='word_1_360' title='bbox 2161 1241 2216 1273; x_wconf 87' lang='lat' dir='ltr'><strong>do-</strong></span> <span class='ocrx_word' id='word_1_361' title='bbox 2248 1248 2250 1250; x_wconf 77' lang='grc'>’</span> 
     </span>
    </p>
   </div>
   <div class='ocr_carea' id='block_1_12' title="bbox 1170 1313 1998 1356">
    <p class='ocr_par' dir='ltr' id='par_1_21' title="bbox 1170 1313 1998 1356">
     <span class='ocr_line' id='line_1_53' title="bbox 1170 1313 1998 1356; baseline 0.005 -11"><span class='ocrx_word' id='word_1_362' title='bbox 1170 1313 1236 1346; x_wconf 82' lang='lat' dir='ltr'><strong>cuit</strong></span> <span class='ocrx_word' id='word_1_363' title='bbox 1250 1314 1399 1354; x_wconf 84' lang='lat' dir='ltr'><strong>Athenis;</strong></span> <span class='ocrx_word' id='word_1_364' title='bbox 1411 1316 1519 1354; x_wconf 87' lang='lat' dir='ltr'><strong>postea</strong></span> <span class='ocrx_word' id='word_1_365' title='bbox 1533 1317 1643 1347; x_wconf 76' lang='lat' dir='ltr'><strong>Romae</strong></span> <span class='ocrx_word' id='word_1_366' title='bbox 1653 1340 1661 1355; x_wconf 87' lang='lat'>,</span> <span class='ocrx_word' id='word_1_367' title='bbox 1677 1315 1852 1356; x_wconf 80' lang='lat' dir='ltr'><strong>imperante</strong></span> <span class='ocrx_word' id='word_1_368' title='bbox 1869 1319 1998 1349; x_wconf 87' lang='lat' dir='ltr'><strong>Severo.</strong></span> 
     </span>
    </p>
   </div>
   <div class='ocr_carea' id='block_1_13' title="bbox 1652 1411 1732 1449">
    <p class='ocr_par' dir='ltr' id='par_1_22' title="bbox 1652 1411 1732 1449">
     <span class='ocr_line' id='line_1_54' title="bbox 1652 1411 1732 1449; baseline -0.013 0"><span class='ocrx_word' id='word_1_369' title='bbox 1652 1411 1732 1449; x_wconf 89' lang='lat' dir='ltr'><strong>CH.</strong></span> 
     </span>
    </p>
   </div>
   <div class='ocr_carea' id='block_1_14' title="bbox 1170 1504 2218 1723">
    <p class='ocr_par' dir='ltr' id='par_1_23' title="bbox 1170 1504 2218 1723">
     <span class='ocr_line' id='line_1_55' title="bbox 1213 1504 2215 1546; baseline 0.003 -9"><span class='ocrx_word' id='word_1_370' title='bbox 1213 1507 1263 1537; x_wconf 80' lang='lat'><strong>75.</strong></span> <span class='ocrx_word' id='word_1_371' title='bbox 1287 1504 1458 1537; x_wconf 73' lang='lat' dir='ltr'><strong>Choerilus</strong></span> <span class='ocrx_word' id='word_1_372' title='bbox 1487 1504 1617 1537; x_wconf 88' lang='lat' dir='ltr'><strong>Samius</strong></span> <span class='ocrx_word' id='word_1_373' title='bbox 1645 1506 1738 1545; x_wconf 88' lang='lat' dir='ltr'><strong>poeta</strong></span> <span class='ocrx_word' id='word_1_374' title='bbox 1761 1505 1888 1546; x_wconf 82' lang='lat' dir='ltr'><strong>scripsit</strong></span> <span class='ocrx_word' id='word_1_375' title='bbox 1908 1506 2151 1540; x_wconf 80' lang='lat' dir='ltr'><strong>Atheniensium</strong></span> <span class='ocrx_word' id='word_1_376' title='bbox 2167 1508 2215 1540; x_wconf 90' lang='lat' dir='ltr'><strong>vi·</strong></span> 
     </span>
     <span class='ocr_line' id='line_1_56' title="bbox 1170 1564 2218 1605; baseline 0.003 -9"><span class='ocrx_word' id='word_1_377' title='bbox 1170 1564 1305 1596; x_wconf 83' lang='lat' dir='ltr'><strong>ctoriam</strong></span> <span class='ocrx_word' id='word_1_378' title='bbox 1329 1564 1369 1596; x_wconf 88' lang='lat' dir='ltr'><strong>de</strong></span> <span class='ocrx_word' id='word_1_379' title='bbox 1393 1565 1517 1603; x_wconf 84' lang='lat' dir='ltr'><strong>Xerxe,</strong></span> <span class='ocrx_word' id='word_1_380' title='bbox 1540 1572 1598 1604; x_wconf 86' lang='lat' dir='ltr'><strong>pro</strong></span> <span class='ocrx_word' id='word_1_381' title='bbox 1623 1564 1715 1604; x_wconf 86' lang='lat' dir='ltr'><strong>cujus</strong></span> <span class='ocrx_word' id='word_1_382' title='bbox 1737 1564 1893 1605; x_wconf 83' lang='lat' dir='ltr'><strong>poematis</strong></span> <span class='ocrx_word' id='word_1_383' title='bbox 1917 1565 2049 1605; x_wconf 85' lang='lat' dir='ltr'><strong>singulis</strong></span> <span class='ocrx_word' id='word_1_384' title='bbox 2073 1567 2218 1599; x_wconf 84' lang='lat' dir='ltr'><strong>versibus</strong></span> 
     </span>
     <span class='ocr_line' id='line_1_57' title="bbox 1170 1622 2218 1665; baseline 0.003 -10"><span class='ocrx_word' id='word_1_385' title='bbox 1170 1632 1304 1656; x_wconf 89' lang='lat' dir='ltr'><strong>aureum</strong></span> <span class='ocrx_word' id='word_1_386' title='bbox 1320 1624 1470 1656; x_wconf 87' lang='lat' dir='ltr'><strong>staterem</strong></span> <span class='ocrx_word' id='word_1_387' title='bbox 1492 1622 1577 1655; x_wconf 89' lang='lat' dir='ltr'><strong>dono</strong></span> <span class='ocrx_word' id='word_1_388' title='bbox 1592 1623 1727 1664; x_wconf 87' lang='lat' dir='ltr'><strong>accepit,</strong></span> <span class='ocrx_word' id='word_1_389' title='bbox 1753 1623 1983 1665; x_wconf 84' lang='lat' dir='ltr'><strong>decretumque</strong></span> <span class='ocrx_word' id='word_1_390' title='bbox 2006 1625 2078 1665; x_wconf 82' lang='lat' dir='ltr'><strong>suit,</strong></span> <span class='ocrx_word' id='word_1_391' title='bbox 2095 1627 2131 1658; x_wconf 87' lang='lat' dir='ltr'><strong>ut</strong></span> <span class='ocrx_word' id='word_1_392' title='bbox 2144 1635 2218 1658; x_wconf 88' lang='lat' dir='ltr'><strong>cum</strong></span> 
     </span>
     <span class='ocr_line' id='line_1_58' title="bbox 1170 1682 1779 1723; baseline 0 -9"><span class='ocrx_word' id='word_1_393' title='bbox 1170 1683 1345 1715; x_wconf 82' lang='lat' dir='ltr'><strong>Homericis</strong></span> <span class='ocrx_word' id='word_1_394' title='bbox 1359 1682 1484 1723; x_wconf 82' lang='lat' dir='ltr'><strong>scriptis</strong></span> <span class='ocrx_word' id='word_1_395' title='bbox 1502 1682 1597 1715; x_wconf 90' lang='lat' dir='ltr'><strong>simul</strong></span> <span class='ocrx_word' id='word_1_396' title='bbox 1609 1682 1779 1723; x_wconf 83' lang='lat' dir='ltr'><strong>legeretur.</strong></span> 
     </span>
    </p>
   </div>
   <div class='ocr_carea' id='block_1_15' title="bbox 1169 1741 2220 2358">
    <p class='ocr_par' dir='ltr' id='par_1_24' title="bbox 1169 1741 2220 2358">
     <span class='ocr_line' id='line_1_59' title="bbox 1211 1741 2216 1784; baseline 0.002 -10"><span class='ocrx_word' id='word_1_397' title='bbox 1211 1745 1261 1774; x_wconf 83' lang='lat'><strong>76.</strong></span> <span class='ocrx_word' id='word_1_398' title='bbox 1290 1741 1519 1782; x_wconf 75' lang='lat' dir='ltr'><strong>Chrysippum</strong></span> <span class='ocrx_word' id='word_1_399' title='bbox 1554 1741 1778 1784; x_wconf 85' lang='lat' dir='ltr'><strong>philosophum</strong></span> <span class='ocrx_word' id='word_1_400' title='bbox 1811 1742 2026 1778; x_wconf 78' lang='lat' dir='ltr'><strong>criminantur</strong></span> <span class='ocrx_word' id='word_1_401' title='bbox 2050 1745 2216 1783; x_wconf 89' lang='lat' dir='ltr'><strong>nonnulli,</strong></span> 
     </span>
     <span class='ocr_line' id='line_1_60' title="bbox 1169 1790 2218 1835; baseline 0.004 -13"><span class='ocrx_word' id='word_1_402' title='bbox 1169 1790 1255 1831; x_wconf 88' lang='lat' dir='ltr'><strong>quod</strong></span> <span class='ocrx_word' id='word_1_403' title='bbox 1282 1790 1467 1831; x_wconf 82' lang='lat' dir='ltr'><strong>praevidisse</strong></span> <span class='ocrx_word' id='word_1_404' title='bbox 1490 1790 1598 1822; x_wconf 89' lang='lat' dir='ltr'><strong>animo</strong></span> <span class='ocrx_word' id='word_1_405' title='bbox 1625 1798 1660 1822; x_wconf 85' lang='lat' dir='ltr'><strong>se</strong></span> <span class='ocrx_word' id='word_1_406' title='bbox 1689 1790 1826 1830; x_wconf 67' lang='lat' dir='ltr'><strong>dixerit,</strong></span> <span class='ocrx_word' id='word_1_407' title='bbox 1858 1799 1923 1831; x_wconf 86' lang='lat' dir='ltr'><strong>qua</strong></span> <span class='ocrx_word' id='word_1_408' title='bbox 1946 1793 2068 1824; x_wconf 82' lang='lat' dir='ltr'><strong>ratione</strong></span> <span class='ocrx_word' id='word_1_409' title='bbox 2087 1793 2218 1835; x_wconf 80' lang='lat' dir='ltr'><strong>sapienti</strong></span> 
     </span>
     <span class='ocr_line' id='line_1_61' title="bbox 1169 1838 2219 1880; baseline 0.002 -9"><span class='ocrx_word' id='word_1_410' title='bbox 1169 1842 1312 1880; x_wconf 81' lang='lat' dir='ltr'><strong>quaestus</strong></span> <span class='ocrx_word' id='word_1_411' title='bbox 1325 1840 1366 1871; x_wconf 85' lang='lat' dir='ltr'><strong>sit</strong></span> <span class='ocrx_word' id='word_1_412' title='bbox 1381 1839 1554 1871; x_wconf 77' lang='lat' dir='ltr'><strong>faciendus.</strong></span> <span class='ocrx_word' id='word_1_413' title='bbox 1567 1841 1647 1871; x_wconf 85' lang='lat' dir='ltr'><strong>Nam</strong></span> <span class='ocrx_word' id='word_1_414' title='bbox 1664 1838 1755 1870; x_wconf 87' lang='lat' dir='ltr'><strong>aiunt</strong></span> <span class='ocrx_word' id='word_1_415' title='bbox 1769 1839 1863 1879; x_wconf 82' lang='lat' dir='ltr'><strong>quus</strong></span> <span class='ocrx_word' id='word_1_416' title='bbox 1878 1839 1922 1871; x_wconf 90' lang='lat' dir='ltr'><strong>rei</strong></span> <span class='ocrx_word' id='word_1_417' title='bbox 1935 1842 2037 1880; x_wconf 84' lang='lat' dir='ltr'><strong>gratia</strong></span> <span class='ocrx_word' id='word_1_418' title='bbox 2050 1842 2219 1874; x_wconf 87' lang='lat' dir='ltr'><strong>sectandus</strong></span> 
     </span>
     <span class='ocr_line' id='line_1_62' title="bbox 1169 1887 2219 1929; baseline 0.003 -9"><span class='ocrx_word' id='word_1_419' title='bbox 1169 1889 1198 1920; x_wconf 87' lang='lat' dir='ltr'><strong>ei</strong></span> <span class='ocrx_word' id='word_1_420' title='bbox 1216 1889 1360 1929; x_wconf 82' lang='lat' dir='ltr'><strong>quaestus</strong></span> <span class='ocrx_word' id='word_1_421' title='bbox 1376 1888 1457 1920; x_wconf 78' lang='lat' dir='ltr'><strong>erit?</strong></span> <span class='ocrx_word' id='word_1_422' title='bbox 1478 1890 1558 1920; x_wconf 86' lang='lat' dir='ltr'><strong>Nam</strong></span> <span class='ocrx_word' id='word_1_423' title='bbox 1580 1887 1605 1919; x_wconf 88' lang='lat' dir='ltr'><strong>si</strong></span> <span class='ocrx_word' id='word_1_424' title='bbox 1622 1887 1753 1927; x_wconf 90' lang='lat' dir='ltr'><strong>quidem</strong></span> <span class='ocrx_word' id='word_1_425' title='bbox 1777 1889 1812 1919; x_wconf 84' lang='lat' dir='ltr'><strong>ut</strong></span> <span class='ocrx_word' id='word_1_426' title='bbox 1831 1889 1930 1926; x_wconf 86' lang='lat' dir='ltr'><strong>vivat,</strong></span> <span class='ocrx_word' id='word_1_427' title='bbox 1953 1889 2062 1921; x_wconf 72' lang='lat' dir='ltr'><strong>vivere</strong></span> <span class='ocrx_word' id='word_1_428' title='bbox 2092 1890 2219 1923; x_wconf 73' lang='lat' dir='ltr'><strong>indisse-</strong></span> 
     </span>
     <span class='ocr_line' id='line_1_63' title="bbox 1170 1936 2220 1977; baseline 0.002 -8"><span class='ocrx_word' id='word_1_429' title='bbox 1170 1946 1242 1969; x_wconf 87' lang='lat' dir='ltr'><strong>rens</strong></span> <span class='ocrx_word' id='word_1_430' title='bbox 1257 1939 1324 1976; x_wconf 88' lang='lat' dir='ltr'><strong>est;</strong></span> <span class='ocrx_word' id='word_1_431' title='bbox 1346 1936 1461 1977; x_wconf 82' lang='lat' dir='ltr'><strong>quodsi</strong></span> <span class='ocrx_word' id='word_1_432' title='bbox 1484 1938 1520 1968; x_wconf 87' lang='lat' dir='ltr'><strong>ut</strong></span> <span class='ocrx_word' id='word_1_433' title='bbox 1541 1936 1666 1967; x_wconf 81' lang='lat' dir='ltr'><strong>fruatur</strong></span> <span class='ocrx_word' id='word_1_434' title='bbox 1690 1936 1875 1977; x_wconf 85' lang='lat' dir='ltr'><strong>voluptate,</strong></span> <span class='ocrx_word' id='word_1_435' title='bbox 1898 1939 1930 1969; x_wconf 83' lang='lat' dir='ltr'><strong>et</strong></span> <span class='ocrx_word' id='word_1_436' title='bbox 1945 1938 2013 1977; x_wconf 87' lang='lat' dir='ltr'><strong>ipsa</strong></span> <span class='ocrx_word' id='word_1_437' title='bbox 2035 1937 2220 1971; x_wconf 79' lang='lat' dir='ltr'><strong>indifferens</strong></span> 
     </span>
     <span class='ocr_line' id='line_1_64' title="bbox 1169 1985 2217 2026; baseline 0.002 -8"><span class='ocrx_word' id='word_1_438' title='bbox 1169 1987 1217 2018; x_wconf 88' lang='lat' dir='ltr'><strong>est</strong></span> <span class='ocrx_word' id='word_1_439' title='bbox 1231 1997 1240 2026; x_wconf 92' lang='lat'>;</span> <span class='ocrx_word' id='word_1_440' title='bbox 1254 1988 1279 2018; x_wconf 87' lang='lat' dir='ltr'><strong>si</strong></span> <span class='ocrx_word' id='word_1_441' title='bbox 1292 1987 1401 2018; x_wconf 88' lang='lat' dir='ltr'><strong>autem</strong></span> <span class='ocrx_word' id='word_1_442' title='bbox 1418 1985 1549 2016; x_wconf 88' lang='lat' dir='ltr'><strong>virtutis</strong></span> <span class='ocrx_word' id='word_1_443' title='bbox 1562 1993 1676 2022; x_wconf 85' lang='lat' dir='ltr'><strong>causa,</strong></span> <span class='ocrx_word' id='word_1_444' title='bbox 1696 1985 1815 2018; x_wconf 83' lang='lat' dir='ltr'><strong>sufficit</strong></span> <span class='ocrx_word' id='word_1_445' title='bbox 1829 1985 1895 2025; x_wconf 88' lang='lat' dir='ltr'><strong>ipsa</strong></span> <span class='ocrx_word' id='word_1_446' title='bbox 1911 1985 1952 2016; x_wconf 86' lang='lat' dir='ltr'><strong>ad</strong></span> <span class='ocrx_word' id='word_1_447' title='bbox 1966 1986 2091 2020; x_wconf 69' lang='lat' dir='ltr'><strong>beatam</strong></span> <span class='ocrx_word' id='word_1_448' title='bbox 2106 1988 2217 2020; x_wconf 85' lang='lat' dir='ltr'><strong>vitam.</strong></span> 
     </span>
     <span class='ocr_line' id='line_1_65' title="bbox 1170 2033 2218 2077; baseline 0.001 -9"><span class='ocrx_word' id='word_1_449' title='bbox 1170 2037 1252 2069; x_wconf 89' lang='lat' dir='ltr'><strong>sunt</strong></span> <span class='ocrx_word' id='word_1_450' title='bbox 1263 2037 1371 2068; x_wconf 82' lang='lat' dir='ltr'><strong>autem</strong></span> <span class='ocrx_word' id='word_1_451' title='bbox 1391 2033 1572 2076; x_wconf 83' lang='lat' dir='ltr'><strong>perridiculi</strong></span> <span class='ocrx_word' id='word_1_452' title='bbox 1594 2034 1626 2065; x_wconf 83' lang='lat' dir='ltr'><strong>et</strong></span> <span class='ocrx_word' id='word_1_453' title='bbox 1639 2035 1783 2073; x_wconf 83' lang='lat' dir='ltr'><strong>quaestus</strong></span> <span class='ocrx_word' id='word_1_454' title='bbox 1796 2034 2015 2074; x_wconf 80' lang='lat' dir='ltr'><strong>hujuscemodi</strong></span> <span class='ocrx_word' id='word_1_455' title='bbox 2036 2049 2043 2067; x_wconf 89' lang='lat'>:</span> <span class='ocrx_word' id='word_1_456' title='bbox 2059 2037 2177 2077; x_wconf 86' lang='lat' dir='ltr'><strong>quippe</strong></span> <span class='ocrx_word' id='word_1_457' title='bbox 2193 2038 2218 2069; x_wconf 86' lang='lat' dir='ltr'><strong>si</strong></span> 
     </span>
     <span class='ocr_line' id='line_1_66' title="bbox 1169 2082 2217 2126; baseline 0 -9"><span class='ocrx_word' id='word_1_458' title='bbox 1169 2085 1256 2126; x_wconf 88' lang='lat' dir='ltr'><strong>quia</strong></span> <span class='ocrx_word' id='word_1_459' title='bbox 1270 2094 1342 2125; x_wconf 86' lang='lat' dir='ltr'><strong>rege</strong></span> <span class='ocrx_word' id='word_1_460' title='bbox 1357 2083 1611 2125; x_wconf 86' lang='lat' dir='ltr'><strong>suppeditentur,</strong></span> <span class='ocrx_word' id='word_1_461' title='bbox 1626 2082 1868 2124; x_wconf 86' lang='lat' dir='ltr'><strong>obsequendum</strong></span> <span class='ocrx_word' id='word_1_462' title='bbox 1883 2083 1927 2114; x_wconf 89' lang='lat' dir='ltr'><strong>illi</strong></span> <span class='ocrx_word' id='word_1_463' title='bbox 1941 2084 2003 2116; x_wconf 83' lang='lat' dir='ltr'><strong>erit</strong></span> <span class='ocrx_word' id='word_1_464' title='bbox 2020 2086 2217 2125; x_wconf 81' lang='lat' dir='ltr'><strong>necessario;</strong></span> 
     </span>
     <span class='ocr_line' id='line_1_67' title="bbox 1169 2130 2218 2174; baseline 0.001 -8"><span class='ocrx_word' id='word_1_465' title='bbox 1169 2135 1194 2167; x_wconf 88' lang='lat' dir='ltr'><strong>si</strong></span> <span class='ocrx_word' id='word_1_466' title='bbox 1216 2136 1325 2166; x_wconf 87' lang='lat' dir='ltr'><strong>autem</strong></span> <span class='ocrx_word' id='word_1_467' title='bbox 1341 2134 1382 2166; x_wconf 88' lang='lat' dir='ltr'><strong>ab</strong></span> <span class='ocrx_word' id='word_1_468' title='bbox 1405 2133 1545 2166; x_wconf 87' lang='lat' dir='ltr'><strong>amicitia</strong></span> <span class='ocrx_word' id='word_1_469' title='bbox 1569 2130 1828 2173; x_wconf 84' lang='lat' dir='ltr'><strong>proficiscantur,</strong></span> <span class='ocrx_word' id='word_1_470' title='bbox 1845 2133 1969 2165; x_wconf 86' lang='lat' dir='ltr'><strong>venalis</strong></span> <span class='ocrx_word' id='word_1_471' title='bbox 1990 2134 2023 2165; x_wconf 87' lang='lat' dir='ltr'><strong>et</strong></span> <span class='ocrx_word' id='word_1_472' title='bbox 2035 2136 2218 2174; x_wconf 79' lang='lat' dir='ltr'><strong>quaestuosa</strong></span> 
     </span>
     <span class='ocr_line' id='line_1_68' title="bbox 1170 2181 2219 2223; baseline -0.002 -6"><span class='ocrx_word' id='word_1_473' title='bbox 1170 2185 1229 2217; x_wconf 87' lang='lat' dir='ltr'><strong>erit</strong></span> <span class='ocrx_word' id='word_1_474' title='bbox 1240 2183 1378 2216; x_wconf 65' lang='lat' dir='ltr'><strong>amicitia</strong></span> <span class='ocrx_word' id='word_1_475' title='bbox 1400 2197 1406 2215; x_wconf 80' lang='lat' dir='ltr'><strong><em>z</em></strong></span> <span class='ocrx_word' id='word_1_476' title='bbox 1419 2183 1467 2215; x_wconf 87' lang='lat' dir='ltr'><strong>sin</strong></span> <span class='ocrx_word' id='word_1_477' title='bbox 1478 2190 1554 2214; x_wconf 87' lang='lat' dir='ltr'><strong>vero</strong></span> <span class='ocrx_word' id='word_1_478' title='bbox 1567 2181 1746 2220; x_wconf 84' lang='lat' dir='ltr'><strong>asapientia</strong></span> <span class='ocrx_word' id='word_1_479' title='bbox 1756 2206 1765 2221; x_wconf 94' lang='lat'>‚</span> <span class='ocrx_word' id='word_1_480' title='bbox 1778 2182 1975 2214; x_wconf 85' lang='lat' dir='ltr'><strong>mercenaria</strong></span> <span class='ocrx_word' id='word_1_481' title='bbox 1990 2183 2051 2215; x_wconf 89' lang='lat' dir='ltr'><strong>erit</strong></span> <span class='ocrx_word' id='word_1_482' title='bbox 2063 2183 2219 2223; x_wconf 85' lang='lat' dir='ltr'><strong>sapientia</strong></span> 
     </span>
     <span class='ocr_line' id='line_1_69' title="bbox 1171 2226 2219 2272; baseline -0.002 -8"><span class='ocrx_word' id='word_1_483' title='bbox 1171 2232 1329 2272; x_wconf 85' lang='lat' dir='ltr'>(D.V111.</span> <span class='ocrx_word' id='word_1_484' title='bbox 1347 2231 1430 2271; x_wconf 82' lang='lat'>126).</span> <span class='ocrx_word' id='word_1_485' title='bbox 1447 2231 1541 2262; x_wconf 87' lang='lat' dir='ltr'><strong>Hunc</strong></span> <span class='ocrx_word' id='word_1_486' title='bbox 1562 2227 1602 2259; x_wconf 88' lang='lat' dir='ltr'><strong>ad</strong></span> <span class='ocrx_word' id='word_1_487' title='bbox 1621 2226 1852 2269; x_wconf 88' lang='lat' dir='ltr'><strong>philosophiam</strong></span> <span class='ocrx_word' id='word_1_488' title='bbox 1864 2229 2034 2262; x_wconf 87' lang='lat' dir='ltr'><strong>accessisse</strong></span> <span class='ocrx_word' id='word_1_489' title='bbox 2051 2230 2219 2270; x_wconf 78' lang='lat' dir='ltr'><strong>perhibent</strong></span> 
     </span>
     <span class='ocr_line' id='line_1_70' title="bbox 1169 2273 2215 2319; baseline -0.001 -9"><span class='ocrx_word' id='word_1_490' title='bbox 1169 2279 1340 2319; x_wconf 86' lang='lat' dir='ltr'><strong>postquam</strong></span> <span class='ocrx_word' id='word_1_491' title='bbox 1368 2286 1418 2310; x_wconf 88' lang='lat' dir='ltr'><strong>res</strong></span> <span class='ocrx_word' id='word_1_492' title='bbox 1440 2278 1572 2317; x_wconf 88' lang='lat' dir='ltr'><strong>paterna</strong></span> <span class='ocrx_word' id='word_1_493' title='bbox 1595 2273 1628 2305; x_wconf 86' lang='lat' dir='ltr'><strong>in</strong></span> <span class='ocrx_word' id='word_1_494' title='bbox 1653 2273 1766 2307; x_wconf 84' lang='lat' dir='ltr'><strong>fiscum</strong></span> <span class='ocrx_word' id='word_1_495' title='bbox 1789 2277 1910 2317; x_wconf 87' lang='lat' dir='ltr'><strong>regium</strong></span> <span class='ocrx_word' id='word_1_496' title='bbox 1932 2276 2102 2318; x_wconf 82' lang='lat' dir='ltr'><strong>absumpta</strong></span> <span class='ocrx_word' id='word_1_497' title='bbox 2123 2279 2215 2310; x_wconf 88' lang='lat' dir='ltr'><strong>esset.</strong></span> 
     </span>
     <span class='ocr_line' id='line_1_71' title="bbox 1171 2326 1284 2358; baseline -0.018 0"><span class='ocrx_word' id='word_1_498' title='bbox 1171 2326 1284 2358; x_wconf 78' lang='lat' dir='ltr'><strong>Finis.</strong></span> 
     </span>
    </p>
   </div>
   <div class='ocr_carea' id='block_1_16' title="bbox 80 2392 1396 2408">
    <p class='ocr_par' dir='ltr' id='par_1_25' title="bbox 80 2392 1396 2408">
     <span class='ocr_line' id='line_1_72' title="bbox 80 2392 1396 2408; baseline 0 1316"><span class='ocrx_word' id='word_1_499' title='bbox 80 2392 1396 2408; x_wconf 95' lang='lat' dir='ltr'><strong> </strong></span> 
     </span>
    </p>
   </div>
   <div class='ocr_carea' id='block_1_17' title="bbox 110 2426 566 2472">
    <p class='ocr_par' dir='ltr' id='par_1_26' title="bbox 110 2426 566 2472">
     <span class='ocr_line' id='line_1_73' title="bbox 110 2426 566 2472; baseline -0.011 -8"><span class='ocrx_word' id='word_1_500' title='bbox 110 2432 180 2472; x_wconf 87' lang='lat'><strong>§72</strong></span> <span class='ocrx_word' id='word_1_501' title='bbox 190 2433 290 2463; x_wconf 85' lang='lat'><strong>—75.</strong></span> <span class='ocrx_word' id='word_1_502' title='bbox 311 2429 430 2463; x_wconf 69' lang='lat' dir='ltr'><strong>Eadtm</strong></span> <span class='ocrx_word' id='word_1_503' title='bbox 443 2426 566 2461; x_wconf 80' lang='lat' dir='ltr'><strong>suidas.</strong></span> 
     </span>
    </p>
   </div>
   <div class='ocr_carea' id='block_1_18' title="bbox 254 3447 885 3474">
    <p class='ocr_par' dir='ltr' id='par_1_27' title="bbox 254 3447 885 3474">
     <span class='ocr_line' id='line_1_74' title="bbox 254 3447 885 3474; baseline 0.005 -5"><span class='ocrx_word' id='word_1_504' title='bbox 254 3447 442 3471; x_wconf 70' lang='lat' dir='ltr'><strong>FRAGMENTA</strong></span> <span class='ocrx_word' id='word_1_505' title='bbox 464 3448 592 3472; x_wconf 78' lang='lat' dir='ltr'><strong>lllSTOR·</strong></span> <span class='ocrx_word' id='word_1_506' title='bbox 614 3448 668 3472; x_wconf 77' lang='lat' dir='ltr'><strong>GR.</strong></span> <span class='ocrx_word' id='word_1_507' title='bbox 690 3457 724 3464; x_wconf 86' lang='grc'><strong>-·</strong></span> <span class='ocrx_word' id='word_1_508' title='bbox 745 3449 818 3474; x_wconf 75' lang='lat' dir='ltr'>VOL-</span> <span class='ocrx_word' id='word_1_509' title='bbox 841 3450 885 3473; x_wconf 79' lang='lat' dir='ltr'><strong>iv.</strong></span> 
     </span>
    </p>
   </div>
   <div class='ocr_carea' id='block_1_19' title="bbox 1995 3427 2024 3451">
    <p class='ocr_par' dir='ltr' id='par_1_28' title="bbox 1995 3427 2024 3451">
     <span class='ocr_line' id='line_1_75' title="bbox 1995 3427 2024 3451; baseline -0.034 0"><span class='ocrx_word' id='word_1_510' title='bbox 1995 3427 2024 3451; x_wconf 84' lang='lat'><strong>12</strong></span> 
     </span>
    </p>
   </div>
  </div>
 </body>
</html>
