2372 3704
109 265 182 298 332

519 383 528 392 τ
595 365 653 390 11.

154 429 290 464 Athen.
313 429 351 473 1,
373 441 413 477 p.
444 440 514 475 22,
534 427 594 467 A:
616 427 839 479 Ἀριστοκλης
855 442 937 478 γουν
956 442 1074 480 φησιν,
1094 426 1146 466 ὅτι

99 484 296 535 Τελέστης,
314 487 332 523 6
351 485 531 536 Αἰσχύλου
557 484 754 536 ὀρχηστὴς,
777 484 883 529 οὕτως
902 489 943 532 ἠν
966 486 1145 537 τεχνίτης,

98 544 190 581 ὥστε
210 545 244 581 ἐν
273 546 322 596 τῷ
350 545 528 596 ὀρχεῖσθαι
551 543 629 587 τοὺς
648 542 800 582 ‘Exuit'
786 542 843 581 επὶ
866 543 994 591 Θήὸας
1014 543 1146 597 φανερὰ

98 604 242 649 ποιῆσαι
259 601 303 640 τὰ
321 602 517 655 πράγματα
535 603 579 640 δι’
598 601 787 654 ὀρχήσεως.

590 692 650 716 12.

947 733 954 749 Ι

151 760 258 797 Idem
283 761 351 807 IV,
372 773 411 810 p.
438 763 510 807 174
525 787 536 806 ,
555 761 583 797 B
605 771 615 799 :
636 757 787 811 Ἱστορεῖ
804 757 1024 810 Ἀριστοκλῆς
1039 758 1074 795 ἐν
1094 758 1144 810 τῷ

96 817 187 870 Περὶ
202 819 316 870 χορῶν
331 817 458 856 οὑτωσί
476 833 550 861 πως
565 817 690 868 λέγων·
711 835 728 851 «ι
744 817 910 864 Ζητειται
912 816 1059 887 “rto-repa
1075 817 1143 853 τῶν

96 876 320 925 ἔμπνευστων
340 875 433 913 ἐστιν
449 874 607 948 ὀργάνων
624 878 646 922 ἡ
671 873 833 935 ὕδραυλις
847 874 870 921 ἢ
889 890 958 912 των
975 875 1140 912 ἐντατων.

96 932 328 985 Αριστόξενος
348 933 410 984 μὲν
430 949 488 971 ουν
508 936 610 971 τοῦτο
629 933 691 971 οὒκ
715 926 799 972 οἶδε.
818 932 968 984 Λέγεται
987 930 1023 970 δὲ
1041 931 1145 970 Πλά-

98 1007 192 1029 τωνα
211 991 337 1044 μικράν
353 1006 430 1030 τινα
445 991 575 1029 ἔννοιαν
595 992 713 1029 δοῦναι
728 994 787 1029 τοῦ
803 989 1143 1039 κατασκευάσματος

99 1050 295 1112 νυκτερινὸν
309 1049 506 1096 ποιήσαντα
522 1049 710 1101 ὡρολόγιον
734 1049 841 1092 ἐοικὸς
857 1051 907 1101 τῷ
927 1049 1144 1102 υδραυλικῷ,

95 1113 165 1148 οἷον
180 1107 376 1161 κλεψυδραν
391 1107 548 1159 μεγάλην
558 1107 652 1148 λίαν.
668 1107 740 1146 Καὶ
759 1106 798 1144 τὸ
814 1107 1021 1168 ὑδραυλικὸν
1038 1106 1111 1144 δὲ’
1091 1122 1145 1159 ορ-

94 1183 199 1217 γανον
213 1169 308 1205 δοκεῖ
322 1165 413 1204 κατὰ
423 1165 620 1219 κλεψύδραν
637 1169 737 1205 εἶναι.
751 1164 921 1204 Ἕντατὸν
937 1169 995 1203 οὖν
1010 1181 1070 1203 και
1083 1181 1145 1203 κα-

94 1225 224 1263 θαπτὸν
239 1227 301 1263 οὐκ
314 1224 355 1263 ἂν
372 1224 564 1275 νομισθείη,
578 1223 791 1274 ἐμπνευστὸν
808 1223 871 1262 8’
854 1240 894 1262 αν
909 1223 992 1268 ἴσως
1010 1223 1142 1276 ῥηθείη,

97 1284 154 1322 διὰ
172 1285 212 1322 τὸ
229 1283 436 1334 ἐμπνεῖσθαι
452 1282 491 1321 τὸ
513 1282 659 1334 ὄργανον
687 1282 755 1321 υπὸ
776 1298 836 1322 του
866 1282 998 1326 ὕδατος.
1024 1285 1141 1322 Κατε-

94 1341 311 1394 στραμμένοι
328 1341 393 1394 γάρ
410 1342 494 1379 εἶσιν
509 1343 539 1379 οἱ
557 1340 657 1380 αὐλοὶ
671 1342 719 1386 εἷς
733 1341 771 1380 τὸ
786 1340 898 1393 ὕδωρ,
916 1341 975 1378 καὶ
992 1342 1141 1391 ἀρασσο-

95 1399 198 1448 μένου
220 1403 279 1438 τοῦ
297 1398 419 1443 ὕδατος
446 1398 514 1437 ὑπό
541 1414 631 1444 τινος
645 1398 847 1447 νεανίσκου,
873 1399 923 1437 ἔτι
939 1398 974 1436 δὲ
994 1399 1141 1437 διικνου-

95 1457 206 1507 μένων
227 1457 346 1502 ἀξινῶν
364 1456 420 1494 διὰ
433 1459 493 1495 τοῦ
511 1456 657 1509 ὀργάνου
669 1488 678 1504 ,
696 1456 904 1508 ἐμπνέονται
922 1458 952 1494 οἱ
967 1456 1067 1494 αὐλοὶ
1080 1457 1139 1495 καὶ

93 1511 179 1568 ἦχον
202 1517 407 1554 ἀποτελοῦσι
426 1518 598 1567 προσηνῆ.
614 1513 737 1555 Ἔοικε
753 1515 787 1553 δὲ
805 1516 844 1553 τὸ
865 1515 1010 1568 ὄργανον
1030 1518 1139 1567 βωμῷ

96 1573 313 1646 στρογγύλῳ.
337 1573 411 1612 Καί
433 1589 517 1627 φασι
545 1577 644 1612 τοῦτο
667 1576 830 1626 εὑρῆσθαι
852 1573 918 1612 ὕπὸ
946 1573 1139 1620 Κτησιὸίου

93 1633 261 1687 κουρέως,
290 1633 437 1670 ἐνταῦθα
457 1633 629 1675 οἰκοῦντος
648 1633 682 1670 ἓν
701 1635 745 1685 τῇ
772 1631 975 1684 Ἀσπενδία,
996 1632 1053 1670 ἐπι
1079 1636 1138 1670 τοῦ

94 1691 252 1751 δευτέρου
273 1690 489 1743 Εὐεργέτου·
506 1690 695 1743 διαπρέψαι
709 1690 747 1728 τέ
764 1706 847 1743 φασι
862 1662 1033 1742 μεγάλως.
1051 1693 1140 1730 ’-Γου

92 1749 164 1788 τονὶ
183 1753 242 1787 οὖν
258 1764 317 1787 και
336 1749 398 1795 τὴν
421 1750 527 1786 αυτοῧ
550 1748 685 1793 διδάξαι
704 1754 853 1799 γυναῖκα
873 1749 1004 1787 Θαίδα.
1029 1767 1043 1783 »

146 1809 207 1846 Ad
228 1809 425 1844 Aristoclis
451 1806 539 1859 Περὶ
557 1809 671 1859 χορῶν
694 1821 791 1858 opus
809 1809 1005 1845 referenda
1025 1810 1138 1845 etiam

91 1875 187 1917 puto
202 1879 283 1914 quae
296 1867 471 1915 leguntur
485 1878 546 1914 ap.
562 1866 682 1903 Bekk.
699 1868 772 1903 An.
789 1879 830 1916 p.
847 1865 918 1909 451
940 1867 987 1903 de
1002 1867 1138 1904 Asiade

93 1926 251 1960 cithara.
272 1924 378 1960 Libri
398 1923 453 1959 ihi
477 1935 550 1971 pro
581 1923 767 1959 Aristocle
787 1923 966 1960 exhibent
988 1924 1137 1960 Aristo-

92 1982 274 2032 telem(v.
297 1982 375 2030 ejus
394 1982 439 2018 fr.
461 1980 578 2030 259).

145 2041 340 2077 Aristoclis
353 2040 402 2075 ad
410 2039 687 2088 Apollodorum
700 2039 896 2088 epistolam
907 2052 1136 2076 commemo-

91 2107 152 2135 rat
169 2101 368 2137 Athenaeus
386 2099 489 2143 XIV,
503 2111 545 2147 p.
566 2097 661 2144 636,
681 2099 710 2135 F
736 2110 746 2134 t
767 2095 1024 2150 Ἀπολλόδωρος
1039 2098 1073 2134 ἐν
1093 2099 1135 2149 τῇ

91 2156 178 2208 πρὸς
199 2155 263 2203 τὴν
284 2155 542 2208 Ἀριστοκλέους
569 2153 758 2201 ἐπιστολὴν
779 2156 995 2208 ἀντιγραφῇ,
1016 2154 1034 2193 ὃ
1064 2159 1135 2203 νῦν,

91 2214 208 2267 φησὶν,
227 2217 328 2263 ἡμεῖς
348 2213 489 2264 λέγομεν
511 2212 718 2266 ψαλτήριον,
743 2215 836 2251 τοῦτ’
856 2208 944 2251 εἶναι
970 2212 1133 2265 μάγαδιν,

92 2275 110 2310 6
126 2273 162 2310 δὲ
186 2272 401 2325 κλεψίαμὸος
426 2271 580 2318 κληθεὶς,
599 2270 650 2308 ἔτι
671 2271 706 2309 δὲ
724 2273 741 2309 6
757 2271 920 2323 τρίγωνος
935 2271 995 2309 καὶ
1016 2275 1034 2309 6
1053 2270 1136 2310 ἔλυ-

92 2346 154 2381 μος
168 2330 228 2369 καὶ
245 2330 284 2369 τὸ
302 2330 524 2382 ἐννεάχορδον
543 2329 766 2382 ἀμαυρότερα
786 2333 829 2383 τῇ
846 2329 948 2383 χρεία
967 2329 1135 2377 καθέστη-

590 2448 645 2480 11.

131 2515 303 2549 Aristocles
315 2514 393 2547 dicit
402 2514 562 2546 Telestem
577 2513 717 2554 AEschyli
729 2513 928 2566 saltatorem,
939 2515 1040 2547 artem
1049 2514 1136 2546 illam

90 2570 136 2603 sic
148 2569 302 2608 coluisse,
327 2568 366 2599 ut
389 2575 489 2608 quum
504 2567 636 2598 saltaret
660 2567 788 2607 Septem
810 2567 908 2598 duces
929 2567 970 2599 ad
994 2567 1135 2608 Thebas,

90 2631 142 2654 res
154 2621 195 2653 ab
210 2621 261 2653 his
276 2621 378 2661 gestas
393 2619 571 2652 saltationis
592 2619 732 2660 gestibus
750 2619 914 2652 evidentes
931 2619 1032 2652 oculis
1058 2620 1135 2652 sub-

88 2674 211 2715 jecerit.

587 2727 603 2759 1
609 2727 630 2759 2
635 2749 644 2758 .

131 2794 243 2827 Tradit
272 2792 441 2826 Aristocles
458 2792 491 2824 in
517 2791 599 2824 libro
626 2793 673 2824 De
697 2790 803 2824 choris
829 2791 874 2823 ita
902 2791 967 2824 sere
991 2789 1100 2823 dicens
1124 2803 1132 2823 ε

91 2859 109 2874 «ι
126 2846 288 2883 Quaeritur
313 2844 476 2885 hydraulis
490 2845 601 2876 utrum
617 2851 659 2875 ex
683 2842 906 2875 instrumentis
930 2843 973 2875 sit
987 2851 1061 2883 quae
1082 2842 1133 2874 in-

89 2899 219 2937 llantur,
231 2906 272 2928 an
290 2906 332 2929 ex
357 2897 396 2928 iis
411 2905 484 2937 quac
508 2895 743 2928 intenduntur?
770 2896 978 2928 Aristoxenus
1005 2894 1132 2935 quidem

89 2950 152 2982 hoc
171 2949 337 2990 ignoravit.
358 2948 519 2980 Platonem
537 2957 613 2980 vero
629 2947 719 2980 aiunt
737 2955 870 2988 parvam
894 2946 1055 2988 quandam
1072 2955 1132 2978 no-

88 3001 209 3033 tionem
222 3000 319 3039 hujus
327 2999 453 3031 fabricae
462 2999 646 3038 ostendisse,
655 2999 850 3031 nocturnum
865 2997 1032 3031 facientem
1042 2997 1132 3029 horo·

88 3053 206 3093 logium
222 3051 409 3092 hydraulico
430 3051 548 3092 simile,
561 3051 661 3084 veluti
671 3051 867 3093 clepsydram
880 3050 1054 3083 admodum
1066 3059 1131 3082 ma-

87 3114 195 3146 gnam.
211 3105 252 3136 Et
275 3103 403 3136 videtur
418 3104 523 3144 ipsum
546 3113 701 3145 organum
723 3104 948 3146 hydraulicum
969 3103 1133 3144 clepsydra

88 3165 167 3189 esse.
195 3156 293 3196 igitur
310 3163 374 3187 non
389 3155 423 3187 in
435 3164 548 3187 eorum
563 3165 698 3188 numero
715 3155 899 3188 habendum
924 3155 1039 3196 fuerit,
1058 3163 1132 3196 quae

89 3208 268 3241 tenduntur
290 3207 549 3248 pulsanturque:
576 3208 765 3248 inspiratum
790 3217 867 3241 vero
885 3209 992 3240 forsan
1015 3207 1133 3240 rectius

87 3259 224 3300 dicetur,
241 3258 390 3300 quoniam
406 3258 447 3290 ab
459 3267 543 3299 aqua
555 3259 700 3299 spiritum
722 3259 848 3300 accipit.
863 3262 944 3292 Nam
963 3259 994 3291 in
1013 3267 1131 3300 aquam

88 3312 231 3343 obversae
244 3311 318 3343 sunt
329 3310 444 3343 fistulae
460 3322 467 3342 ε
482 3311 514 3342 et
524 3318 639 3351 aquam
653 3311 791 3351 agitante
801 3311 920 3352 juvene
933 3311 1052 3352 aliquo,
1067 3311 1132 3343 axi-

87 3363 213 3403 busque
227 3371 282 3403 per
301 3362 551 3394 instrumentum
567 3361 831 3402 pervadentibus,
847 3362 998 3395 inflantur
1014 3362 1131 3395 fistulae

89 3416 121 3447 et
142 3417 266 3456 gratum
291 3414 390 3448 edunt
413 3423 538 3447 sonum.
560 3414 669 3448 Simile
691 3414 739 3447 est
760 3415 868 3448 autem
893 3416 955 3448 hoc
976 3423 1130 3457 organum

993 246 1360 287 ARISTOCRATIS

1207 349 1258 373 κε,
1278 336 1538 386 Apollodorus
1556 338 1620 376 ille
1651 340 1717 388 qui
1743 340 1791 377 sit
1818 341 1959 379 nescio.
1985 342 2040 379 Ne
2068 341 2115 378 de
2136 344 2251 380 Athe-

1207 395 1327 431 niensi
1348 398 1595 444 grammatico
1614 400 1822 447 cogitemus
1835 427 1846 445 ,
1866 407 2039 448 tempora
2058 401 2223 440 obstant.

1260 454 1485 490 Aristoclem
1505 455 1604 491 libro
1632 458 1758 505 primo
1775 459 1831 493 De
1857 459 2045 506 republica
2062 459 2251 495 Laconica

1207 511 1338 547 laudat
1364 513 1563 549 Athenaeus
1581 526 1621 562 p.
1649 518 1742 563 140,
1759 517 1811 560 133
1832 528 1966 551 verum
1985 528 2102 564 quum
2121 518 2252 565 paullo

1205 576 1294 617 post
1319 569 1379 605 bis
1399 570 1575 607 laudetur
1601 573 1772 608 Nicocles
1793 575 1936 618 Lacon,
1959 581 2061 610 recte
2083 576 2252 612 statuisse

1208 626 1355 662 videtur
1371 628 1728 677 Schweighaeuserus
1744 633 1968 668 Aristoclem
1983 633 2090 668 illum
2112 633 2251 670 scriba·

1205 695 1291 720 rum
1306 697 1435 722 errore
1453 695 1585 723 natum
1600 700 1678 725 esse
1694 701 1740 726 ex
1751 690 1909 727 Nicocle
1929 689 1942 741 (
1955 691 2022 740 uhi
2041 691 2168 742 vide).

1619 819 1834 836 ἥθ’-

1441 922 2010 987 ARISTOCRATES.

1257 1065 1470 1114 Hipparchi
1496 1065 1616 1112 filius,
1641 1069 1949 1106 Lacedaemonius
1974 1069 2037 1119 (fr.
2059 1068 2104 1122 2)
2124 1071 2249 1120 primo

1204 1124 1263 1160 vel
1281 1124 1447 1160 secundo
1467 1133 1553 1162 ante
1572 1126 1762 1163 Christum
1775 1130 1902 1166 seculo
1921 1130 2083 1179 scripsit.

1587 1235 1869 1278 ΛΑΚΩΝΙΚΑ.

1707 1341 1741 1366 1.

1494 1422 1524 1458 E
1550 1422 1702 1460 LIBRO
1733 1424 1950 1471 QUARTO.

1224 1527 1229 1530 ·
1253 1514 1452 1550 Athenaeus
1470 1516 1543 1563 III,
1566 1528 1607 1564 p.
1632 1515 1697 1561 82,
1718 1517 1749 1552 E
1771 1528 1780 1554 :
1803 1515 2013 1566 «Ἐπιμηλὶς
2031 1516 2067 1556 δὲ
2089 1518 2247 1557 καλεῖται

1203 1570 1307 1623 (φησὶ
1326 1571 1530 1624 Πάμφιλος)
1548 1575 1616 1610 τῶν
1637 1572 1750 1610 ἀπίων
1768 1588 1802 1611 τι
1817 1574 1921 1624 γένος.
1942 1593 1959 1608 ι·
1976 1573 2194 1628 Ἑσπερίδων
2211 1576 2247 1615 δὲ

1202 1630 1299 1679 μηλα
1318 1628 1424 1674 οὕτως
1444 1630 1626 1669 καλεῖσθαί
1642 1630 1718 1668 τινά
1739 1646 1823 1684 φησι
1848 1632 2083 1684 Τιμαχίδας’
2067 1649 2102 1672 εν
2118 1636 2167 1686 τῷ
2185 1649 2247 1672 τε-

1200 1687 1316 1740 τάρτῳ
1336 1688 1506 1728 Δείπνων.
1531 1689 1638 1728 Και’
1623 1705 1657 1727 εν
1681 1689 1918 1740 Λακεδαίμονι
1938 1691 1974 1729 δὲ
1994 1674 2245 1753 παρατίθεσθαι

1200 1751 1269 1790 τοῖς
1288 1749 1374 1790 θεοῖς
1391 1762 1476 1799 φησι
1503 1747 1692 1799 Πάμφιλος
1709 1763 1837 1784 ταυτα·
1865 1747 1998 1799 εὔοσμα
2023 1749 2059 1787 δὲ
2078 1754 2165 1788 εἶναι
2183 1751 2245 1789 καὶ

1201 1803 1343 1856 ἅὸρωτα
1358 1833 1370 1855 ,
1391 1806 1571 1843 καλεῖσθαι
1593 1805 1621 1842 δ’
1641 1804 1859 1858 Ἑσπερίδων
1886 1808 1997 1857 μηλα.
2021 1807 2246 1860 Ἀριστοκρά-

1199 1877 1260 1908 της
1278 1865 1359 1913 γοῢν
1379 1864 1415 1901 ἐν
1443 1862 1599 1915 τετάρτῳ
1626 1865 1859 1902 Λακωνικων·
1881 1881 1896 1900 α
1915 1862 2048 1904 Ἔτιδὲ
2069 1866 2165 1916 μῆλα
2183 1866 2245 1904 καὶ

1200 1919 1262 1964 τὰς
1277 1919 1466 1972 λεγομένας
1482 1920 1702 1974 Ἑσπερίδας.
1721 1939 1736 1956 »

1700 2023 1737 2046 2.

1252 2097 1443 2134 Plutarch.
1460 2098 1552 2146 Lyc.
1572 2109 1604 2135 c.
1624 2102 1646 2141 4
1668 2111 1676 2134 :
1693 2096 1779 2136 “Ori
1797 2096 1832 2135 δὲ
1847 2096 1907 2136 καὶ
1919 2096 2056 2144 Λιὸύην
2069 2097 2128 2136 καὶ
2144 2097 2244 2145 ’16η-

1200 2153 1275 2206 ρίαν
1293 2156 1442 2203 ἐπῆλθεν
1459 2157 1477 2193 ὁ
1494 2157 1710 2207 Λυκοῦργος,
1730 2156 1790 2194 καὶ
1805 2156 1884 2207 περὶ
1903 2155 1966 2202 τὴν
1986 2156 2133 2204 Ἰνδικὴν
2149 2161 2241 2197 πλα·

1198 2213 1311 2260 νηθεὶς
1342 2218 1414 2256 τοῖς
1448 2219 1740 2265 γυμνοσοφισταῖς
1781 2214 1974 2264 ὡμίλησεν,
2002 2214 2122 2253 οὐδένα
2149 2214 2240 2261 πλὴν

1197 2270 1446 2324 Ἀριστοκράτη
1475 2271 1535 2310 τὸν
1571 2270 1769 2325 Ἱππάρχου
1807 2272 2034 2325 Σπαρτιάτην
2075 2272 2238 2325 εἰρηκότα

1196 2345 1423 2382 γινωσκομεν.

1199 2448 1263 2472 arae
1279 2440 1425 2472 rotundae
1443 2452 1451 2472 ε
1467 2439 1641 2481 dicuntque
1654 2441 1818 2473 inventum
1832 2449 1899 2472 esse
1911 2448 1930 2471 a
1944 2440 2084 2473 Ctesibio
2099 2440 2240 2481 tonsore,

1198 2492 1251 2524 hic
1278 2493 1440 2525 habitante
1465 2493 1498 2524 in
1514 2493 1670 2533 Aspendia
1690 2493 1904 2534 [Alexandriae
1922 2493 2007 2534 vico]
2024 2493 2092 2535 sub>
2100 2493 2240 2525 secundo

1197 2547 1362 2584 Evergete‚
1373 2546 1405 2576 et
1412 2544 1503 2577 valde
1510 2545 1599 2577 aiunt
1609 2545 1793 2578 excelluisse
1804 2555 1812 2576 :
1825 2545 1910 2577 huuc
1918 2547 1993 2578 vero
2002 2545 2098 2579 etiam
2105 2554 2239 2579 uxorem

1196 2604 1287 2628 suam
1300 2595 1454 2628 Thaidem
1471 2594 1628 2628 docuisse.
1644 2608 1660 2624 n

1583 2682 1853 2723 LACONICA.

1236 2825 1406 2866 Epimelis
1433 2826 1584 2866 vocatur,
1613 2826 1659 2858 ait
1684 2827 1887 2868 Pamphilus,
1904 2827 2046 2867 pirorum
2074 2825 2240 2867 quoddam.

1193 2885 1301 2917 genus,
1321 2879 1394 2908 Esse
1417 2877 1574 2908 malorum
1589 2885 1706 2917 genus,
1733 2887 1807 2919 quae
1833 2877 2064 2918 Hesperidum
2078 2878 2175 2911 mala
2190 2879 2236 2910 di-

1193 2930 1325 2968 cautur,
1340 2928 1385 2960 ait
1408 2928 1611 2960 Timachidas
1626 2930 1742 2968 quarto
1758 2929 1839 2961 libro
1853 2929 2010 2962 convivii.
2030 2931 2075 2960 Ea
2091 2929 2236 2962 Lacedae-

1193 2988 1288 3011 mone
1309 2979 1369 3012 diis
1383 2980 1500 3020 apponi
1512 2980 1557 3012 ait
1569 2980 1774 3020 Pamphilus3
1791 2989 1859 3013 esse
1873 2981 1981 3012 autem
1998 2981 2051 3012 illa
2064 2981 2235 3021 fragrantia

1192 3032 1343 3074 quidem,
1365 3032 1469 3064 sedin
1494 3032 1603 3064 cibum
1628 3041 1693 3064 non
1719 3033 1855 3065 admitti.
1874 3033 2087 3066 Aristocrates
2104 3033 2235 3074 quidem

1192 3086 1307 3127 quarto
1336 3087 1454 3117 Rerum
1474 3084 1706 3117 Laconicarum
1732 3085 1843 3118 scribit
1873 3094 1881 3116 :
1904 3097 1920 3113 α
1938 3086 2069 3126 lusuper
2093 3084 2179 3117 mala
2202 3085 2235 3118 et

1192 3145 1271 3178 quas
1285 3136 1473 3177 Hesperidas
1484 3137 1613 3169 vocant.
1631 3147 1648 3164 υ

1694 3191 1729 3224 2.

1231 3256 1372 3294 Africam
1388 3263 1517 3296 quoque
1539 3253 1572 3286 et
1590 3253 1772 3295 Hispaniam
1785 3262 1803 3286 a
1819 3255 1964 3295 Lycurgo
1988 3254 2090 3287 aditas
2101 3279 2111 3295 ,
2138 3263 2231 3296 vaga-

1190 3310 1327 3350 tumque
1351 3316 1425 3340 eum
1439 3315 1494 3348 per
1513 3305 1657 3347 Indiam,
1677 3314 1753 3338 cum
1769 3306 2045 3348 Gymnosophistis
2068 3308 2228 3339 versatum

1191 3369 1276 3400 esse,
1302 3360 1418 3401 praeter
1441 3358 1668 3391 Aristocratem
1693 3357 1865 3400 Hipparchi
1882 3357 2003 3399 lilium,
2020 3359 2233 3399 Spartanum2

1190 3414 1246 3455 qui
1260 3411 1441 3452 tradiderit,
1451 3411 1612 3444 neminem
1627 3410 1746 3443 inveni.
