2326 3724
932 222 1266 264 FRAGMENTA.

13 323 204 375 περιουσῶν
225 336 293 358 των
323 318 563 369 δικαιολογιῶν
592 317 641 369 τῷ
675 315 819 353 ἕκαστον
850 310 980 351 ἐθέλειν
1014 314 1059 364 τῇ

14 381 92 421 κατ’
117 380 219 419 αὐτὸν
242 376 422 431 πολιτεία,
453 379 509 415 οἱα
538 375 648 425 εἷκος,
678 372 907 412 εὐνούστατον
937 370 1061 409 ἑαυτὸν

14 441 215 493 ἄποφηναι,
235 438 332 482 τέλος
356 438 389 480 ἐς
406 433 624 488 δημηγορίαν
641 435 774 485 πρῶτοι
798 431 975 482 Ρωμαῖοι
996 445 1061 469 κα-

12 497 199 546 τέστησαν.

361 582 425 624 47.
455 575 566 629 (577.
601 574 714 624 578.)

67 660 218 698 Ibidem
242 672 283 709 p.
319 661 524 701 120—124
553 668 562 695 :
586 652 674 694 ‘'O-cz
705 654 737 692 οἱ
765 652 927 728 πρέσὸεις
945 651 1066 697 ξυνελ-

15 717 128 761 θόντες
146 733 183 756 τε
203 717 263 756 καὶ
282 717 328 760 εἷς
348 714 383 754 ἓν
399 714 578 766 γενόμενοι
596 713 686 753 κατὰ
706 711 748 760 δὴ
771 711 816 751 τὰ
836 711 914 765 ὅρια
938 728 1001 759 της
1020 710 1066 750 ἕω

14 775 84 822 ἐξ’
65 774 266 830 αμφοτέρας
279 773 474 821 πολιτείας,
488 772 551 820 τὴν
567 772 706 826 εἷρήνην
723 770 815 815 ὅπως
831 771 1066 824 βεὸαιωθηναι

13 836 90 874 δέον
120 833 407 888 διασκεψάμενοι,
426 834 588 907 γλαφυρά
614 847 652 871 τε
677 832 737 870 καὶ
757 831 901 870 ποικίλα
924 829 1066 884 ῥήματα

13 893 154 933 ἕκαστοι
187 893 462 946 ἀπορρίψαντες,
482 890 634 935 εἰπόντες
665 906 703 929 τε
733 890 794 929 καὶ
814 891 1004 937 ἀκηκοότες
1022 888 1067 927 τὰ

13 951 80 991 ὅσα
98 951 227 1005 χρεὼν,
249 951 354 1004 τυχὸν
376 951 436 989 καὶ
454 949 499 988 τὰ
515 949 580 989 ὅσα
597 949 647 1001 μὴ
661 948 790 1003 χρεὼν,
804 948 901 993 τέλος
919 948 1067 995 ξυνῆκαν

14 1013 46 1050 οἱ
63 1010 228 1064 πρέσὸεις
246 1010 326 1064 περὶ
344 1009 407 1058 μὲν
426 1013 486 1048 τοῦ
504 1010 735 1062 διαρραγῆναι
754 1007 816 1052 τὰς
836 1007 991 1051 σπονδὰς
1010 1007 1063 1051 τίς

15 1069 123 1115 αἴτιος
151 1069 211 1109 καὶ
244 1068 308 1117 οὒ,
341 1068 381 1108 τὸ
409 1068 539 1107 τοιόνδε
561 1069 1011 1122 σιγηθῆναι,διερευνῆ’σαι
1031 1065 1068 1104 δὲ

13 1128 153 1182 τρόπον,
184 1128 253 1181 ὅτῳ
282 1127 571 1178 ἐμπεδωθήσεται
600 1126 644 1166 τὰ
677 1128 836 1179 εἰρηναῖα
865 1129 926 1165 τοῦ
944 1126 1066 1164 λοιποῦ

14 1186 75 1226 καὶ
107 1190 143 1226 αἵ
177 1186 393 1241 ἀμφήριστοι
425 1187 601 1225 πολιτεῖαι
640 1186 846 1224 κατάθοιντο
877 1184 922 1224 τὰ
956 1183 1064 1223 ὅπλα.

15 1246 126 1290 Εὐθὺς
140 1242 197 1285 οὖν
212 1245 389 1286 Μεὸώδου
404 1244 497 1284 κατὰ
514 1245 578 1289 τὰς
591 1243 712 1298 πρώην
733 1243 918 1292 ξυνθήκας,
934 1243 973 1282 αἳ
990 1243 1066 1289 ξυν-

14 1306 168 1352 έστησαν
206 1303 266 1343 ἐπὶ
309 1307 371 1342 τοῦ
414 1302 664 1356 αὐτοκράτορος
698 1303 945 1342 Ἰουστινιανοῦ
957 1331 967 1350 ,
1006 1301 1068 1346 τὰς

15 1362 204 1416 τριάκοντα
224 1362 389 1415 χιλιάδας
407 1364 475 1400 τῶν
493 1361 719 1412 νομισμάτων
745 1360 919 1415 φήσαντος
937 1363 1067 1413 χρῆναι

15 1422 95 1467 τοὺς
120 1422 321 1474 Ῥωμαίους
339 1425 383 1474 τῇ
403 1422 561 1474 πολιτείᾳ
583 1424 732 1474 Περσῶν
760 1420 984 1459 κατατιθέναι
1011 1422 1066 1458 ἀν’

17 1481 112 1528 ἔτος,
142 1480 194 1519 ἔτι
219 1496 259 1532 γε
280 1479 349 1531 μὴν
380 1481 613 1531 ἀποχωρῆσαι
646 1478 916 1532 Περσαρμενίας
940 1494 978 1517 τε
1007 1479 1067 1517 καὶ

17 1539 191 1593 ’16ηρίας,
204 1539 291 1593 πρὸς
311 1538 349 1577 δέ
364 1554 403 1590 γε
419 1538 480 1576 καὶ
498 1537 622 1582 αὐτοὺς
639 1536 717 1581 τοὺς
733 1536 807 1576 ὅσοι
823 1554 864 1590 γε
886 1537 991 1576 αἴτιοι
1007 1541 1068 1585 τῆς

18 1597 235 1642 ἀποστασίας
265 1598 491 1643 ἀποδοθῆναι
512 1598 650 1649 βασιλεῖ
680 1599 749 1635 τῶν
769 1598 916 1650 Περσῶν
935 1612 1068 1649 χρησο-

18 1656 111 1710 μένῳ
124 1655 222 1709 σφίσι
233 1658 310 1700 ταῖς
323 1654 584 1706 προσηκούσαις
597 1656 726 1709 φωναῖς
742 1655 752 1709 (
765 1661 900 1699 ποιναῖς
913 1658 1029 1694 Bekk.
1041 1658 1066 1707 ).

18 1717 184 1756 Τοσαῦτα
213 1718 272 1753 τοῦ
302 1715 474 1754 Μεὸώδου
506 1714 794 1763 κατατείναντος,
821 1717 852 1753 οἱ
871 1717 940 1753 τῶν
972 1715 1069 1754 Ῥω-

18 1776 131 1828 μαίων
158 1774 341 1827 πρέσὸεις,
360 1774 399 1813 τὸ
427 1774 559 1813 τοιόνδε
578 1775 618 1812 ἐκ
647 1777 707 1812 τοῦ
730 1773 912 1826 Καίσαρος
931 1790 1069 1826 παρεγ-

18 1834 141 1888 γυηθὲν
162 1835 277 1879 αὐτοῖς
290 1865 301 1886 ,
324 1835 450 1873 αὐτίκα
471 1833 507 1873 οἵ
526 1849 566 1884 γε
583 1837 686 1872 τοῦτο
712 1833 798 1872 αὐτὸ
818 1834 896 1872 ,οὐδὲ
915 1834 1069 1885 τοῦνομα

19 1893 225 1946 προσίεσθαι
252 1893 384 1946 ἔφασαν
412 1896 473 1940 τῆς
505 1893 664 1945 εἰρήνης,
686 1891 782 1945 εἴπερ
805 1892 864 1930 ἐπὶ
889 1894 1069 1947 συντελείᾳ

18 1951 85 1989 τινὶ
115 1950 175 1989 καὶ
208 1950 270 1988 ἅτε
302 1952 334 1994 ἐς
365 1951 470 2003 φόρου
504 1950 698 2001 ἀπαγωγὴν
733 1951 872 2003 Πέρσαι
899 1952 1068 1997 ἐλπίζοιεν

20 2010 219 2059 “Ρωμαίους
250 2009 336 2054 ἕξειν
359 2014 418 2049 τοῦ
449 2012 591 2048 λοιποῦ·
613 2010 702 2060 μηδὲ
721 2009 789 2062 γὰρ
811 2010 989 2054 ἀνέξεσθαι
1010 2015 1069 2049 τοῦ

18 2070 152 2108 τοιοῦδε
169 2068 225 2107 τὸν
245 2068 412 2121 Καίσαρά
428 2085 462 2107 τι
477 2068 743 2122 παρασχέσθαι,
759 2068 848 2119 μήτε
865 2070 934 2120 μὴν
949 2069 1068 2122 ὥσπερ

2084 208 2183 266 249’

1126 308 1292 383 ἀμέλει”
1269 308 1369 347 ωνιόν
1386 324 1420 347 τι
1433 324 1557 370 χρημα
1574 309 1742 362 πρίασθαι
1759 309 1821 356 τὴν
1836 310 1988 362 εἰρήνην.
2007 311 2111 351 Οὕτω
2126 312 2168 359 δὴ

1126 367 1194 420 γὰρ
1208 369 1237 405 εἷ
1257 366 1382 414 ἔσοιτο,
1406 366 1479 405 οὔτι
1494 371 1581 405 εἶναι
1600 367 1744 418 μόνιμον
1759 367 1836 406 οὐδὲ
1856 368 2013 419 βεὸαίαν,
2034 372 2171 422 Χρῆναι

1126 426 1240 465 τοίνυν
1274 425 1464 476 Ῥωμαίων
1498 426 1617 477 ἔλεγον
1656 428 1687 464 οἳ
1718 426 1881 476 πρέσόεις
1912 428 2077 480 πρότερον
2111 433 2171 467 τοῦ

1125 485 1256 523 τοιοῦδε
1282 485 1459 533 ἀπειπεῖν,
1481 482 1570 522 οὕτω
1589 499 1626 522 τε
1655 483 1707 537 ἐφ’
1727 488 1775 527 οἱς
1796 484 1863 522 δέοι
1884 483 1928 522 τὰ
1948 488 2009 531 τῆς
2037 485 2173 536 εἰρήνης

1127 542 1285 595 προϊέναι
1314 541 1583 595 διασκέψασθαι.
1619 542 1692 581 Καὶ
1712 546 1806 586 αὖθις
1833 542 1930 580 ἕκατι
1952 548 2011 581 τοῦ
2043 546 2174 582 τοιοῦδε

1127 601 1303 654 τερθρείας
1322 600 1434 652 λόγων
1455 601 1719 654 ἀπερριμμένης
1737 601 1869 647 πολλῆς
1891 601 1923 646 ἐξ
1948 603 2075 654 ἀμφοῖν
2104 608 2175 641 τοῖν

1130 662 1262 712 μεροῖν,
1290 659 1350 698 καὶ
1378 660 1444 711 οὐχ
1463 659 1721 712 ὖποχαλώντων
1749 661 1784 697 ἐν
1815 661 1907 712 ἀρχῇ
1927 662 1995 697 τῶν
2017 661 2176 712 Περσῶν,

1131 719 1208 758 ἀλλ’
1226 718 1250 766 ἢ
1270 718 1332 763 τὰς
1361 718 1526 757 ἀνέκαθεν
1554 719 1742 771 τριάκοντα
1770 718 1933 771 χιλιάδας
1957 721 2017 756 τοῦ
2044 723 2176 770 χρυσοῦ

1130 777 1344 828 νομίσματος
1363 776 1386 824 ἢ
1406 777 1594 830 προσάπαξ
1622 780 1668 822 ὥς
1700 776 1770 830 χρὴ
1792 776 1884 828 μέγα
1906 792 1940 814 τι
1964 776 2176 814 καταθέσθαι

1131 836 1483 888 δικαιολογουμένων,
1515 837 1554 875 τὸ
1586 837 1784 875 τελευταῖον
1815 835 1926 880 ἔδοξεν
1955 838 1973 873 ὃ
2004 835 2178 883 Μεὸώδης

1129 894 1363 934 ἐπιδεικνύναι
1384 895 1483 942 δῆθεν
1502 896 1618 938 αὐτοῖς
1636 895 1674 932 ἐκ
1693 897 1753 932 τοῦ
1773 893 1851 931 κατ’
1871 893 1975 931 αὐτον
2008 893 2179 945 βασιλέως

1129 954 1280 1007 γράμμα
1315 954 1394 1007 ἄρτι
1425 953 1602 1003 σταλὲν,’
1587 969 1621 992 εν
1638 956 1667 1005 ῳ
1684 951 1902 1004 περιείχετο,
1923 954 1969 996 ὡς
1995 951 2099 1004 χάριν
2119 954 2180 997 τ’ἧς

1129 1012 1213 1066 πρὸς
1234 1012 1400 1065 Καίσαρα
1421 1013 1537 1065 φιλίας
1557 1011 1713 1056 ἀνέξοιτο
1733 1010 1793 1049 καὶ
1813 1011 2008 1064 χρημάτων
2026 1009 2123 1053 ἐκτὸς
2144 1009 2179 1054 ἐξ

1129 1071 1301 1121 ἰσοτιμίας
1337 1072 1540 1123 ἀναρρῶσαι
1567 1069 1631 1118 τὴν
1668 1069 1822 1122 εἰρήνην.
1858 1071 1973 1108 Τοῦτο
2003 1069 2078 1107 ἐπεί
2102 1070 2177 1119 (οἱ)

1129 1129 1221 1168 κατὰ
1254 1129 1318 1177 τὴν
1345 1130 1508 1182 βασιλίδα
1537 1129 1765 1182 διεθρυλλήθη
1785 1127 1903 1179 πόλιν,
1928 1127 2080 1172 ἅπαντες
2100 1130 2179 1166 ἀνε-

1128 1186 1358 1240 πτερώθησοίν
1377 1203 1436 1236 τε,
1457 1186 1518 1226 καὶ
1549 1186 1687 1225 ἐδόκουν
1709 1187 1741 1225 οῗ
1766 1202 1803 1225 τε
1834 1188 1868 1224 ἐν
1897 1186 1989 1224 τέλει
2019 1184 2079 1223 καὶ
2103 1184 2181 1228 ὅσος

1129 1246 1243 1298 ἕτερος
1274 1245 1393 1297 ὅμιλος
1418 1246 1487 1293 ἤδη
1508 1245 1674 1298 ἀργήσειν
1694 1245 1738 1283 τὰ
1760 1244 1838 1299 ξίφη
1865 1244 1925 1284 καὶ
1947 1243 2180 1295 ἐμπεδώτατα

1129 1303 1285 1349 καθέξειν
1303 1304 1367 1351 τὴν
1388 1304 1543 1357 εἷρηνην,
1565 1304 1641 1343 ἐπει
1657 1306 1675 1342 ὁ
1697 1305 1853 1366 Kot't'ctotpm
1859 1303 2124 1356 Περσαρμενίας
2144 1318 2182 1341 τε

1130 1363 1190 1401 καὶ
1208 1363 1249 1410 δὴ
1269 1363 1427 1416 Ἰὅηρίας
1456 1365 1561 1411 αὖτης
1589 1363 1800 1414 ἑτοιμότατα
1821 1367 1894 1415 εἶχε
1915 1365 2181 1415 παραχωρῆσαι

1132 1421 1310 1474 Πέρσαις,
1330 1422 1536 1474 σαφέστατα
1553 1421 1858 1473 εξεπιστάμενος(
1840 1438 1886 1465 ως
1903 1437 1941 1459 ου
1959 1421 2102 1459 πώποτε
2123 1422 2182 1458 ἐν-

1131 1480 1272 1519 δώσοιεν
1286 1481 1460 1528 τοσαύτης
1478 1479 1702 1533 ἐστερημένοι
1719 1480 1858 1532 χώρας,
1870 1479 1948 1518 οὐδέ
1962 1496 2000 1531 γε
2016 1481 2045 1517 εἷ
2058 1479 2182 1522 τελέως

1129 1539 1375 1587 κατολισθήσοι
1391 1539 1451 1578 καὶ
1468 1539 1607 1587 ἐξίτηλα
1625 1539 1740 1577 ἔσοιτο
1753 1538 1797 1577 τὰ
1811 1538 2004 1591 πράγματα
2022 1540 2181 1590 Περσῶν.

1131 1598 1225 1643 Τοὺς
1245 1598 1364 1649 μέντοι
1388 1598 1579 1651 γενεάρχας
1599 1598 1890 1651 Περσαρμενίων,
1917 1598 2008 1636 ἀλλὰ
2037 1597 2103 1650 γὰρ
2123 1597 2183 1636 καὶ

1130 1657 1208 1702 τοὺς
1219 1660 1268 1711 τῷ
1285 1657 1376 1710 γένει
1392 1660 1488 1710 σφῶν
1499 1657 1708 1707 ἡνωμένους,
1720 1656 1780 1695 καὶ
1796 1657 1914 1700 ἁπλῶς
1930 1656 1987 1695 τὸν
2005 1659 2184 1694 ὁντιναοῦν

1131 1715 1223 1769 οἵγε
1244 1717 1548 1767 αὐτομολήσαντες
1573 1712 1662 1763 ἦσαν
1690 1719 1735 1759 ὡς
1761 1715 1985 1767 Ῥωμαίους,
2014 1715 2093 1754 οὔτε
2120 1717 2183 1753 ἐκ-

1133 1777 1268 1815 δώσειν·
1287 1776 1364 1815 ἀλλ’
1383 1775 1460 1814 οὐδὲ
1482 1775 1605 1827 ἑτέρως
1624 1775 1838 1826 ἐμπεδώσειν
1858 1775 1989 1828 ἔφασκε
2008 1774 2072 1822 τὴν
2089 1774 2183 1826 εἰρή-

1132 1851 1207 1883 νην,
1229 1836 1259 1874 εἴ
1278 1851 1317 1887 γε
1344 1834 1392 1886 μὴ
1417 1835 1516 1873 ἄδεια
1536 1834 1649 1873 ἔσοιτο
1668 1840 1739 1878 τοῖς
1767 1833 1987 1886 βουλομένοις
2017 1836 2185 1886 Περσαρ-

1134 1894 1260 1944 μενίων
1292 1910 1330 1932 τε
1362 1893 1422 1932 καὶ
1450 1893 1616 1946 Ἰδήρων,
1653 1892 1717 1939 τὴν
1755 1894 1924 1946 σφετέραν
1960 1892 2184 1942 ἐκλιπόντας,

1135 1954 1445 1992 ἀνασκευάσασθαι
1476 1955 1508 1997 ἐς
1541 1952 1604 1999 τὴν
1641 1952 1844 2002 Ῥωμαίων.
1880 1951 1991 2003 Λόγον
2021 1952 2088 2003 γὰρ
2119 1951 2185 2002 οὐχ

1133 2011 1263 2059 ἥκιστα
1293 2013 1443 2050 ἐποιεῖτο
1470 2011 1579 2049 πολὺν
1606 2014 1624 2050 ὃ
1644 2012 1785 2063 Καῖσαρ
1819 2013 1887 2048 τῶν
1920 2009 2184 2060 ὀμωμοσμένων

1132 2070 1199 2108 ὑπὸ
1219 2070 1467 2110 Ἰουστινιανοῦ
1497 2071 1545 2123 (l.
1574 2070 1788 2121 Ἰουστίνου)
1817 2073 1876 2107 τοῦ
1913 2069 2083 2122 βασιλέως
2115 2069 2186 2112 τοῖς

0 2182 136 2214 ·damna
151 2182 312 2214 intulisset
324 2183 380 2214 aut
394 2181 516 2214 bellum
539 2182 644 2214 facere
668 2185 935 2223 praeoccupasset.
954 2184 1069 2223 ltaque

19 2243 123 2276 quum
140 2235 269 2276 utrique
286 2235 393 2276 plures
406 2244 569 2267 sermones
592 2242 687 2276 super
702 2235 764 2266 hac
780 2244 814 2266 re
830 2235 1021 2275 jactassent,
1039 2237 1072 2268 et

19 2287 237 2327 unusquisque
247 2286 375 2319 abunde
383 2310 393 2327 ‚
407 2296 474 2328 quo
486 2295 521 2319 se
533 2295 600 2320 suae
611 2287 724 2328 patriae
733 2311 742 2327 ‚
754 2288 791 2319 ut
801 2287 947 2327 decebat,
961 2297 1071 2320 aman-

19 2340 86 2371 tem
101 2339 134 2371 et
158 2338 337 2371 studiosum
354 2338 557 2379 ostenderet,
571 2338 677 2379 justas
694 2339 852 2378 rationes,
869 2339 986 2380 quibus
999 2348 1070 2372 eam

19 2391 167 2423 tueretur
192 2391 224 2423 et
241 2390 443 2430 defenderet,
468 2391 640 2431 attulisset,
668 2390 799 2423 tandem
824 2391 918 2432 primi
937 2392 1072 2425 Romani

21 2442 205 2475 concionem
218 2442 302 2484 apud
316 2444 513 2476 conventum
527 2443 718 2476 babuerunt.

516 2501 574 2533 47.

66 2548 170 2589 Legati
180 2550 406 2582 convenientes
423 2551 455 2582 et
472 2551 505 2582 in
519 2559 620 2582 unum
638 2552 796 2591 congressi
813 2550 853 2583 ad
867 2551 945 2583 lines
955 2551 1069 2584 Orien-

23 2601 65 2633 tis
94 2601 136 2633 ab
155 2602 294 2642 utroque
313 2611 430 2642 regno,
459 2605 497 2634 ut
523 2602 735 2643 dispicerent,
765 2603 927 2643 quomodo
959 2612 1071 2644 pacem

23 2652 147 2684 firmam
162 2653 321 2694 facerent,
342 2654 467 2685 lubrica
483 2655 514 2686 et
530 2654 679 2694 ambigua
695 2655 794 2686 verba
813 2655 977 2696 utrimque
990 2656 1071 2688 emi-

22 2706 149 2744 serunt,
166 2705 198 2737 et
216 2713 290 2745 quae
315 2705 379 2736 dici
401 2706 563 2746 oportuit,
590 2706 744 2738 dixerunt
771 2708 803 2739 et
822 2707 1011 2747 audierunt,
1040 2709 1072 2740 et

22 2755 104 2788 sorte
113 2765 188 2797 quae
201 2757 333 2789 minime
348 2757 410 2789 dici
426 2755 619 2790 debuerunt.
640 2758 783 2790 Tandem
797 2758 876 2790 illud
894 2759 1072 2799 disquirere

24 2807 290 2849 supersederunt,
323 2809 388 2840 utri
411 2809 530 2849 populo
558 2809 687 2842 foederis
716 2810 850 2842 violatio
868 2811 1071 2843 attribuenda

23 2860 124 2900 esset,
152 2861 185 2892 et
211 2860 371 2893 rationem
393 2860 584 2902 investigare
611 2861 717 2894 conati
742 2863 830 2903 sunt,
848 2863 1011 2903 quomodo
1038 2863 1070 2895 in

24 2911 185 2951 posterum
196 2920 258 2952 pax
274 2912 373 2944 firmis
386 2913 653 2946 conventionibus
665 2913 872 2953 stabiliretur,
887 2915 920 2946 et
932 2914 1071 2947 inimicae

24 2963 133 3003 gentes
154 2962 195 2994 ab
225 2963 323 2995 armis
347 2963 559 2997 discederent.
581 2965 697 2996 Statim
725 2965 879 2998 Mebodes
903 2966 1069 3006 suggessit,

25 3021 152 3055 {equum
190 3023 258 3047 esse
271 3038 280 3054 ‚
319 3017 483 3048 Romanos
510 3016 650 3057 pendere
689 3018 856 3049 Persarum
887 3018 1071 3058 reipublicae

25 3066 196 3106 quotannis
219 3067 350 3107 triginta
374 3067 475 3099 millia
499 3076 683 3100 aureorum.
706 3069 758 3100 Sic
780 3069 866 3101 enim
882 3070 1070 3102 conventio-

25 3117 118 3151 nibus
143 3121 275 3152 cautum
294 3128 380 3160 esse,
408 3129 482 3161 quae
508 3124 651 3161 tempore
673 3121 845 3154 ,Iustiniani
871 3122 1072 3162 imperatoris

26 3169 118 3203 ractae
141 3175 242 3204 erant.
270 3174 428 3204 Praeterea
442 3175 664 3206 Persarmenia
678 3176 710 3207 et
724 3175 827 3207 Iberia
854 3175 1016 3215 cederent,
1037 3176 1069 3207 et

25 3229 136 3255 omnes
151 3223 340 3256 defectionis
355 3226 503 3257 auctores
516 3226 581 3266 regi
607 3228 776 3258 Persarum
789 3227 975 3267 redderent,
990 3236 1072 3267 quos

26 3273 140 3306 merita
164 3277 269 3307 morte
289 3276 442 3308 afficeret.
469 3279 551 3309 Haec
581 3279 613 3309 et
638 3278 701 3310 alia
726 3278 910 3318 hujusmodi
936 3278 1072 3311 Mebode

26 3330 220 3366 proponente
228 3352 237 3368 ,
248 3330 463 3361 Romanorum
474 3329 570 3370 legati
585 3330 763 3362 secundum
774 3331 909 3363 Caesaris
922 3331 1074 3363 mandata

28 3378 138 3409 contra
156 3378 393 3420 disseruerunt,
409 3383 441 3412 et
454 3381 620 3414 confestim
641 3382 890 3423 responderunt,
906 3391 938 3414 se
953 3382 1016 3414 hoc
1033 3391 1072 3414 ne

27 3435 84 3469 pro
109 3430 236 3463 nomine
253 3433 383 3473 quidem
400 3433 486 3472 pacis
507 3433 692 3475 admittere,
708 3434 732 3466 si
758 3443 832 3466 cum
857 3434 969 3466 tributi
992 3443 1070 3475 pen·

1135 2183 1286 2216 sitatione
1306 2186 1412 2216 Persae
1437 2183 1603 2224 sperarent
1619 2183 1651 2215 in
1677 2183 1840 2223 posterum
1863 2184 2027 2214 Romanos
2045 2182 2104 2213 sibi
2126 2181 2184 2213 ob-

1132 2236 1246 2267 noxios
1255 2236 1462 2268 constituere.
1482 2238 1547 2268 Nec
1560 2235 1646 2267 enim
1664 2236 1826 2267 Caesarem
1840 2235 2016 2275 quicquam
2033 2233 2184 2274 pendere,

1133 2297 1237 2329 neque
1251 2298 1381 2329 pacem,
1395 2290 1551 2329 tanquam
1569 2297 1637 2321 rem
1660 2289 1807 2320 venalem
1819 2313 1827 2328 ‚
1852 2297 1959 2320 emere
1978 2288 2077 2327 velle,
2092 2296 2184 2327 quae,

1132 2342 1158 2373 si
1175 2342 1218 2374 ita
1231 2342 1446 2383 contingeret,
1466 2351 1531 2374 non
1545 2342 1599 2373 diu
1618 2343 1831 2382 permaneret,
1851 2350 1955 2382 neque
1978 2340 2070 2372 firma
2088 2341 2181 2372 soret.

1134 2395 1291 2434 oportere
1306 2394 1402 2434 igitur
1417 2393 1561 2434 inprimis
1578 2395 1683 2425 totum
1705 2394 1792 2425 hunc
1810 2402 1990 2425 sermonem
2019 2393 2183 2430 omittere,

1132 2447 1202 2479 tum
1219 2446 1369 2486 demum,
1393 2447 1511 2487 quibus
1535 2446 1772 2478 conditionibus
1785 2455 1849 2486 pax
1870 2445 2039 2477 vincienda
2054 2445 2107 2485 sit,
2125 2444 2183 2476 ad-

1132 2500 1269 2531 vertere.
1285 2500 1407 2531 Rursus
1424 2507 1519 2539 super
1538 2498 1588 2530 his
1601 2507 1703 2539 quum
1726 2499 1874 2538 utraeque
1890 2499 1997 2539 partes
2011 2497 2043 2529 in
2066 2497 2185 2528 multas

1131 2549 1355 2583 altercationes
1377 2550 1573 2591 erupissent,
1594 2552 1627 2582 et
1653 2552 1759 2582 Persae
1779 2549 1913 2581 minime
1937 2549 2105 2588 cederent,
2129 2547 2185 2579 sed

1131 2603 1249 2636 obnixe
1262 2603 1512 2643 contenderent,
1533 2603 1657 2644 Justum
1683 2611 1768 2642 esse,
1782 2604 1945 2634 Romanos
1961 2603 2016 2634 aut
2033 2601 2184 2633 constitu-

1132 2657 1202 2688 tum
1217 2657 1344 2698 triginta
1354 2657 1491 2689 millium
1500 2665 1672 2689 aureorum
1679 2657 1837 2688 tributum
1846 2656 2019 2696 quotannis
2031 2655 2183 2696 pendere,

1133 2709 1189 2740 aut
1203 2710 1300 2741 semel
1315 2718 1463 2750 magnam
1477 2710 1617 2750 aliquam
1631 2708 1776 2750 pecuniae
1789 2717 1950 2740 summam
1960 2732 1970 2748 ,
1982 2707 2110 2740 tandem
2123 2711 2184 2740 Me-

1132 2760 1205 2792 bodi
1223 2762 1375 2794 Romanis
1393 2761 1501 2794 literas
1522 2764 1692 2793 Persarum
1718 2760 1800 2800 regis
1819 2769 1921 2800 nuper
1943 2759 1982 2791 ad
2000 2768 2033 2791 se
2050 2759 2184 2798 scriptas

1131 2813 1300 2845 ostendere
1321 2813 1463 2854 placuit,
1490 2812 1608 2853 quibus
1636 2821 1671 2844 se
1698 2813 1828 2852 propter
1850 2812 1986 2843 Caesaris
2010 2812 2183 2843 amicitiam

1131 2864 1228 2896 etiam
1244 2865 1333 2896 nulla
1347 2865 1557 2905 pecuniarum
1572 2863 1680 2895 habita
1697 2863 1821 2895 ratione
1834 2862 1935 2903 aequis
1949 2862 2185 2894 conditionibus

1132 2926 1243 2958 pacem
1262 2917 1423 2949 facturum
1440 2925 1510 2949 esse
1526 2916 1688 2948 indicavit.
1704 2916 1807 2956 Hujus
1828 2916 1874 2947 rei
1891 2916 1976 2947 sama
1989 2916 2185 2955 simulatque

1131 2969 1172 3001 ad
1190 2969 1311 3010 regiam
1328 2969 1441 3001 urbem
1455 2969 1579 3010 perlata
1591 2970 1657 3007 est,
1677 2977 1790 3000 omnes
1805 2968 1906 3000 luetati
1919 2969 1994 3000 sunt
2013 2969 2044 2999 et
2059 2968 2186 2999 senatus

1131 3023 1163 3054 et
1180 3022 1288 3063 plebs,
1314 3030 1453 3063 eamque
1468 3022 1576 3053 animo
1595 3021 1778 3061 opinionem
1803 3021 2043 3061 praeceperunt,
2058 3021 2186 3060 tempus

1132 3074 1315 3113 advenisse,
1350 3082 1415 3114 quo
1444 3072 1574 3105 ensibus
1601 3073 1742 3113 quietem
1775 3072 1970 3111 indicerent,
2001 3073 2033 3103 et
2052 3071 2186 3103 tirmiter

1132 3134 1245 3166 pacem
1252 3126 1396 3157 colerent
1411 3137 1419 3156 :
1431 3124 1572 3155 maxime
1584 3132 1686 3164 quum
1701 3115 1808 3157 Caesar
1817 3123 2067 3155 Persarmeniam
2078 3122 2185 3154 etlbe-

1134 3177 1212 3208 riam
1228 3177 1331 3209 Persis
1345 3175 1458 3208 cedere
1480 3176 1612 3216 paratus
1624 3177 1717 3207 esset.
1735 3175 1788 3208 sic
1809 3175 1894 3206 enim
1908 3174 2084 3212 statuebat,
2109 3175 2183 3205 Per-

1132 3237 1182 3260 sas
1194 3252 1203 3268 ,
1217 3227 1340 3260 etiamsi
1350 3236 1460 3259 eorum
1469 3236 1519 3259 res
1531 3227 1665 3268 perditae
1673 3227 1777 3258 forent
1790 3227 1822 3259 et
1832 3227 1872 3258 ad
1882 3226 2017 3257 nihilum
2029 3225 2183 3264 redactae,

1132 3287 1298 3319 nunquam
1307 3278 1484 3318 quieturos,
1497 3277 1652 3318 quamdiu
1665 3278 1714 3309 bis
1723 3277 1820 3309 tantis
1834 3277 2012 3317 regionibus
2024 3276 2182 3315 privaren-

1134 3334 1196 3362 tur.
1219 3329 1379 3371 Principes
1400 3331 1509 3361 tamen
1528 3330 1842 3368 Persarmeniorum,
1860 3330 1892 3360 et
1910 3328 1967 3368 qui
1991 3327 2052 3358 illis
2068 3333 2181 3366 genere

1133 3381 1293 3422 conjuncti
1307 3382 1418 3422 erant,
1433 3382 1464 3413 et
1483 3390 1594 3413 omnes
1607 3381 1661 3421 qui
1680 3389 1699 3412 a
1717 3380 1818 3412 Persis
1833 3379 1874 3410 ad
1898 3381 2056 3411 Romanos
2072 3376 2181 3408 confu-

1133 3433 1262 3475 gissent,
1289 3433 1377 3465 nullo
1400 3432 1496 3465 modo
1510 3432 1683 3465 tradendos
1704 3440 1775 3464 >esse
1792 3430 1904 3463 statuit
1931 3442 1937 3461 ε
1961 3429 2026 3461 imo
2040 3435 2104 3460 non
2119 3426 2181 3458 alia
