2372 3704
107 270 183 303 646

104 351 320 399 praestiterit
335 350 564 398 Androtion,
581 351 822 386 vehementer
841 349 991 386 dubitat
1009 350 1050 388 F.
1065 350 1150 386 Rit-

104 419 174 448 ter.
210 411 248 445 in
291 409 708 447 Welcfiuu.R1·tschls
733 408 853 444 Rhein
875 409 976 446 Mus.
998 409 1069 446 Bd.
1098 410 1148 455 ΙΙ,

102 481 143 517 p.
166 468 251 514 183,
278 467 409 511 1843:
432 466 681 517 Vorgeblc'che
702 467 854 516 Strateg
833 470 890 502 vie
904 467 969 502 des
995 466 1149 515 Sopho-

103 529 178 563 cles
191 538 313 574 gegen
331 527 477 564 Samos.

155 587 245 634 Pag.
278 585 366 631 376,
394 585 439 623 fr.
462 590 511 633 49
531 597 569 620 α.
597 605 649 612 —-
686 583 814 620 Schol.
841 583 998 619 Aristid.
1030 596 1068 632 p.
1099 581 1147 619 85

102 645 306 682 Frommel.
331 641 537 695 Τριακόσιοι
557 637 645 689 ἦσαν
661 642 692 680 οἱ
709 640 868 693 φυγάδες,
885 642 931 684 ὡς
950 640 1150 692 Ἀνδροτίων

102 717 217 755 φησιν.

155 819 308 856 DEMO.
338 820 426 867 Pag.
462 819 550 867 379,
572 818 619 855 ad
637 818 681 855 fr.
713 816 750 853 5.
770 838 820 845 —
849 818 954 854 Fort.
973 815 1151 852 Demonis

100 879 243 914 mentio
271 879 361 914 latet
390 878 493 926 apud
525 878 648 924 Etym.
671 877 722 912 M.
742 889 780 912 v.
812 872 970 924 γλαὺξ,
1002 871 1150 919 πετηνὸν

101 934 295 987 νυκτερινὸν
321 934 339 973 ὃ
357 934 418 973 καὶ
434 938 477 981 τῆ
500 934 624 986 Ἀθηνᾷ
641 932 979 985 προσανατίθεται...
1003 932 1037 968 ἐν
1055 930 1150 968 νυκτὶ

100 996 184 1045 δρᾶν
199 994 397 1043 δυνάμενον·
416 997 610 1041 Δημονικος
632 992 724 1041 (510)
748 990 784 1028 δὲ
806 992 948 1042 ἱστορεῖ,
964 989 1017 1028 ὅτι
1047 989 1149 1039 μόνον

98 1054 167 1090 τῶν
194 1052 442 1105 γαμψωνύχων
462 1051 522 1088 καὶ
541 1049 772 1102 σαρκοφάγων
794 1048 842 1099 μὴ
873 1048 986 1101 τυφλὰ
1015 1048 1148 1086 τίκτει·

98 1109 151 1148 ὅτι
170 1109 258 1148 πολὺ
269 1111 423 1162 πυρῶδες
442 1110 501 1147 καὶ
515 1107 639 1160 θερμὸν
659 1107 739 1160 περὶ
755 1107 832 1150 τοὺς
843 1106 1041 1159 ὀφθαλμοὺς
1061 1106 1147 1158 ἔχει,

98 1169 117 1207 ὃ
133 1169 291 1221 σφοδρῶς
311 1167 368 1212 ὀξὺ
387 1167 446 1206 καὶ
464 1167 632 1217 τμητικὸν
651 1166 812 1218 ὑπάρχον
835 1166 962 1217 διαιρεῖ
979 1165 1039 1203 καὶ
1063 1167 1151 1202 ἀνα-

99 1227 240 1278 μίγνυσι
258 1226 320 1273 τὴν
335 1226 466 1280 ὅρασιν·
484 1225 607 1264 διὸκαὶ
624 1227 658 1264 ἐν
673 1225 746 1269 ταῖς
762 1224 998 1275 σκοτομήνῃσι
1015 1227 1079 1277 ὁρᾷ
1094 1224 1150 1262 διὰ

100 1284 140 1323 τὸ
160 1286 316 1337 πυρῶδες
335 1287 402 1322 τῶν
415 1283 544 1336 ὄψεων.
562 1288 619 1322 De
631 1285 838 1334 proverbio
855 1282 962 1334 γλαὺξ
981 1284 1028 1325 εἷς
1049 1282 1149 1328 Ἀθή-

97 1359 177 1390 νας,
196 1346 302 1393 quod
336 1347 457 1382 Demo
478 1346 500 1380 l.
520 1346 546 1381 1.
566 1345 749 1393 explicat,
777 1357 813 1381 v,
833 1356 915 1391 quae
943 1343 1072 1379 laudat
1094 1345 1150 1379 De

98 1406 275 1440 Leutsch.
296 1405 344 1440 ad
368 1405 512 1440 Zenob.
533 1405 605 1448 ΙΙΙ,
626 1404 664 1441 6.
694 1403 808 1452 Apud
829 1404 951 1450 Etym.
974 1403 1028 1439 M.
1051 1403 1080 1438 si
1102 1402 1150 1438 de

99 1464 346 1500 Phanodemo
370 1465 536 1512 cogitare
554 1464 704 1507 liceret,
726 1463 846 1510 possis
865 1462 1029 1497 scribere
1047 1472 1056 1499 :
1073 1461 1150 1498 Φα-

97 1520 245 1569 νόδημος
261 1521 383 1567 Ἰκιος,
405 1535 459 1559 50.
479 1534 525 1558 ex
548 1523 615 1557 Ico
640 1523 709 1559 ins.
732 1522 800 1557 Ph.
825 1521 1022 1556 oriundus.

152 1582 243 1630 Pag.
270 1581 362 1630 382,
390 1581 437 1616 fr.
460 1580 520 1619 18.
538 1602 592 1607 —-
620 1580 759 1616 Eadem
779 1581 893 1615 etiam
913 1581 1091 1628 leguntur
1109 1580 1148 1614 in

98 1638 218 1677 schol.
245 1639 293 1674 ad
309 1640 355 1674 Il.
382 1639 417 1688 β.
440 1638 514 1675 233
530 1666 540 1684 ,
563 1639 630 1674 ubi
650 1640 740 1675 item
758 1635 1001 1688 Ἀριστοτέλης
1018 1637 1146 1673 lauda-

100 1703 161 1732 tur
173 1709 246 1745 pro
262 1695 485 1747 Ἀριστείδης.

150 1812 522 1851 PHILOCHORUS.
544 1814 632 1862 Pag.
655 1812 727 1855 384
746 1826 792 1858 α,
814 1813 882 1851 1111.
907 1817 954 1856 24
974 1814 1148 1863 profilio

97 1873 243 1979 ¹432}-
276 1929 366 1976 388,
388 1930 437 1966 ad
463 1930 511 1966 fr
543 1929 608 1966 88.
644 1951 692 1956 -
721 1930 864 1966 Eadem
895 1931 1009 1967 etiam
1024 1932 1144 1970 schol.

103 1989 255 2027 Aristid.
279 2002 319 2038 p.
340 1988 411 2034 54,
438 1988 500 2034 18,
524 1987 582 2026 ed
596 1988 728 2025 Dindf.
753 1989 806 2024 sic
827 1989 1145 2041 1131101εΦιλόχο-

101 2061 156 2098 ρος
174 2045 209 2083 δὲ
227 2046 358 2098 ἱστορεῖ
382 2045 434 2083 ὅτι
462 2048 484 2092 ἡ
504 2049 585 2089 ναῦς
604 2045 684 2083 ἔνθα
705 2049 746 2092 ἠν
767 2048 785 2083 ὃ
811 2046 1074 2098 Ιριπτόλεμος,
1089 2047 1145 2085 διὰ

30 2106 33 2108 ’
98 2108 199 2142 τοῦτο
230 2103 394 2154 ἐνομίσθη
417 2103 624 2155 ὑπόπτερος,
652 2102 770 2150 ἐπειδὴ
791 2103 825 2148 ἐξ
853 2103 969 2156 οὐρίας
989 2105 1143 2158 ἐφέρετο.

98 2155 155 2202 Cf.
173 2165 330 2200 Joannis
351 2164 530 2200 Antioch.
555 2164 602 2202 fr.
623 2176 668 2209 2,
688 2164 761 2213 §4-

151 2225 236 2271 Pag.
255 2223 409 2271 389,ad
424 2223 470 2258 fr.
493 2222 556 2260 35.
570 2224 691 2259 ——De
706 2224 929 2261 hoclocov.
948 2224 1145 2261 Curtiusin

97 2282 270 2330 Delphic.
288 2282 455 2330 inscript.
472 2294 511 2329 p.
536 2279 764 2330 5(Berolin.
787 2281 925 2331 1843).

150 2341 241 2388 Pag.
261 2340 348 2387 390,
362 2339 409 2375 fr.
426 2339 485 2388 39.
501 2339 704 2375 -Eadem
718 2341 829 2377 Joan.
846 2341 1025 2376 Antioch.
1042 2341 1142 2385 snt..

151 2398 241 2445 Pag.
264 2395 337 2445 393
350 2424 360 2442 ‚
378 2396 424 2432 fr.
446 2395 507 2433 55.
525 2418 576 2424 —-
605 2398 716 2433 Hunc
741 2398 869 2434 locum
887 2411 907 2434 e
927 2399 1039 2436 codd.
1057 2400 1144 2436 Cra-

100 2468 226 2491 merus
239 2456 292 2491 sic
306 2456 494 2492 restituit:
509 2452 599 2491 ὥστε
624 2453 646 2500 ἢ
666 2457 776 2492 ταῦτα
799 2454 979 2506 ἠκύρωται
998 2455 1043 2494 τὰ
1069 2458 1143 2495 ἐλε-

99 2517 190 2563 γεῖα,
221 2510 243 2558 ἢ
275 2510 466 2564 Φιλοχόρῳ
488 2511 697 2558 ἀπιστητέον
717 2514 767 2565 τῷ
798 2513 948 2565 φήσαντι
966 2513 1143 2560 Ἀθηναῖον

99 2586 136 2608 τε
156 2570 216 2608 καὶ
236 2569 444 2622 Ἀφιδναῖον,
463 2569 522 2606 καὶ
543 2569 771 2609 Καλλισθένει
788 2571 847 2608 καὶ
874 2570 991 2614 ἄλλοις
1007 2573 1144 2612 πλείοσι

100 2631 170 2672 τοῖς
190 2630 325 2666 εἰποῦσι
342 2627 375 2672 ἐξ
393 2627 542 2674 Ἀθηνῶν
562 2628 759 2681 ἀφικέσθαι,
777 2630 856 2668 κτλ.

154 2690 245 2737 Pag.
272 2687 363 2736 394,
390 2688 437 2723 fr.
462 2687 528 2726 65.
549 2710 599 2715 —
621 2689 678 2727 Cf.
700 2690 910 2725 Aristotelis
930 2689 976 2728 fr.
1000 2690 1060 2726 13.

153 2747 245 2795 Pag.
262 2745 353 2795 395,
373 2746 419 2782 fr.
436 2746 501 2784 68.
515 2768 562 2773 —
576 2749 701 2796 Lege:
717 2748 878 2784 Bekker.
899 2750 967 2784 An.
984 2761 1025 2797 p.
1043 2748 1116 2792 345
1132 2762 1140 2785 :

100 2803 278 2843 Ἀδύνατοι
290 2804 368 2842 κτλ.
386 2805 442 2841 Cf.
460 2806 667 2842 Aristotelis
685 2806 730 2844 fr.
755 2807 815 2843 60.

152 2865 243 2911 Pag.
271 2862 369 2912 396,
396 2863 443 2899 fr.
466 2864 514 2909 78
536 2865 571 2899 b.
595 2886 646 2891 -
675 2865 868 2902 Tractavit
892 2866 993 2901 hunc
1016 2866 1143 2902 locum

99 2922 298 2958 Mauritius
312 2922 474 2957 Meierus
483 2929 560 2957 tum
569 2924 758 2970 prooemio
774 2923 879 2971 quod
890 2923 1006 2959 indici
1022 2924 1141 2960 schol.

102 2981 258 3016 Halens.
283 2992 343 3015 an.
372 2979 486 3019 1836.
511 2980 556 3026 37
576 2983 776 3028 praemisit,
797 2990 877 3018 tum
906 2989 1144 3018 commenta—

102 3041 204 3075 tione
226 3040 282 3074 De
304 3039 537 3076 ostracismo.
565 3041 707 3076 Neutra
741 3042 1059 3076 commentatione
1090 3042 1145 3076 1111

101 3098 223 3133 1101111.
260 3097 433 3132 Ceterum
471 3109 553 3143 quae
583 3098 820 3134 emendanda
854 3100 929 3134 sint
964 3099 1145 3134 indicavit

100 3156 262 3192 Meierus
278 3156 317 3189 in
338 3155 490 3202 Fragm.
509 3157 635 3192 Lexici
662 3157 843 3193 rhetorici
872 3159 998 3206 (Halae
1023 3157 1143 3207 1843)

99 3227 141 3263 p.
166 3226 230 3263 29.
262 3213 410 3249 Etenim
436 3226 507 3261 pro
537 3215 797 3264 προχειροτονεῖ
820 3223 856 3251 ct
882 3213 938 3252 ὅτε
970 3214 1005 3252 δὲ
1031 3216 1144 3265 δοκεῖ,

101 3275 233 3310 scribit
242 3270 520 3324 προῦχειροτόνει
532 3281 568 3308 01
584 3271 639 3309 ὅτε
652 3273 680 3310 δ’
699 3273 829 3320 ἐδόκει;
853 3276 991 3312 deinde
1002 3289 1073 3324 pro
1087 3275 1145 3312 ὅτε

101 3333 249 3369 πλεῖστα
266 3332 335 3380 leg.
353 3328 421 3382 ὅτῳ
433 3331 593 3377 πλεῖστα,
606 3346 678 3380 pro
696 3332 787 3374 ἐντὸς
802 3331 891 3382 *ῖτέρα
911 3336 970 3370 τοῦ
985 3333 1146 3379 Εὐὸοίας,

103 3389 196 3432 ἐντὸς
207 3389 399 3441 Γεραίστου
412 3392 471 3426 τοῦ
490 3389 595 3435 1Ξῦ6.,
621 3392 725 3438 quod
738 3392 776 3426 in
796 3393 918 3427 latinis
932 3405 1144 3440 expressum

104 3457 181 3496 cst;
210 3462 282 3499 pro
313 3446 368 3485 διὰ
391 3446 696 3500 ἐξοστρακισθῆναι
724 3450 827 3497 conj.
856 3449 898 3486 δι’
928 3449 1145 3487 Ἀλκιὲιάδου

820 261 1067 301 ADDENDA
1095 261 1162 301 ΕΤ
1192 256 1528 303 CORRIGENDA

1214 348 1322 394 ἐξωστ
1346 349 1472 397 ακίσθη
1496 352 1558 388 vel
1583 350 1676 389 δοκεῖ
1702 349 2025 403 ἐξοστρακισθῆναι.
2052 353 2095 389 111
2114 354 2256 390 ultimis

1213 365 1419 447 συνεκὲάλοι
1438 411 1528 460 legit
1545 423 1618 460 pro
1636 408 1845 462 συνεκὸάλῃ.

1265 470 1353 518 Pag.
1368 473 1457 519 402,
1472 469 1520 508 fr.
1543 482 1631 515 110,
1650 470 1718 507 lin.
1737 471 1879 519 penult.
1901 491 1951 498 —-
1965 471 2064 520 Lege
2084 484 2093 507 z
2116 469 2200 522 φησὶ
2217 471 2255 509 οὔ

1212 529 1453 577 περικοπῆναι.

1265 585 1444 631 1hid.‚.fr
1471 599 1486 622 1
1499 590 1559 629 14.
1579 607 1631 614 -
1644 585 1704 622 Ad
1720 586 1836 622 verba
1846 584 1897 622 ὅτι
1917 585 2059 630 κάθοδος
2076 586 2174 634 ἐδόθη
2185 592 2256 631 τοῖς

1212 641 1393 693 φεύγουσιν
1411 657 1458 681 ex
1476 651 1620 682 antece.
1644 645 1948 686 subaudiendum
1966 654 2051 683 est:
2077 644 2166 695 μετὰ
2191 645 2255 692 τὴν

1211 704 1320 746 ἧτταν
1341 699 1404 746 τὴν
1425 702 1459 738 ἐν
1477 701 1573 740 Σικε
1548 699 1635 740 εΛία.
1660 703 1834 739 Ceterum
1851 715 1888 741 v.
1912 710 1994 742 not.
2013 704 2062 740 ad
2084 705 2257 754 Cratippi

1213 761 1345 809 fragm.
1363 768 1453 798 tom.
1468 762 1580 809 11‚p.
1603 773 1666 807 77.
1685 762 1850 810 Kriiger.
1867 759 1990 805 Leben
2003 763 2070 798 des
2087 763 2254 811 Thucyd.

1211 832 1250 867 p.
1271 788 1336 855 Ὀ52
1373 832 1430 867 sq.
1468 840 1520 847 —
1550 819 1664 866 Quod
1694 819 1909 868 fragmento
1945 832 1960 855 1
1972 819 2016 856 15
2049 820 2258 871 praefigitur

1215 879 1363 926 Olymp.
1378 879 1507 924 XCII,
1527 891 1542 914 1
1556 906 1566 924 ‚
1581 879 1620 914 id
1633 877 1903 926 praefigendum
1918 886 1999 915 erat
2015 879 2146 928 fragm.
2167 885 2255 924 114.

1266 937 1357 985 Pag.
1393 941 1485 982 404,
1516 937 1651 985 fragm.
1679 935 1750 972 125
1783 949 1822 974 a.
1843 957 1896 964 —
1920 938 2195 986 Argumentum
2218 940 2259 976 in

1215 995 1423 1031 Andocidis
1446 1003 1541 1033 orat.
1564 997 1620 1034 De
1638 1007 1732 1044 pace
1751 995 1805 1043 (p.
1826 1008 1874 1042 77
1892 996 1953 1034 ed.
1969 997 2130 1046 Didot.)
2154 1010 2163 1035 :
2184 999 2258 1036 Τοῦ

1213 1050 1422 1099 Ἑλληνικοῦ
1437 1052 1678 1102 μηκυνομένου
1695 1051 1862 1102 πολέμου,
1876 1053 1935 1091 καὶ
1951 1053 2064 1092 πολλὰ
2077 1053 2139 1105 μὲν
2153 1055 2260 1103 Ἀθη-

1211 1109 1317 1146 ναίων
1334 1109 1448 1157 κακὰ,
1480 1110 1594 1147 πολλὰ
1615 1109 1651 1147 δε
1683 1110 1969 1161 Λακεδαιμονίων
1999 1114 2110 1162 υπομε
2115 1113 2258 1152 ινάντων

1211 1168 1271 1205 καὶ
1288 1171 1356 1206 τῶν
1374 1169 1548 1222 ἑκατέρων
1563 1169 1787 1221 συμμάχων,
1811 1170 1982 1218 Ἀθηναῖοι
1997 1170 2190 1231 πρέσὸεις’
2171 1172 2258 1211 απέ-

1212 1228 1352 1265 στειλαν
1371 1227 1458 1279 πρὸς
1487 1227 1785 1278 Λακεδαιμονίους
1811 1228 2093 1281 αὐτοκράτορας,
2111 1233 2159 1268 ὧν
2185 1230 2260 1269 ἐστὶ

1212 1285 1271 1323 καὶ
1298 1285 1508 1333 Ἀνδοκίδης.
1530 1287 1643 1327 Τινῶν
1672 1286 1709 1324 δὲ
1739 1286 1982 1339 προταθέντων
2016 1287 2116 1340 παρὰ
2135 1290 2259 1327 Λακε-

1213 1344 1422 1394 δαιμονίων,
1443 1360 1503 1382 και
1530 1336 1812 1383 ἀποστειλάντων
1830 1345 2002 1383 κάκείνων
2029 1346 2134 1390 ἰδίους
2149 1346 2260 1398 πρέσ-

1213 1402 1305 1451 δεις,
1326 1403 1437 1448 ἔδοξεν
1453 1403 1544 1442 ὥστε
1568 1403 1650 1442 εἴσω
1670 1404 1931 1458 τεσσαράκοντα
1953 1407 2091 1456 ἡμερῶν
2115 1404 2259 1444 ἐπιδου-

1211 1461 1403 1500 λεύσασθαι
1424 1461 1480 1500 τὸν
1498 1463 1608 1512 δῆμον
1622 1462 1701 1514 περὶ
1719 1465 1778 1509 τῆς
1795 1462 1944 1515 εἰρήνης.
1966 1463 2036 1502 Καὶ
2051 1463 2107 1503 ἐπὶ
2127 1463 2259 1507 τούτοις

1212 1520 1409 1567 Ἀνδοκίδης
1435 1521 1666 1571 συμὸουλεύει
1694 1527 1764 1564 τοῖς
1787 1521 1978 1568 Ἀθηναίοις
1999 1521 2259 1565 καταδέξασθαι

1210 1578 1272 1626 τὴν
1293 1581 1478 1632 εἰρήνην...
1501 1579 1696 1631 Φιλόχορος
1713 1579 1775 1630 μὲν
1793 1573 1851 1618 οῧν
1871 1578 1964 1629 λέγει
1981 1579 2041 1617 καὶ
2057 1581 2165 1618 ἐλθεῖν
2181 1580 2260 1624 τοὺς

1209 1637 1371 1690 πρέσὸεις
1385 1639 1424 1679 ἐκ
1439 1638 1731 1687 Λακεδαιμονίοις,
1751 1637 1810 1676 καὶ
1825 1637 2021 1690 ἀπράκτους
2037 1639 2189 1676 ἀνελθεῖν
2207 1639 2257 1690 μὴ

1209 1696 1391 1739 πείσαντος
1408 1699 1467 1734 τοῦ
1486 1695 1695 1733 Ἀνδοκίδου.

1261 1757 1349 1805 Pag.
1368 1755 1457 1801 405,
1477 1755 1526 1793 fr.
1552 1755 1622 1792 103
1646 1757 1677 1799 b,
1698 1756 1766 1790 lin.
1788 1767 1826 1793 2.
1841 1775 1895 1783 -
1914 1756 2128 1792 Delendum
2150 1756 2257 1793 vide·

1209 1812 1268 1851 καὶ
1288 1821 1373 1850 ante
1387 1812 1458 1851 ἀπό
1475 1827 1578 1856 τινος.
1596 1814 1744 1851 Deinde
1758 1826 1831 1862 pro
1858 1812 2047 1864 Ἀμοριάδα
2068 1814 2127 1854 bis
2157 1815 2257 1851 scri-

1208 1873 1378 1910 bendum
1410 1880 1466 1909 est
1503 1870 1742 1921 Ἀμμωνιάδα.
1774 1872 1868 1908 Vide
1902 1880 1982 1910 not.
2021 1873 2070 1908 ad
2103 1874 2257 1910 Aristot.

1207 1931 1254 1969 fr.
1268 1935 1421 1980 4910111.
1437 1932 1491 1976 ΙΙ,
1505 1944 1544 1979 p.
1561 1943 1630 1967 121
1641 1961 1649 1969 .
1664 1952 1715 1958 —
1728 1946 1743 1963 «
1758 1929 2031 1966 Philochorum
2041 1932 2140 1967 libro
2154 1939 2258 1968 sexto

1209 1989 1255 2026 de
1269 1991 1381 2026 sacris
1393 1990 1552 2028 navibus
1572 1990 1685 2038 egisse
1702 1997 1861 2038 apparet
1873 1991 1986 2025 etiam
2003 2002 2048 2026 ex
2064 1991 2253 2039 Harpocr.

1207 2061 1244 2087 v.
1255 2046 1332 2099 ἱερὰ
1343 2046 1484 2099 τριήρης
1502 2047 1624 2097 (Phil.
1637 2048 1683 2085 fr.
1703 2048 1775 2083 130
1790 2047 1839 2096 α)
1855 2061 1865 2093 3
1881 2060 2000 2096 quum
2025 2060 2116 2084 vero
2133 2055 2260 2084 sextus

1207 2107 1304 2142 liber
1334 2105 1559 2144 Philochori
1583 2106 1764 2143 Boeckhio
1789 2105 1920 2153 judice
1957 2107 2186 2155 pertinuerit
2208 2107 2258 2143 ad

1207 2165 1263 2200 Ol.
1278 2176 1373 2210 cxv,
1393 2177 1414 2200 2
1430 2192 1440 2210 ,
1458 2177 1517 2202 res
1530 2172 1654 2200 autem
1675 2165 1854 2201 Demetrii
1874 2172 1911 2200 et
1927 2165 2106 2213 Antigoni
2123 2172 2256 2202 octavo

1207 2222 1361 2259 demum
1385 2224 1483 2259 libro
1498 2230 1679 2260 enarratae
1693 2224 1767 2258 sint
1787 2235 1796 2260 z
1818 2231 1923 2258 sexto
1942 2224 2041 2258 libro
2054 2235 2131 2258 non
2146 2231 2256 2272 pote-

1207 2288 1263 2317 rat
1284 2283 1347 2318 ille
1359 2283 1429 2318 nisi
1447 2283 1552 2330 quasi
1567 2283 1783 2331 praeteriens
1809 2289 1846 2317 et
1866 2294 1936 2330 per
1951 2282 2086 2318 additae
2101 2282 2257 2318 Am'mo-

1206 2340 1306 2376 nidis
1323 2342 1650 2389 opportunitatem
1674 2341 1926 2376 accessionem
1949 2341 2198 2376 Demetriadis
2218 2348 2256 2376 et

1206 2400 1447 2448 Antigonidis
1474 2411 1787 2436 commemorare.
1819 2415 1836 2431 υ
1862 2400 2030 2435 MEIER.
2067 2398 2116 2435 ad
2149 2399 2187 2436 h.
2226 2399 2253 2435 l.

1204 2469 1244 2504 p.
1270 2457 1333 2493 31.

1259 2517 1349 2565 Pag.
1368 2521 1457 2562 407,
1473 2516 1521 2557 ad
1536 2516 1580 2552 fr.
1604 2520 1671 2559 141
1693 2516 1727 2551 b.
1742 2517 1861 2552 ——De
1874 2516 1948 2551 hoc
1972 2516 2058 2551 loco
2072 2516 2124 2551 ita
2138 2516 2255 2552 Meie-

1205 2586 1268 2609 rus
1278 2575 1316 2609 in
1330 2575 1556 2623 Fragmento
1576 2576 1668 2610 Lex.
1687 2575 1845 2610 Rhetor.
1867 2587 1905 2621 p.
1923 2572 1970 2609 25
1987 2584 1998 2611 :
2014 2589 2029 2605 α
2051 2574 2256 2610 Philocho—

1205 2644 1288 2667 rum
1302 2633 1400 2668 libro
1412 2634 1481 2668 VII
1496 2633 1542 2668 de
1549 2631 1800 2683 νομοφυλάκων
1810 2633 2030 2681 magistratu
2039 2631 2254 2668 disseruisse

1206 2692 1374 2726 constitit
1399 2690 1479 2737 jam
1501 2703 1545 2727 ex
1574 2690 1898 2740 Harpocratione;
1925 2691 1990 2738 qui
2011 2703 2128 2739 quum
2157 2689 2254 2727 illud

1206 2761 1323 2784 unum
1331 2750 1465 2795 tradat,
1475 2750 1743 2785 Philochorum
1754 2751 1819 2785 illo
1829 2751 1918 2785 loco
1935 2757 1972 2785 et
1981 2750 2061 2784 alia
2076 2749 2252 2796 quaedam

1206 2808 1252 2843 de
1274 2809 1318 2843 iis
1335 2809 1522 2856 scripsisse
1542 2807 1600 2844 καὶ
1623 2805 1674 2844 ὅτι
1695 2801 1787 2844 οὗτοι
1809 2806 1871 2849 τὰς
1887 2805 1998 2858 ἀρχὰς
2014 2806 2254 2855 ἐπηνάγκαζον

1205 2864 1273 2907 τοῖς
1283 2864 1399 2914 νόμοις
1413 2868 1574 2916 χρῆσθαι,
1584 2879 1684 2902 1111110
1694 2879 1737 2902 ex
1754 2867 1825 2901 hoc
1841 2867 2086 2914 grammatico
2102 2866 2254 2912 insuper

1205 2925 1386 2959 nonnulla
1407 2932 1506 2959 certe
1521 2937 1565 2959 ex
1587 2925 1660 2959 illis
1676 2925 1763 2959 aliis
1782 2924 1999 2971 quibusdam
2025 2923 2249 2970 accipimus,

1206 2994 1369 3030 quorum
1389 2983 1456 3018 etsi
1477 2983 1658 3030 pleraque
1674 2982 1752 3028 jam
1777 2994 1823 3017 ex
1842 2982 1995 3016 Polluce
2010 2982 2098 3018 Vlll
2115 3008 2126 3026 ,
2145 2984 2193 3029 94
2214 2988 2253 3017 et

1206 3054 1251 3077 ex
1268 3041 1372 3077 Suid.
1391 3053 1429 3076 v.
1450 3040 1481 3076 οἱ
1501 3038 1739 3090 νομοφύλακες
1759 3052 1984 3075 noveramus
2000 3066 2010 3083 ,
2029 3052 2107 3074 non
2128 3046 2252 3076 tamen

1206 3101 1259 3136 ita
1274 3111 1517 3143 noveramus,
1536 3107 1578 3134 ut
1596 3100 1727 3134 hausta
1742 3098 1921 3134 sciremus
1940 3110 1982 3134 ex
2002 3098 2249 3138 Philochoro.

1206 3162 1292 3196 Duo
1320 3165 1446 3194 autem
1473 3158 1534 3193 1110
1563 3158 1693 3203 habet,
1726 3170 1808 3204 quae
1839 3168 1860 3192 a
1892 3157 2047 3204 reliquis
2079 3157 2254 3194 omnibus

1206 3219 1319 3266 plane
1336 3218 1490 3261 absunt,
1513 3229 1675 3264 quorum
1699 3228 1817 3250 unum
1834 3222 1908 3260 est,
1931 3215 2035 3262 quod
2051 3215 2254 3250 nomothe-

1208 3284 1261 3312 tas
1278 3288 1437 3311 numero
1467 3275 1561 3310 dicit
1581 3275 1794 3322 septenario
1815 3274 1943 3318 fuisse,
1967 3274 2126 3309 alterum
2145 3274 2184 3308 in
2205 3285 2251 3309 eo

1208 3335 1435 3377 continetur,
1461 3333 1566 3381 quod
1594 3345 1639 3369 eo
1658 3340 1828 3381 tempore
1853 3333 1937 3367 illos
1965 3332 2153 3367 institutos
2174 3343 2252 3367 esse

1209 3393 1358 3437 scribit,
1388 3400 1504 3439 quum
1535 3392 1724 3438 Ephialtes
1743 3392 1823 3426 sola
1853 3391 2024 3438 capitalia
2056 3390 2252 3437 reliquerit

1210 3453 1423 3500 Areopago.
1433 3452 1577 3487 Verum.
1582 3450 1686 3498 prius
1697 3462 1775 3484 11011
1783 3449 1916 3485 dubito
1928 3449 2019 3497 quin
2027 3455 2249 3496 corruptum
