2326 3724
642 180 1102 273 PRISCUS
1159 176 1658 268 PANITES.

132 563 300 607 Priscus,
330 561 462 597 rhetor
488 566 526 598 et
553 559 741 609 sophista,
771 559 811 594 in
842 558 1032 595 Chronico
1051 558 1124 593 Pa-

79 622 198 659 schali
215 634 257 670 p.
279 619 354 656 588
377 619 435 668 (v.
458 618 504 655 sr.
536 619 558 656 3
580 619 619 668 a)
644 626 682 655 et
710 631 772 667 ap.
794 617 1065 666 Theophanem
1084 629 1124 665 p.

86 693 159 728 179
193 679 407 729 appellatur
431 675 572 728 Θρᾷξ,
606 677 710 726 apud
738 677 895 713 Suidam
933 672 1128 720 Πανίτης

82 740 237 776 dicitur.
260 737 372 774 Unde
392 737 586 785 colligitur
602 736 807 773 oriundum
827 735 939 781 fuisse
958 735 1129 770 Priscum

81 810 127 834 ex
144 810 190 833 eo
207 796 327 832 Panio
339 821 350 841 ,
380 795 488 843 quod
507 802 562 831 est
581 795 750 831 Thraciae
771 793 980 843 oppidum,
1001 793 1042 828 in
1061 804 1129 828 ora

82 855 326 904 Propontidis
336 881 346 899 ‚
366 854 470 890 haud
485 854 539 889 ita
557 854 669 901 longe
683 853 731 889 ab
746 853 931 889 Heraclea
943 851 1039 886 urbe
1054 850 1127 886 dis-

81 916 195 951 situm
216 912 276 964 (*).
299 915 356 949 De
370 913 449 948 vita
469 911 551 959 ejus
570 912 664 948 nihil
681 918 921 960 compertum
944 910 1130 945 habemus

80 980 219 1023 praeter
239 984 285 1008 ea
301 984 384 1020 quae
397 972 477 1020 ipse
494 971 540 1007 de
555 983 593 1007 se
612 972 653 1006 in
671 971 926 1007 Historiarum
942 969 1130 1017 fragmen-

83 1033 131 1068 tis
148 1032 287 1067 nostris
304 1030 492 1080 prodidit.
506 1030 603 1065 Hinc
621 1029 805 1066 docemur
818 1030 988 1065 Priscum
1005 1027 1132 1062 amici·

76 1091 139 1132 ‚tia
157 1103 268 1127 usum
298 1102 376 1126 esse
397 1089 615 1134 Maximini,
641 1101 793 1124 summae
815 1087 1008 1136 dignitatis
1035 1087 1130 1131 viri,

86 1150 149 1186 cui
177 1149 227 1185 ad
256 1149 412 1185 Attilam
440 1148 669 1196 legationem
697 1146 856 1182 obeunti
885 1146 1063 1182 comitem
1094 1156 1133 1180 se

86 1207 261 1255 adjunxit
278 1206 343 1258 (fr.
376 1207 399 1244 8
415 1207 500 1242 init.
522 1219 531 1242 :
552 1203 609 1242 ἐπὶ
628 1203 758 1251 ταύτην
781 1202 844 1249 τὴν
861 1201 1050 1256 πρεσὸείαν
1072 1202 1132 1240 ἐκ-

85 1264 286 1318 λιπαρήσας
298 1263 408 1302 πείθει
433 1279 477 1314 με
501 1262 697 1313 Μαξιμῖνος
717 1264 812 1315 αὐτῷ
836 1267 1047 1313 συναπᾶραι,
1069 1275 1130 1298 an.

89 1325 165 1369 448
183 1339 225 1374 p.
255 1321 344 1375 C.),
368 1336 601 1373 operamque
631 1324 672 1358 in
699 1335 745 1359 eo
766 1323 923 1371 negotio
962 1322 1136 1372 praestitit

87 1385 278 1420 eximiam.
320 1384 466 1419 Priscus
485 1383 587 1419 enim
617 1382 744 1418 studio
776 1394 845 1417 suo
877 1388 915 1417 et
949 1381 1135 1416 industria

87 1442 214 1479 effecit
232 1449 275 1478 ut
295 1443 413 1479 Attila
425 1469 436 1487 ,
457 1442 524 1489 qui
547 1441 652 1477 haud
667 1441 740 1477 levi
759 1440 806 1477 de
828 1452 942 1476 causa
960 1440 1134 1476 Theodo-

88 1501 145 1536 sio
170 1502 288 1536 iratus
310 1500 458 1536 aditum
480 1501 606 1549 legato
634 1499 876 1548 imperatoris
899 1498 1132 1547 denegabat,

89 1560 243 1596 tandem
257 1558 474 1596 flecteretur
493 1560 621 1595 animo
635 1586 645 1604 ,
671 1557 999 1605 conveniendique
1014 1558 1133 1592 Maxi-

88 1620 193 1655 mino
223 1618 329 1655 daret
345 1625 588 1667 potestatem.
611 1619 703 1654 Haec
732 1617 845 1653 sicuti
863 1617 1012 1664 reliqua
1025 1643 1035 1661 ,
1054 1629 1136 1664 quae

90 1677 141 1714 ad
167 1678 396 1726 legationem
423 1678 534 1713 istam
552 1677 764 1726 pertinent,
784 1676 1003 1711 narratione
1020 1676 1138 1711 uber-

89 1737 183 1772 rima
201 1736 387 1783 bonaeque
403 1734 520 1784 frugis
538 1735 758 1785 plenissima
773 1734 923 1770 Priscus
940 1735 1136 1782 persequi-

92 1802 155 1831 tur
175 1795 216 1830 in
230 1794 277 1830 fr.
301 1793 339 1830 8.
361 1814 414 1821 —
430 1795 565 1830 Paucis
581 1794 687 1830 annis
699 1801 790 1842 post
812 1791 931 1842 (452)
947 1822 958 1839 ,
976 1792 1139 1828 eundem

95 1854 345 1890 Maximinum
365 1853 406 1888 in
425 1853 606 1889 Arabiam
627 1854 718 1889 etin
732 1851 965 1888 Thebaidem
986 1852 1139 1899 AEgypti

93 1919 243 1948 secutus
262 1919 317 1948 est
343 1910 403 1963 (v.
434 1911 481 1947 sr.
511 1923 558 1947 20
583 1918 621 1947 et
641 1907 730 1960 21).
764 1910 972 1946 Maximino
994 1910 1048 1944 ibi
1070 1909 1138 1945 de-

94 1970 224 2006 functo
236 1997 246 2015 ,
263 1971 414 2006 rediens
430 1971 580 2018 Priscus
596 1982 715 2017 quum
733 1969 1001 2004 Alexandriam
1017 1968 1140 2003 venis-

95 2036 171 2074 set,
193 2042 269 2077 quo
288 2037 459 2077 tempore
475 2029 566 2064 urbs
585 2028 772 2064 seditione
791 2027 995 2063 laborabat
1007 2054 1017 2071 ,
1037 2026 1141 2061 haud

95 2089 296 2124 minimum
333 2088 501 2124 consiliis
539 2088 614 2123 suis
652 2087 854 2122 contulisse
891 2086 1059 2129 videtur,
1098 2091 1142 2119 ut

94 2147 216 2183 Rufus
240 2147 438 2196 praefectus
463 2146 710 2182 rebellionem
728 2145 837 2180 brevi
861 2151 990 2194 posset
1007 2144 1141 2179 restin-

96 2218 212 2254 guere
229 2206 286 2256 (v.
308 2206 354 2241 fr.
370 2205 452 2254 22).
466 2204 613 2241 Deinde
627 2203 858 2251 Euphemius
869 2230 878 2247 ,
892 2203 1071 2250 magister
1085 2202 1142 2237 of-

96 2262 271 2300 ficiorum
286 2291 296 2312 ,
313 2264 484 2299 Priscum
500 2273 723 2297 assessorem
739 2261 812 2296 sibi
831 2262 961 2309 selegit
975 2260 1039 2309 (fr.
1056 2261 1140 2308 26).

97 2323 271 2370 Denique
286 2324 449 2358 Romam
466 2313 682 2369 profectum
700 2332 796 2365 esse,
816 2321 944 2355 nescio
963 2319 1118 2367 quando
1131 2347 1140 2365 ‚

98 2382 175 2418 sive
204 2383 370 2430 legatum
397 2382 474 2416 sive
494 2380 673 2415 comitem
691 2379 826 2427 legati,
849 2391 895 2414 ex
928 2378 1063 2426 fragm.
1099 2378 1144 2413 16

99 2440 324 2488 colligimus.
342 2439 542 2486 Religione
554 2449 726 2486 paganus
737 2437 847 2472 fuisse
859 2436 1023 2472 videtur.
1037 2436 1146 2472 Certe

105 2514 121 2530 «
135 2498 365 2534 Maximinus
376 2497 622 2544 (Niebuhrius
632 2509 657 2545 p
666 2525 673 2531 .
689 2508 784 2532 xxix
795 2493 865 2545 ait)
876 2508 993 2543 quum
1005 2495 1147 2542 absque

102 2557 221 2594 dubio
243 2568 415 2606 paganus
431 2563 527 2591 esset
549 2555 805 2605 (Christianus
832 2555 932 2590 enim
951 2566 1147 2601 nunquam

101 2617 270 2652 animum
299 2615 530 2659 induxisset,
566 2621 610 2649 ut
643 2614 847 2660 Blemmyis
879 2613 926 2648 de
960 2613 1076 2647 sacris
1109 2613 1148 2647 in

102 2675 298 2711 Philarum
312 2673 433 2709 insula
452 2672 688 2709 celebrandis
706 2672 935 2708 concederet
949 2698 959 2717 ‚
981 2671 1149 2707 faederis-

147 2784 191 2824 (Ἴ
220 2785 261 2816 V.
291 2782 432 2815 suidas:
458 2781 559 2814 Πάνι
571 2793 630 2821 ον,
661 2782 762 2822 ὄνομα
784 2781 900 2822 κύριον.
926 2794 942 2809 u
967 2781 1065 2813 Ἔνθα
1093 2781 1146 2812 καὶ

103 2832 238 2877 κάστρον
250 2830 335 2871 παρὰ
348 2830 494 2870 αἰγιαλῷ,
506 2829 523 2860 ὃ
537 2830 656 2870 λέγεται
676 2829 804 2867 Πάνιον,
824 2829 897 2870 πρὸς
911 2831 973 2865 τοῖς
992 2832 1045 2866 τῆς
1058 2829 1151 2870 Ηρα-

105 2874 207 2915 κλείας
221 2879 357 2919 μέρεσι.»
342 2879 456 2909 »Inter
471 2877 723 2917 ιιὼεεΕιπῡρὊ,
733 2878 862 2917 quaeest
876 2885 940 2907 una
953 2885 991 2909 ex
1006 2876 1150 2908 Thraciae

105 2924 295 2966 provinciis,
312 2926 437 2956 Panum
455 2927 621 2956 recensent
644 2923 873 2955 Constantinus
888 2923 1084 2964 porphyrog.
1105 2926 1151 2956 De

105 2971 205 3003 them.
224 2972 266 3007 Il,
283 2979 316 3011 p.
331 2973 384 3010 47,
403 2974 420 3002 4
436 2973 538 3003 Bonn.
554 2972 587 3002 et
602 2970 786 3003 Hierocles
779 2979 811 3002 m
828 2970 964 3010 Synecd.
980 2979 1011 3010 p.
1028 2975 1087 3003 390
1099 2971 1149 3005 ed,

106 3020 223 3058 Bonn.;
232 3018 272 3050 ad
284 3027 381 3058 quem
389 3018 496 3049 locum
507 3017 733 3057 Wesselingius
745 3018 836 3049 notat
849 3017 919 3048 haec
931 3029 939 3048 z
950 3030 965 3044 «
981 3017 1151 3049 Maritimae

106 3065 265 3105 Thraciae,
280 3067 313 3096 αἱ
335 3065 479 3105 παράλιοι
494 3068 547 3102 τῆς
574 3063 696 3105 Θρᾴκης
709 3064 830 3102 πόλεις,
856 3064 893 3096 τὸ
912 3075 943 3096 τε
963 3064 1079 3096 Πὰνιον
1098 3065 1151 3096 καὶ

102 3112 314 3153 ἡἩράκλεια,
331 3113 407 3143 sunt
422 3111 454 3142 in
471 3111 609 3143 cedreni
631 3110 808 3151 compend.
827 3120 859 3152 p.
875 3113 954 3149 4173
969 3111 1054 3143 unde
1070 3111 1153 3142 colli·

109 3168 164 3200 gas
183 3158 270 3190 haud
284 3159 424 3189 multum
442 3158 596 3190 Heraclea
609 3159 768 3189 remotum
783 3158 879 3190 fuisse
895 3158 1062 3199 oppidum.
1078 3158 1152 3190 Cla·

110 3207 176 3238 rius
187 3205 220 3236 id
238 3205 346 3236 videas
361 3213 403 3237 ex
415 3204 511 3237 Suida
535 3213 567 3237 ν.
589 3204 717 3243 Πάνιον,
733 3208 765 3236 et
785 3213 828 3237 ex
843 3205 978 3237 concilio
995 3205 1153 3245 Ephesino

110 3262 141 3294 p.
158 3256 237 3292 790,
250 3252 305 3284 ubi
317 3252 466 3284 Heraclea
479 3253 511 3284 et
526 3251 657 3284 Panium
674 3252 812 3284 eundem
823 3252 1008 3293 episcopum
1024 3252 1152 3283 habent.

111 3300 227 3331 Postea
243 3302 351 3330 tamen
374 3298 506 3337 singulis
527 3298 682 3339 episcopis
701 3301 894 3339 paruerunt;
917 3299 1003 3331 unde
1019 3299 1154 3330 concilio

112 3345 463 3385 Constantinopolitano
476 3349 495 3377 3
514 3354 543 3386 p.
559 3349 617 3378 500
632 3346 770 3387 Ῥηγῖνος
782 3346 953 3384 ἐπίσκοπος
969 3345 1089 3379 Πανίου
1102 3349 1154 3385 τῆς

113 3396 244 3435 Θρᾳκῶν
254 3393 356 3434 χώρας
375 3392 543 3425 scribendo
556 3393 693 3426 adfuisse
706 3393 805 3425 dicitu
811 3403 835 3426 r.
854 3407 870 3422 υ

1186 568 1262 606 que
1281 557 1450 592 tabulam
1470 557 1508 592 in
1526 556 1592 592 illo
1612 555 1755 604 templo
1775 553 1927 604 figeret,
1950 554 1997 590 fr.
2027 568 2071 591 οι
2087 553 2097 605 )
2113 582 2124 601 ,
2143 568 2236 592 con-

1183 615 1333 663 jectura
1345 615 1422 663 jam
1438 628 1508 665 per
1527 628 1566 652 se
1586 615 1698 651 valde
1714 614 1928 663 probabilis
1951 613 2121 650 Priscum
2139 627 2238 663 quo-

1190 687 1263 723 que
1283 676 1448 723 antiquis
1469 676 1586 711 sacris
1606 674 1802 710 addictum
1820 673 1951 723 fuisse,
1969 674 2089 722 magis
2113 674 2236 710 adhuc

1190 733 1451 770 confirmatur.

1242 799 1392 869 Scripta
1408 799 1529 834 Prisci
1549 797 1683 834 Suidas
1707 804 1878 833 recenset
1907 797 1962 834 Με
1964 795 2067 838 λέτας
2095 798 2236 847 ῥητορι-

1189 855 1254 899 κάς
1274 865 1311 893 et
1330 855 1560 903 Ἐπιστολάς,
1589 863 1670 893 tum
1694 869 1787 892 vero
1817 853 2046 906 Ἱστορίαν
2068 855 2237 898 Βυζαν-

1189 914 1346 961 τιακὴν
1378 913 1449 952 καὶ
1483 913 1534 952 τὰ
1562 913 1675 952 κατὰ
1714 912 1938 960 Ἀττήλαν
1968 914 2008 950 ἐν
2049 911 2239 964 βιὸλίοις

1190 973 1330 1012 ὀκτώ.
1364 975 1570 1011 Postremis
1588 987 1667 1010 non
1695 974 1772 1010 duo
1806 985 1925 1023 opera
1946 973 2153 1018 historica,
2175 974 2242 1010 sed

1190 1047 1309 1070 unum
1330 1034 1508 1082 idemque
1531 1033 1695 1070 indicari
1713 1040 1817 1069 recte
1846 1033 1979 1068 statuit
1996 1023 2240 1069 Niebuhr-ius.

1193 1093 1373 1129 Similiter
1397 1094 1589 1141 Excerpta
1608 1094 1664 1128 De
1690 1090 1948 1140 legationibus
1976 1091 2146 1139 gentium
2180 1092 2243 1126 in-

1193 1152 1413 1188 scribuntur
1431 1165 1439 1188 :
1456 1149 1614 1201 Πρίσκου
1633 1148 1773 1203 ῥήτορος
1788 1147 1847 1186 καὶ
1861 1152 2026 1201 σοφιστοῦ
2040 1150 2111 1186 ἱστ
2122 1163 2164 1200 ορ
2176 1148 2186 1185 ί
2198 1164 2218 1185 α
2229 1165 2244 1190 ς

1194 1211 1472 1256 Βυζαντικης
1492 1207 1652 1260 ἐκλογαί,
1673 1209 1763 1245 dum
1778 1209 1978 1257 Excerptis
1991 1209 2048 1244 De
2066 1208 2140 1256 leg.
2163 1209 2244 1244 Ro-

1192 1282 1393 1305 manorum
1411 1268 1658 1335 praefiguntur
1689 1268 1767 1304 haec
1793 1280 1801 1304 :
1827 1265 1985 1317 Πρίσκου
2008 1264 2150 1318 ῥήτορος
2182 1265 2244 1303 καὶ

1195 1337 1355 1373 σοφιστου
1386 1321 1584 1373 ἱστορίας
1610 1322 1638 1359 Ι
1650 1321 1830 1366 οτθικῆς
1857 1317 2014 1370 ἐκλογαί.
2054 1320 2246 1356 Nimilum

1193 1383 1317 1431 prima
1339 1383 1584 1418 hist01iarum
1614 1393 1703 1430 pars
1724 1393 1843 1428 quum
1861 1391 1941 1428 prae
1962 1380 2097 1415 ceteris
2125 1381 2246 1428 perti-

1193 1448 1301 1476 neret
1318 1441 1368 1477 ad
1385 1453 1445 1477 res
1474 1453 1562 1476 cum
1581 1439 1714 1477 Gothis
1737 1440 1814 1475 sive
1846 1438 1996 1486 Scythis
2022 1439 2248 1486 Hunnisque

1196 1507 1316 1548 gestas
1329 1528 1339 1546 ‚
1356 1501 1416 1536 vel
1436 1500 1484 1535 ab
1499 1501 1583 1548 ipso
1601 1506 1759 1535 auctore
1772 1499 1831 1534 vel
1846 1498 1894 1534 ab
1909 1504 2116 1546 exceptore
2133 1494 2247 1535 ‘Icto—

1199 1557 1255 1609 ρία
1278 1556 1428 1604 Γοτθική
1448 1559 1606 1594 inscribi
1623 1564 1790 1607 poterat.

1249 1620 1306 1654 De
1319 1619 1466 1654 ambitu
1477 1618 1731 1654 Historiarum
1745 1617 1798 1652 ita
1815 1616 2044 1652 Niebuhrius
2062 1628 2069 1650 ε
2089 1631 2104 1648 «
2124 1618 2154 1651 A
2170 1628 2246 1663 quo

1198 1684 1369 1726 tempore
1403 1677 1602 1712 historiam
1639 1676 1827 1724 inceperit
1857 1675 2006 1710 Priscus
2021 1702 2031 1720 ‚
2075 1675 2245 1723 expediri

1196 1749 1275 1771 non
1305 1744 1432 1785 potest
1462 1749 1471 1771 :
1499 1736 1566 1772 sed
1588 1736 1727 1771 nullius
1759 1735 1835 1780 rei,
1870 1746 1952 1782 quae
1989 1741 2076 1769 ante
2109 1746 2249 1769 annum

1200 1794 1274 1837 433
1305 1800 1410 1843 gesta
1444 1796 1514 1841 sit,
1550 1795 1698 1830 mentio>
1725 1806 1771 1830 ex
1809 1806 1855 1829 eo
1887 1793 2058 1828 affertur.
2094 1794 2250 1842 Asparis

1197 1853 1439 1903 filiorumque
1461 1854 1619 1900 caedem,
1641 1866 1725 1902 quae
1755 1865 1817 1888 an.
1856 1857 1927 1898 471
1945 1882 1954 1898 ‚
1984 1852 2124 1888 Leonis
2154 1853 2247 1901 imp.

1200 1926 1261 1950 an.
1289 1913 1333 1950 15
1354 1921 1505 1963 patrata
1525 1920 1579 1950 est
1592 1941 1602 1958 ,
1625 1926 1647 1949 a
1667 1913 1796 1949 Prisco
1814 1918 2006 1947 narratam
2026 1923 2104 1947 esse
2118 1939 2128 1956 ,
2150 1913 2250 1947 Eua-

1200 1973 1302 2019 grius
1333 1971 1418 2021 (11,
1446 1972 1512 2021 16)
1551 1971 1666 2007 docet
1696 1970 1829 2006 :unde
1865 1970 2101 2018 colligimus,
2134 1982 2252 2017 quum

1200 2031 1370 2066 Malchus
1392 2042 1532 2066 annum
1551 2033 1624 2075 474
1639 2057 1649 2074 ,
1669 2030 1809 2065 Leonis
1830 2040 1892 2064 an.
1918 2041 1979 2074 17,
1997 2029 2163 2063 historiae
2179 2041 2253 2064 suae

1201 2090 1351 2125 initium
1371 2089 1523 2134 iecerit,
1547 2089 1718 2125 Priscum
1738 2088 1788 2124 ad
1804 2100 1889 2124 eum
1909 2087 2133 2123 substitisse.
2161 2103 2176 2119 υ
2201 2108 2254 2115 -

1201 2149 1317 2184 Liber
1358 2149 1489 2184 tertius
1521 2148 1708 2197 pertinuit
1748 2159 1869 2194 usque
1912 2146 1959 2181 ad
2005 2146 2255 2181 Maximinum

1204 2219 1226 2243 a
1253 2208 1442 2256 legatione
1461 2207 1640 2243 Hunnica
1668 2205 2037 2253 Constantinopolim
2073 2204 2253 2240 reducem

1204 2263 1302 2316 (448
1321 2279 1361 2314 p.
1379 2267 1421 2302 C.
1442 2262 1464 2311 ).
1480 2267 1614 2313 Itaque
1636 2265 1676 2300 in
1698 2264 1943 2312 sequentibus
1962 2264 2068 2298 libris
2086 2264 2255 2311 quinque

1204 2326 1353 2360 Priscus
1382 2325 1558 2373 exposuit
1587 2337 1646 2360 res
1679 2336 1865 2359 annorum
1893 2323 2027 2371 viginti
2055 2334 2133 2357 sex.
2171 2323 2255 2357 Jam

1206 2397 1324 2432 quum
1342 2384 1595 2432 probabiliter
1620 2390 1784 2419 statuere
1813 2383 1927 2418 liceat
1955 2381 2114 2417 similem
2146 2381 2256 2416 fuisse

1205 2443 1393 2478 rationem
1408 2443 1597 2478 librorum
1621 2442 1926 2478 antecedentium
1939 2468 1948 2486 ,
1969 2440 2062 2476 adeo
2082 2446 2124 2474 ut
2144 2440 2255 2486 quin-

1208 2501 1331 2537 decim
1350 2501 1467 2537 ferme
1481 2514 1670 2537 annorum
1685 2513 1744 2537 res
1761 2501 2108 2549 complecterentur
2130 2511 2136 2533 ε
2156 2499 2257 2533 veri-

1207 2560 1438 2595 simillimum
1468 2567 1522 2596 est
1549 2566 1747 2596 auctorem
1780 2559 1980 2595 exordium
2013 2558 2257 2593 historiarum

1208 2620 1407 2668 sumpsisse
1425 2619 1472 2655 ab
1493 2631 1592 2655 anno
1612 2619 1686 2662 433
1699 2646 1709 2665 ,
1729 2631 1807 2666 quo
1826 2619 1943 2654 Attila
1958 2629 2115 2666 regnum
2132 2629 2259 2652 susce-

1478 750 1494 766 1)

1197 2679 1286 2726 pit,
1319 2678 1485 2725 ideoque
1514 2679 1684 2727 primum
1711 2677 1963 2726 fragmentum
1992 2688 2038 2712 ex
2066 2676 2149 2724 ipso
2182 2675 2258 2710 fere

1173 3456 1207 3480 60

1211 2737 1337 2785 operis
1352 2738 1461 2773 initio
1475 2750 1554 2773 esse
1574 2737 1829 2786 desumptum.
1856 2746 1859 2750 ·

1263 2798 1321 2832 De
1346 2795 1475 2831 indole
1502 2803 1540 2831 et
1564 2796 1689 2844 pretio
1718 2794 1892 2830 historici
1916 2793 2036 2828 nostri
2058 2792 2160 2827 haud
2187 2791 2259 2826 ab-

1211 2855 1322 2890 surde
1355 2867 1522 2890 summus
1546 2855 1776 2890 Niebuhrius
1801 2855 1855 2889 ita
1880 2852 2026 2899 judicat
2052 2862 2061 2887 :
2091 2866 2106 2882 «
2127 2852 2260 2898 Longe

1213 2914 1378 2962 optimus
1399 2914 1569 2949 omnium
1591 2913 1778 2960 sequioris
1802 2912 1869 2947 aevi
1893 2910 2183 2953 historicorum;
2201 2908 2260 2942 in-

1212 2973 1323 3021 genio
1338 3000 1348 3017 ‚
1370 2971 1445 3021 fide
1458 2999 1468 3017 ,
1487 2973 1691 3021 sapientia,
1713 2972 1808 3007 nulli
1827 2971 1887 3006 vel
1907 2970 2142 3018 optimorum
2162 2974 2260 3001 tem-

1211 3044 1352 3080 porum
1366 3031 1675 3080 posthabendus3
1696 3032 1844 3079 elegans
1861 3040 2017 3077 quoque
2033 3034 2070 3062 et
2088 3037 2260 3061 sermone

1212 3092 1300 3126 satis
1318 3103 1416 3139 puro
1430 3103 1533 3135 usus,
1549 3090 1699 3126 laudem
1715 3097 1829 3137 atque
1845 3088 2003 3137 gloriam
2025 3097 2141 3132 quum
2159 3083 2260 3131 apud

1215 3162 1361 3185 coaevos
1393 3156 1473 3184 tum
1502 3150 1601 3184 inter
1625 3156 1798 3197 posteros
1826 3147 1963 3182 merito
1994 3144 2153 3190 adeptus
2184 3149 2257 3185 est;

1215 3209 1277 3244 cui
1302 3209 1415 3244 etiam
1444 3220 1466 3244 a
1492 3208 1641 3244 Valesio
1673 3215 1711 3243 et
1737 3206 1940 3250 Gibbono,
1971 3202 2124 3239 summis
2144 3200 2257 3243 viris,

1213 3266 1361 3302 laudari
1377 3267 1546 3315 contigit.
1565 3282 1581 3298 2>

1267 3326 1462 3373 Reliquias
1489 3324 1707 3372 scriptoris,
1746 3328 1882 3371 praeter
1911 3331 2035 3369 pauca
2063 3318 2146 3361 illa,
2177 3327 2259 3362 quae

1216 3383 1421 3432 EuagriuS,
1445 3382 1694 3431 Theophanes
1708 3408 1717 3426 ,
1736 3379 1946 3416 Jornandes
1967 3384 2003 3412 et
2022 3374 2154 3411 Suidas
2170 3385 2258 3422 sup-
