2326 3724
123 199 167 230 34
946 190 1159 230 EUNAPlI
1188 189 1431 230 SARDIANI

121 277 298 331 πραχθὲν,
313 277 365 316 ὅτι
386 282 456 321 τοῖς
475 278 611 330 χρόνοις
628 277 804 329 παρέτεινε
825 278 884 315 καὶ
904 279 1153 330 συγκατέστρε-

116 339 177 389 ψεν
197 336 254 375 ἐπὶ
285 336 329 374 τὰ
361 336 619 389 προειρημένα,
641 335 730 374 ὥστε
759 337 829 380 τοῖς
847 339 980 389 καιροῖς
998 336 1046 387 μὴ
1067 335 1155 374 πολὺ

116 395 376 447 παραλλάττειν
394 397 427 438 ἐς
442 395 481 433 τὸ
497 395 593 438 τέλος
612 394 673 441 τὴν
694 394 844 448 γραφήν.

169 455 291 492 Suidae
321 456 449 490 locum
479 455 528 491 ad
559 456 776 504 Eunapium
810 455 1048 491 referendum
1079 467 1156 491 esse

114 515 260 562 primus
293 515 443 549 monuit
477 514 647 550 Valesius
677 514 727 550 ad
763 515 954 551 Ammian.
990 515 1154 549 Marcell.

117 573 261 609 XXVII
275 599 284 617 ‚
307 585 331 620 9
345 599 354 617 ‚
376 572 424 616 6;
446 572 514 606 ubi
538 573 618 607 liaec
647 582 656 609 :
681 574 736 607 At
749 575 786 607 in
806 574 959 607 Isauria
976 573 1156 618 globatim

112 643 184 678 per
212 634 342 666 vicina
375 632 533 679 digressi
557 631 775 678 proedones,
806 631 944 678 oppida
973 632 1158 678 villasque

115 691 241 724 uberes
264 690 381 724 libera
403 690 646 736 populatione
675 697 874 732 verantes,
903 690 1159 735 magnitudine

110 752 343 794 jacturarum
365 747 635 795 Pamphyliam
667 747 913 794 adflictabant
942 755 979 782 et
1005 747 1158 786 Cilicas.

119 808 218 853 Quos
247 819 355 854 quum
390 807 503 841 nullis
535 806 744 841 arcentibus
774 809 994 841 internecive
1028 814 1158 841 cuncta

117 866 326 913 disperdere
345 867 449 900 Asiae
478 867 637 900 vicarius
664 877 711 900 ea
732 873 946 913 tempestate
966 866 1159 900 Musonius

118 926 349 967 advertisset,
375 923 533 958 Athenis
554 925 689 958 Atticis
708 923 869 958 antehac
885 926 1066 970 magister
1078 923 1160 958 rlze-

118 986 250 1019 toricus
267 995 276 1018 .·
304 983 506 1030 deploratis
523 985 717 1018 novissime
729 983 849 1026 rebus,
873 984 1034 1030 luxuque
1048 983 1160 1028 adju·

119 1050 242 1077 mento
277 1043 432 1076 militari
461 1049 660 1084 marcente,
700 1040 876 1075 adhibitis
908 1041 1162 1076 semiermibus

113 1103 263 1147 paucis,
291 1112 380 1148 quos
407 1101 619 1146 Diogmitas
638 1101 848 1147 appellant,
875 1112 986 1134 unum
1008 1111 1163 1146 grassa—

118 1166 235 1193 torum
264 1171 438 1202 cuneum,
464 1162 498 1194 si
522 1161 703 1206 patuisset
716 1155 904 1202 facultas,
934 1158 1076 1193 adoriri
1103 1171 1162 1193 co-

118 1225 240 1261 natus,
261 1230 333 1265 per
348 1226 544 1264 angustum
570 1217 754 1265 quendam
773 1221 952 1252 transiens
976 1218 1162 1252 devexita-

119 1279 165 1311 tis
193 1274 425 1322 anfractum,
458 1277 512 1311 ad
540 1273 767 1311 inevitabiles
783 1280 890 1311 venit
914 1277 1072 1311 insidias
1093 1289 1105 1311 .·
1128 1285 1164 1312 et

119 1334 168 1368 ibi
188 1346 268 1369 cum
290 1334 350 1368 his
367 1331 555 1379 confossus
570 1341 626 1368 est
646 1346 735 1381 quos
750 1335 922 1371 ducebat.
951 1335 1054 1370 Mors
1078 1335 1163 1369 Mu-

117 1393 214 1427 sonii
228 1393 392 1441 pertinet
410 1393 459 1428 ad
476 1404 616 1428 annum
634 1392 725 1428 368.
744 1392 856 1428 Unde
867 1397 974 1440 patet
990 1393 1068 1427 haec
1085 1405 1163 1428 me-

118 1456 259 1491 morari
293 1463 433 1505 praeter
463 1456 637 1492 ordinem
667 1455 999 1503 chronologicum.
1043 1454 1164 1503 quue

119 1516 199 1562 ipse
218 1516 411 1563 Eunapius
430 1514 574 1550 indicat
603 1514 730 1550 verbis
767 1512 972 1550 εἘνταῧθά
1004 1528 1072 1550 που
1103 1516 1165 1559 τῆς

120 1574 319 1624 συγγραφῆς
348 1571 543 1624 ἀφώρισται
573 1571 614 1609 τὸ
644 1570 819 1623 πραχθὲν,
853 1569 904 1608 ὅτι
933 1577 1003 1615 τοῖς
1031 1571 1164 1624 χρόνοις

120 1630 365 1682 παρέτεινεν...
402 1631 459 1669 ἐπὶ
493 1630 537 1669 τᾶ
569 1630 822 1683 προειρημένα.
860 1633 1012 1668 Scilicet
1045 1634 1164 1669 Isauri

119 1699 207 1740 post
221 1699 348 1727 motus
361 1692 461 1736 illos,
485 1691 624 1739 quibus
643 1692 839 1726 Musonius
855 1692 989 1740 periit,
1011 1693 1164 1739 quieve-

120 1757 209 1785 runt
222 1762 342 1797 usque
356 1750 405 1786 ad
422 1763 562 1785 annum
581 1750 670 1796 376.
688 1751 745 1785 De
757 1750 831 1785 hoc
853 1757 977 1785 autem
994 1757 1165 1798 tempore

121 1809 315 1856 Eunapius
331 1809 489 1856 loquens
505 1809 704 1856 superiora
717 1835 726 1852 ‚
746 1814 931 1855 quatenus
951 1807 999 1843 ad
1015 1809 1165 1843 Isauros

120 1868 336 1915 pertinent,
353 1868 519 1916 repetiit.
539 1866 867 1913 Quemadmodum
883 1867 1096 1915 Eunapius,
1113 1868 1164 1902 sic

124 1922 294 1961 Zosimus
326 1926 420 1974 (IV,
451 1938 499 1961 20
531 1925 580 1961 ad
603 1937 690 1960 ann.
726 1925 827 1974 376)
852 1938 1006 1973 quoque
1036 1926 1165 1961 turbas

123 1985 310 2020 Isauricas
330 1996 375 2019 eo
410 1985 497 2020 loco
534 1991 806 2019 commemorat
837 1996 914 2032 quo
940 1984 986 2019 de
1018 1986 1166 2020 Hunnis

123 2043 412 2090 Gothorumque
430 2042 719 2091 migrationibus
748 2055 871 2078 sermo
901 2050 968 2079 est.
991 2043 1167 2078 Ceterum

124 2101 170 2136 de
193 2102 368 2136 Musonio
387 2101 435 2138 cf.
463 2103 658 2150 Eunapius
684 2102 724 2136 in
738 2102 812 2139 Vit.
832 2101 1024 2137 Proaercsii
1044 2113 1084 2149 p.
1117 2114 1166 2149 92

123 2159 182 2196 cd.
209 2161 325 2197 Boiss.
359 2173 366 2195 :
400 2158 600 2206 Ἐπανέστη
626 2157 661 2196 δὲ
691 2159 786 2210 αὐτῷ
818 2159 890 2210 (τῷ
923 2157 1166 2210 Προαιρεσίῳ)

129 2218 146 2252 ὃ
164 2216 382 2264 Μουσώνιος,
397 2219 442 2260 εἷς
461 2216 663 2269 σοφιστικὴν
689 2215 858 2267 ὁμιλητὴς
878 2215 925 2254 ὢν
941 2218 1044 2254 αὐτοῦ
1064 2216 1167 2270 (περὶ

123 2268 162 2312 οἷ
177 2275 291 2313 πολλὰ
309 2275 364 2313 διὰ
384 2275 442 2319 τὰς
461 2275 568 2319 ἄλλας
583 2277 617 2313 ἐν
634 2277 703 2319 τοῖς
719 2275 913 2320 διεξοδικοῖς
925 2274 1164 2328 γέγραπται),

124 2333 183 2370 καὶ
209 2333 264 2372 ὅτε
290 2349 329 2384 γε
362 2335 510 2386 ἀντῆρε,
541 2333 754 2385 καταμαθὼν
784 2334 868 2387 πρὸς
899 2334 975 2372 τίνα
1006 2333 1078 2386 ἔχει
1109 2334 1167 2372 τὸν

128 2394 266 2443 ἀγῶνα,
295 2391 384 2444 ταχὺ
418 2393 514 2443 μάλα
544 2393 601 2431 ἐπὶ
620 2392 682 2440 τὴν
703 2393 885 2439 πολιτικὴν
905 2393 1162 2439 κατεπήδησεν.

124 2454 172 2489 V.
205 2453 440 2490 WVernsdorf.
466 2453 513 2488 ad
536 2454 680 2491 Himer.
703 2466 740 2502 p.
771 2452 861 2498 473.
894 2455 949 2489 De
979 2452 1064 2488 filiis
1088 2452 1169 2500 ejus

126 2510 175 2548 cf.
207 2512 375 2546 Zosimus
394 2514 444 2556 V,
475 2510 509 2548 5.
539 2532 592 2539 —
612 2509 655 2548 Ὁ
680 2510 923 2562 Θεόδωρος]
953 2528 968 2544 «
991 2513 1169 2548 Arbitror

125 2570 226 2604 hunc
248 2582 324 2605 esse
344 2570 588 2606 Theodorum
607 2570 805 2606 Iamblichi
829 2572 1054 2619 discipulum
1068 2598 1078 2616 ‚
1102 2571 1168 2618 qui

127 2628 340 2676 appellatur
358 2629 397 2663 in
416 2629 561 2664 Comm.
591 2630 639 2665 ad
654 2631 873 2665 Nicomach.
895 2630 1016 2666 Arith.
1031 2643 1072 2678 p.
1095 2629 1140 2666 61
1155 2657 1166 2675 ‚

1219 280 1277 314 vel
1308 279 1553 314 Theodorum
1587 279 1749 325 aliquem
1787 279 2058 327 magistratum.
2092 281 2188 317 Tum
2226 289 2263 318 et

1218 338 1409 374 Theodori
1438 338 1674 384 proconsulis
1706 345 1851 373 exstant
1885 340 2156 387 epigrammata
2185 340 2262 376 duo

1218 408 1282 444 ap.
1305 395 1534 430 Brunckium
1553 403 1644 429 tom.
1661 396 1740 439 ΙΙΙ,
1767 407 1807 443 p.
1835 397 1873 433 6.
1902 412 1918 428 »
1948 398 2036 434 ΜΛΙ.
2059 398 2165 433 Idem
2184 399 2265 434 Ma·
2304 409 2310 416 ·

1214 455 1274 502 jus
1294 467 1340 490 ex
1359 454 1629 502 epigrammate
1661 454 1805 502 colligit
1832 454 1880 490 ad
1907 455 2019 490 Ilium
2047 457 2264 492 Musonium

1219 526 1296 550 esse
1326 514 1528 562 sepultum.
1549 535 1601 540 -—
1630 515 1659 548 E
1686 515 1885 561 postremis
1918 515 2090 562 quaedam
2110 516 2266 553 adducit
2317 500 2326 567 Ξ

1219 572 1352 608 Suidas
1371 585 1408 607 v.
1431 571 1558 622 Δρᾶμα
1579 578 1617 607 et
1635 569 1868 610 Ἐπεισόδιον.
2318 569 2326 580 “

1713 666 1775 708 46.

1274 755 1365 792 Exc.
1383 756 1439 790 De
1453 761 1545 791 sent.
1563 767 1604 802 p.
1623 766 1695 799 271
1707 782 1714 788 .
1737 766 1812 800 272
1831 767 1839 789 :
1858 750 1973 791 “Orto
1989 753 2152 805 βασιλεὺς
2168 753 2266 794 Οὖά·

1220 813 1240 849 λ
1375 811 1385 828 ι
1436 811 1444 824 x
1577 811 1586 823 x
1680 811 1688 824 ¹
1773 813 1784 827 c
1810 813 1838 835 v
1872 812 1879 824 ι
2215 814 2224 828 ι
2324 830 2326 835 ,

1243 827 1283 857 ης
1301 827 1393 850 κατα
1414 828 1473 850 τον
1494 827 1613 864 καιρον
1631 815 1735 858 ἡνικα
1755 827 1786 849 οι
1808 815 1942 850 ῌκυθαι
1961 812 2024 859 τὴν
2043 814 2267 852 Μακεδονιαν
2320 841 2326 856 ,-

1221 870 1420 923 ἐπι-ἔτρεχον,
1436 870 1618 924 παρελθὼν
1637 871 1684 913 εἷς
1699 869 1762 917 τὴν
1781 869 1882 908 πόλιν
1899 870 1960 915 τὰς
1975 870 2193 924 πανταχόθεν
2209 874 2268 912 δυ·

1222 930 1343 980 νάμεις
1360 930 1559 982 συνήγειρεν
1580 932 1626 973 ὡς
1646 929 1736 981 μέγα
1761 945 1795 967 τι
1815 930 1874 968 καὶ
1903 930 2098 982 παράδοξον
2119 931 2269 984 ἐργασό-
2320 974 2326 983 Γ

1223 1004 1336 1039 μενος.
1355 987 1469 1028 “Όσον
1491 988 1526 1026 δὲ
1547 988 1689 1026 παιδεία
1709 987 1937 1040 ἀναγνώσεως
1956 989 2070 1041 ἰσχύει
2090 989 2176 1042 πρὸς
2190 990 2270 1035 τοὺς
2323 1010 2326 1019 2

1223 1047 1394 1098 πολέμους
1424 1047 1484 1085 καὶ
1503 1050 1524 1093 ἠ
1546 1046 1603 1085 διὰ
1623 1050 1684 1094 τῆς
1702 1046 1856 1099 ἱστορίας
1878 1047 2024 1100 ἀκριὸἡς
2041 1049 2166 1102 θεωρία
2185 1050 2271 1102 πρὸς

1225 1106 1362 1158 ἄμαχόν
1376 1121 1453 1144 τινα
1464 1106 1523 1144 καὶ
1537 1104 1740 1158 γραμμικὴν
1752 1105 1895 1144 ἔκὸασιν
1909 1108 2097 1146 τελευτῶσι
2112 1107 2172 1146 καὶ
2189 1123 2270 1147 συν·

1223 1164 1512 1215 ηναγκασμένην,
1542 1163 1604 1202 καὶ
1630 1163 1708 1202 τότε
1729 1166 1747 1202 ὃ
1765 1164 1887 1218 χρόνος
1904 1165 2097 1210 ἀπέδειξεν.
2119 1168 2270 1207 Πολλῶν

1224 1224 1292 1276 γὰρ
1309 1226 1365 1262 ἐπὶ
1379 1225 1519 1267 πολλοῖς
1539 1223 1821 1276 μαρτυρούντων,
1839 1224 1900 1262 καὶ
1918 1228 1982 1271 *effic
1996 1225 2119 1278 πείρας
2133 1225 2271 1281 πόρρωῖ

1225 1287 1279 1320 θεν
1310 1281 1463 1335 βοώσης,
1490 1281 1542 1320 ὅτι
1570 1281 1647 1320 οὔτε
1668 1283 1807 1327 πολλοῖς
1838 1281 1917 1321 οὔτε
1937 1283 2064 1335 ὀλίγοις
2095 1283 2272 1336 μάχεσθαι

1225 1345 1398 1392 προσῆκεν
1421 1342 1657 1392 ἀπεγνωκόσιν
1679 1344 1810 1380 ἑαυτῶν
1830 1342 1890 1380 καὶ
1908 1343 1993 1395 πρὸς
2007 1342 2161 1382 κίνδυνον
2181 1343 2272 1383 ἑτοί-

1227 1417 1299 1451 μως
1319 1399 1469 1451 ἔχουσιν,
1491 1399 1566 1438 ἀλλ’
1597 1399 1649 1437 ὅτι
1676 1404 1820 1438 τοιαῦτα
1844 1400 2063 1452 στρατόπεδα
2086 1401 2272 1440 καταλύειν

1227 1459 1393 1513 συμφέρει
1406 1459 1519 1511 χρόνῳ
1530 1459 1693 1511 τρίὸοντα
1707 1459 1764 1496 τὸν
1775 1458 1928 1509 πόλεμον
1942 1459 2003 1497 καὶ
2015 1459 2270 1512 περικόπτοντα

1226 1518 1286 1563 τὰς
1314 1518 1472 1571 ἀφορμὰς
1488 1521 1555 1556 τῶν
1577 1517 1795 1566 ἐπιτηδείων,
1818 1517 1911 1562 ὅπως
1931 1520 1987 1571 ὑφ’
2007 1521 2140 1556 ἑαυτῶν
2163 1521 2272 1558 πολε-

1228 1581 1344 1629 μοῖντο
1366 1579 1408 1615 δι’
1436 1577 1567 1614 ἔνδειαν
1593 1577 1716 1614 πολλοὶ
1748 1577 1998 1628 τυγχάνοντες,
2027 1577 2087 1615 καὶ
2117 1577 2165 1628 μὴ
2186 1577 2274 1631 πρὸς

1226 1637 1336 1689 τύχην
1357 1635 1687 1686 ἀποκινδυνεύωσιν,
1711 1636 1787 1672 ἀλλ’
1809 1638 1844 1673 ἐν
1872 1635 1994 1688 ἀπόρῳ
2015 1635 2075 1673 καὶ
2094 1636 2133 1674 τὸ
2152 1638 2272 1675 κινδυ-

1226 1696 1333 1733 νεύειν
1364 1694 1504 1746 ἔχωσιν,
1536 1694 1593 1732 ἐπὶ
1622 1700 1693 1738 τοῖς
1716 1694 1881 1738 ἐναντίοις
1912 1693 2017 1741 οὔσης
2045 1697 2106 1741 τῆς
2138 1697 2273 1749 ἐπιχει-

1229 1754 1358 1807 ρήσεως
1372 1769 1380 1776 ·
1402 1753 1421 1772 ²⁵
2241 1750 2247 1755 ’

1281 1812 1346 1856 Ὡς
1369 1810 1404 1849 δὲ
1425 1807 1466 1858 ἦν
1487 1810 1650 1849 τοιούτων
1671 1812 1801 1863 ἀρετῶν
1822 1814 1844 1857 ἡ
1865 1811 2016 1857 >ιτῗ,σκ,·”ι
2036 1834 2089 1840 ——
2115 1806 2270 1850 σπανιώ-

1227 1886 1324 1922 τερον
1341 1869 1377 1908 δὲ
1398 1869 1494 1907 οὐδὲν
1515 1871 1638 1921 ἀρετῆς
1657 1871 1691 1907 ἐν
1713 1869 1797 1921 βίοις
1816 1869 2074 1923 διεφθαρμένοις
2097 1871 2157 1909 καὶ
2178 1872 2270 1922 ἀγω-

1230 1931 1304 1982 γαῒς
1321 1930 1376 1967 ἐπὶ
1393 1929 1509 1981 χεῖρον
1523 1928 1898 1980 προκατειλημμέναις.

1281 1993 1337 2026 De
1362 1990 1525 2026 Valentis
1557 1997 1691 2024 contra
1719 1990 1862 2026 Gothos
1895 1990 1996 2025 bello
2039 1989 2161 2039 (378)
2186 1990 2274 2026 vide

1229 2050 1367 2085 Zosim.
1386 2050 1451 2093 IV,
1469 2061 1511 2083 21
1523 2075 1532 2093 ‚
1555 2061 1587 2082 1.
1605 2049 1650 2083 In
1664 2049 1863 2096 postremis
1880 2047 2114 2099 σπανιώτερον
2129 2048 2165 2098 δὲ
2176 2047 2272 2085 οὐδὲν

1230 2108 1354 2158 ἀρετῆς
1373 2106 1450 2144 κτλ.
1476 2118 1599 2142 sermo
1620 2113 1674 2141 est
1703 2106 1749 2141 de
1780 2106 2025 2154 improbitate
2045 2119 2179 2142 eorum
2206 2109 2274 2156 qui

1230 2165 1556 2213 Constantinopoli
1566 2165 1679 2200 rebus
1690 2165 1858 2213 praefecti
1870 2172 1990 2201 erant.
2002 2166 2148 2212 Quibus
2156 2179 2273 2214 quum

1229 2225 1373 2260 bellum
1395 2224 1632 2259 committere
1652 2231 1774 2259 tutum
1792 2237 1871 2260 non
1888 2231 2042 2273 putaret
2056 2225 2210 2270 Valens,
2228 2237 2275 2261 ex

1230 2284 1339 2319 Italia
1384 2283 1587 2319 advocavit
1617 2283 1900 2327 Sebastianum,
1931 2284 2056 2318 virum
2085 2284 2274 2332 integrum

1228 2342 1550 2390 prudentemque,
1574 2341 1619 2377 de
1642 2355 1719 2389 quo
1737 2355 1776 2377 v.
1797 2341 1843 2377 fr.
1868 2346 1932 2388 47.
1955 2341 2011 2378 Cf.
2040 2342 2180 2378 Zosim.
2201 2343 2272 2387 lv,

1231 2414 1278 2436 22
1291 2428 1300 2446 ‚
1317 2401 1339 2437 6
1354 2413 1411 2448 sq.
1438 2401 1624 2436 Ammian.
1645 2401 1801 2449 XXXI,
1823 2413 1837 2436 1
1850 2414 1862 2436 1
1875 2428 1884 2445 ‚
1906 2413 1919 2436 1
1931 2428 1938 2435 .

1719 2494 1784 2535 47-

1282 2570 1415 2606 Suidas
1436 2581 1445 2606 :
1468 2569 1497 2606 Σ
1507 2583 1521 2604 ε
1531 2566 1553 2604 ὅ
1563 2583 1584 2604 α
1595 2583 1615 2605 σ
1626 2584 1645 2605 τ
1659 2584 1699 2605 ια
1710 2584 1724 2605 ν
1734 2567 1751 2605 ό
1760 2585 1785 2611 ς,
1808 2562 1921 2611 Οῧτος
1939 2567 1996 2606 ἐπὶ
2009 2567 2202 2611 Οὐάλεντος
2219 2562 2272 2615 ἧν·

1232 2625 1368 2677 ἐγένετο
1385 2624 1422 2663 δὲ
1442 2625 1500 2663 ἐπὶ
1515 2625 1637 2664 τούτου
1665 2627 1797 2678 ἀνδρῶν
1817 2627 2016 2676 πολεμικῶν
2044 2625 2202 2673 ζήτησις·
2219 2629 2274 2664 εὖ·

130 2738 201 2769 loco
220 2738 250 2769 id
268 2740 406 2778 positum
423 2741 488 2778 est,
508 2741 584 2780 quia
603 2742 730 2780 tempus
747 2741 816 2780 eJ'us
831 2749 932 2781 usque
950 2741 989 2772 ad
1004 2740 1173 2782 praedictas

128 2798 179 2820 res
200 2790 402 2830 protenditur
419 2791 520 2831 sitque
541 2792 578 2822 iis
594 2794 811 2832 coaetaneum,
829 2793 909 2824 adeo
924 2794 960 2824 ut
975 2792 1173 2833 temporibus

129 2841 214 2872 haud
233 2842 371 2874 multum
388 2841 526 2874 declinet
541 2851 559 2874 a
578 2843 706 2875 tramite
720 2844 851 2875 historia
866 2845 983 2876 nostra.

615 2925 674 2956 46.

176 3001 294 3032 Valens
307 3002 427 3039 caesar,
442 3010 506 3041 quo
523 3002 666 3042 tempore
683 3003 811 3042 Scythae
831 3003 1047 3035 Macedoniam
1063 3003 1173 3035 incur-

132 3053 264 3092 sabant,
279 3053 441 3093 profectus
457 3054 678 3095 (Antiochia)
696 3055 1003 3096 Constantinopolim
1023 3057 1174 3088 militares

134 3105 275 3145 undique
291 3106 397 3145 copias
409 3106 635 3143 contrahebat,
648 3115 798 3147 magnum
814 3107 892 3147 quid
914 3109 1047 3139 moliens
1060 3110 1092 3140 et
1107 3109 1174 3140 ino-

136 3157 257 3197 pinum,
274 3159 346 3188 Jam
371 3159 527 3196 quantum
547 3158 650 3189 valeat.
662 3158 699 3189 ad
718 3159 790 3190 belli
807 3167 899 3190 usum
927 3159 1090 3190 literarum
1118 3169 1174 3191 co-

134 3208 233 3248 gnitio
243 3231 252 3246 ,
267 3210 491 3248 quantumque
507 3209 647 3240 historiae
658 3212 808 3241 accurata
822 3210 935 3242 notitia
948 3211 1045 3251 prosit
1068 3211 1106 3242 iis
1119 3211 1174 3252 qui

135 3261 260 3291 eertum
276 3259 415 3299 aliquem
443 3261 473 3291 ct
487 3260 654 3291 delinitum
682 3261 959 3301 necessariumque
975 3263 1096 3293 exitum
1111 3272 1173 3294 sor-

137 3311 188 3341 tiri
205 3309 336 3348 volunt¹
357 3310 410 3342 illo
433 3319 561 3350 quoque
578 3313 720 3351 tempore
741 3313 933 3352 patefactum
954 3315 1012 3345 est.
1040 3315 1120 3345 Nam
1144 3315 1175 3345 et

137 3363 227 3393 multi
242 3362 448 3394 multifariam
463 3365 632 3402 testantur,
649 3366 747 3404 atque
762 3365 828 3404 ipsa
846 3366 1039 3405 experientia
1063 3375 1174 3397 vocem

138 3413 233 3445 veluti
252 3414 362 3454 procul
392 3414 520 3446 mittens
544 3414 655 3454 docet,
674 3423 776 3455 neque
801 3425 934 3456 magno,
951 3425 1053 3457 neque
1077 3426 1175 3458 parvo

1232 2739 1372 2771 militum
1385 2747 1520 2770 numero
1536 2738 1690 2770 adversus
1703 2739 1906 2778 desperantes
1923 2740 2021 2779 atque
2042 2738 2082 2770 ad
2096 2739 2274 2779 periculum

1233 2791 1371 2831 quodvis
1393 2791 1519 2831 paratos
1531 2799 1598 2822 esse
1610 2790 1835 2830 pugnamturm
1853 2798 1964 2822 verum
1981 2790 2137 2829 ejusmodi
2156 2793 2274 2822 exerci-

1233 2844 1286 2875 tus
1306 2842 1462 2874 trahendo
1489 2841 1572 2873 bello
1589 2850 1656 2873 esse
1680 2841 1917 2880 dissolvendos,
1947 2841 2119 2873 subtractis
2146 2841 2275 2873 interim

1233 2894 1484 2933 commeatibus,
1503 2895 1539 2925 ut
1554 2893 1702 2924 intestina
1715 2893 1905 2924 necessitate
1926 2893 2108 2933 vincantur,
2129 2893 2206 2924 dum
2219 2893 2275 2925 ali·

1235 2947 1351 2979 moniae
1366 2947 1531 2987 penuriam
1546 2955 1698 2978 numerus
1715 2947 1892 2986 praegravat
1908 2958 1916 2977 ι
1933 2954 2036 2985 neque
2049 2945 2086 2977 iis
2101 2946 2276 2978 eonceden-

1233 2998 1311 3029 dum
1322 3021 1330 3036 ,
1353 3000 1390 3036 ut
1402 2998 1562 3029 fortunam
1576 2997 1793 3037 experiantur,
1810 3005 1921 3028 verum
1938 2996 2160 3037 efficiendum,
2180 2998 2217 3029 ut
2234 3005 2274 3028 ne

1234 3059 1348 3090 pugnae
1371 3048 1534 3081 tentandae
1547 3049 1732 3080 facultatem
1749 3048 1881 3080 liberam
1906 3047 2061 3088 habeant,
2084 3048 2177 3088 cujus
2188 3049 2274 3080 arbi·

1233 3101 1332 3133 trium
1346 3110 1441 3141 penes
1453 3101 1649 3132 adversarios
1659 3101 1711 3132 sit.

1276 3156 1386 3192 Quum
1403 3153 1558 3194 ejusmodi
1573 3153 1724 3184 virtutem
1750 3152 1876 3193 adeptio
1890 3153 1903 3169 '¹
1919 3170 1960 3175 —
1980 3152 2064 3184 Nihil
2083 3152 2188 3184 rarius
2206 3153 2271 3184 vir-

1234 3206 1304 3237 tute
1316 3206 1408 3236 estin
1422 3205 1536 3236 vitioso
1549 3205 1624 3236 vitae
1640 3213 1754 3244 genere
1766 3205 1862 3244 atque
1881 3203 1913 3235 in
1924 3203 2065 3235 moribus
2080 3203 2119 3234 ad
2132 3203 2271 3236 deterio-

1237 3265 1303 3288 rem
1323 3256 1466 3288 semitam
1489 3256 1605 3296 pronis.

1726 3305 1783 3336 47.

1277 3366 1490 3399 Sebastianus.
1521 3366 1580 3398 Hic
1598 3367 1740 3405 tempore
1755 3364 1897 3396 Valentis
1920 3364 1988 3395 suit.
2008 3363 2072 3395 Sub
2089 3372 2152 3403 quo
2172 3372 2273 3403 quum

1236 3418 1377 3450 virorum
1403 3417 1625 3450 bellicosorum
1650 3416 1792 3448 delectus
1817 3415 1998 3454 baberetur,
2029 3415 2079 3446 liic
2108 3415 2156 3445 vir
2185 3415 2274 3446 omni
