2326 3724
0 0 29 168 ξ

0 170 9 190 ³

0 194 17 231 ἢ

3 252 17 271 ὲ

0 304 14 347 2

0 371 14 416 ἶ

0 426 16 476 ³9⁹

0 518 59 631 Ξ

0 626 15 700 Ξ

0 739 17 785 {s

0 790 17 839 ἶ

967 206 1300 246 FRAGMENTA.

43 298 91 341 ὡς
113 294 234 338 αὐτοὺς
259 292 298 332 τὸ
317 291 435 345 ἔχθος,
463 289 526 330 καὶ
549 289 665 333 ἄλλως
683 287 886 341 ἀσχάλλων,
909 286 962 325 ὅτι
989 289 1084 339 αὐτῷ

0 349 3 352 ’
42 353 190 401 υπήκοοι
204 351 268 390 οὐκ
281 349 437 401 ἐγένοντο
447 377 458 396 ,
473 347 522 398 μή
534 346 569 385 τί
587 362 624 399 γε
638 346 723 399 πρὸς
740 347 855 384 αὐτῶν
866 345 982 384 καὶτὰ
997 345 1082 392 αἰνή·

0 417 12 424 ’
64 426 149 451 εστα
164 407 392 455 πεπονθέναι,
413 405 473 444 καὶ
497 404 573 455 ἅμα
595 403 657 454 μὲν
676 403 778 457 χάριν
808 403 936 442 εἰδέναι
962 403 1085 455 βουλό-

44 357 56 371 fl

41 429 63 452 θ(

7 485 144 523 μενος
161 471 212 522 τῷ
228 467 403 519 Καίσαρι,
424 464 500 515 ἅμα
521 462 582 502 καὶ
595 462 871 516 πολυχρήματον
884 461 948 509 τὴν
965 461 1086 536 χώραν

61 527 200 582 ὖρήσειν
225 526 397 578 οἰόμενος,
415 523 476 562 ἅτε
506 524 545 560 ἐκ
573 522 705 560 πολλοῦ
728 536 789 567 της
813 520 1033 572 Ῥωμαίων“
1021 519 1088 558 υπὸ

43 586 310 633 Σκλαὸηνῶν...
317 579 672 637 ,[πεπορθημένης]
686 609 697 629 ,
711 582 774 625 τῆς
794 577 830 617 δὲ
858 581 937 617 κατ’
965 577 1089 621 αὐτους

42 649 105 699 γῆς
89 644 202 699 ςπρὸς
221 643 338 697 ἑτέρου
358 641 449 685 τινὸς
462 639 604 679 πάντων
625 641 729 677 ἐθνῶν
747 639 923 689 οὐδαμῶς.

466 732 531 776 49.
557 726 673 777 (578.)

95 821 189 856 Exc.
206 820 263 855 De
276 818 337 865 leg
371 822 524 864 gent.p.
547 818 619 857 124
638 809 747 851 ;”Οτι
764 813 935 864 ὁΚαῖσαρ
955 810 1089 849 ἔστειλε

45 875 136 918 κατὰ
151 874 214 922 τὴν
229 873 386 914 Ἰταλίαν
414 871 558 925 χρυσίον
581 870 722 924 συχνὸν,
747 870 830 923 ἄχρι
856 869 1090 921 κεντηναρίων

0 924 13 942 n*

0 942 7 975 ξ
43 934 244 989 τριάκοντα,
259 930 360 971 ἅτινά
381 946 422 1004 γε
436 929 548 978 δήπου
564 929 790 982 Παμφρόνιος
811 928 936 979 ὄνομα,
954 928 1091 978 ἀξίωμα

0 1007 14 1046 ᾗῇ
47 992 219 1046 βασιλέως
235 990 398 1042 πατὴρ,’
383 989 572 1040 εκομίσατο
590 990 628 1027 ἐκ
652 991 715 1035 τῆς
739 987 978 1041 πρεσὸυτέρας
996 987 1091 1027 Ῥώ-

0 1091 1 1095 ,
46 1067 137 1104 μης,
155 1049 247 1090 κατὰ
264 1049 305 1095 δὴ
322 1049 386 1096 τὴν
417 1047 581 1101 βασιλίδα
607 1063 799 1093 τηνικαυτα
827 1046 1013 1100 ἀφιγμενος
1033 1046 1091 1084 ἐπὶ

0 1139 7 1156 2
45 1110 180 1163 τούτῳ,
215 1110 266 1162 ἐφ’
302 1111 330 1161 ᾦ
361 1107 493 1154 δεήσεις
516 1108 564 1144 τῶ
599 1105 756 1158 Καίσαρι
786 1106 1038 1178 προσαγαγεῖν
1049 1121 1091 1156 τῃ

46 1169 184 1221 Ἰταλία
215 1165 503 1219 ἐκτετρυχωμένῃ
534 1166 608 1209 ταῖς
646 1167 714 1202 τῶν
736 1164 989 1217 Λογγιὸάρδων
1023 1165 1095 1202 ἐπι-

47 1229 224 1280 δρομαῖς’
209 1242 398 1276 επαμυναι.
455 1224 500 1264 ‘O
519 1224 554 1262 δὲ
570 1226 728 1275 Καῖσαρ,
748 1223 823 1261 ἐπεὶ
835 1225 930 1276 αὐτῷ
945 1226 963 1261 ὁ
983 1223 1091 1260 πόλε-

48 1302 110 1337 μος
126 1289 144 1324 ὁ
162 1284 366 1344 Περσικὸς
352 1283 493 1321 οίπαντα
510 1286 551 1329 ἠν
569 1282 628 1320 καὶ
645 1281 794 1319 ἐνέκειτό
812 1297 850 1332 γε
867 1281 996 1326 ὅλος,
981 1286 1094 1319 εκεῖσε

50 1360 171 1397 στρατ·
178 1361 218 1382 αν
233 1345 300 1417 οὐχ
319 1336 387 1385 οἷός
406 1357 442 1380 τε
457 1346 498 1388 ἠν
521 1340 728 1390 ἐκπέμπειν.
752 1340 844 1379 Οὐδὲ
872 1339 975 1390 μὴνί
963 1339 1035 1389 ,ίμα
1049 1342 1092 1391 τῇ

0 1448 2 1450 ,
47 1403 93 1442 ἔω
119 1403 178 1442 καὶ
207 1402 298 1441 κατὰ
329 1400 391 1448 τὴν
415 1399 565 1452 ἑσπέραν
586 1398 789 1449 πολεμητέα
813 1414 852 1450 γε
885 1400 980 1450 αὐτῷ
1007 1402 1094 1436 εἰναι

0 1478 5 1495 s
47 1463 170 1502 εδόκει.

229 1459 408 1512 Χρηματα
442 1457 477 1496 δὲ
513 1457 625 1500 ἄλλως
659 1457 813 1495 ἐπέδωκε
849 1456 1091 1509 Παμφρονίω,

49 1521 100 1574 ἐφ’
121 1523 150 1558 ω
171 1534 267 1563 τινας
284 1533 352 1556 των
373 1515 555 1567 ἡγεμόνων
574 1531 633 1554 του
649 1516 899 1568 Λογγιὸοίρδων
918 1515 1043 1563 ἔθνους,
1065 1514 1096 1553 εἴ

48 1593 120 1622 πως
137 1592 175 1628 γε
190 1576 288 1615 ἔσται
310 1576 404 1612 αὐτῶ
428 1573 580 1623 δυνατὰ,
610 1573 725 1611 πείσοι
746 1577 805 1611 τοῦ
831 1573 973 1625 κερδους
998 1573 1090 1624 ἱμεί-

8 1686 10 1690 .
50 1651 175 1690 ραντας
196 1633 493 1686 μεταὸαλέσθαιε
475 1649 521 1676 ως
550 1632 748 1683 Ῥωμαίους
776 1631 832 1676 ξὺν
851 1635 894 1685 τῇ
924 1633 1001 1670 κατ’
1032 1648 1094 1670 αυ-

48 1694 124 1738 ‘robe
141 1694 305 1744 δυνάμει,
339 1692 399 1731 καὶ
419 1695 520 1730 τοῦτο
538 1691 599 1742 μὲν
627 1695 670 1743 τῇ
686 1691 821 1744 Ἰταλία
848 1691 897 1742 μὴ
928 1692 1094 1743 ἐνοχλεῖν,

15 1766 17 1768 ’
50 1769 150 1793 τουτο
165 1751 201 1791 δὲ
217 1752 277 1791 καὶ
297 1750 388 1790 κατὰ
405 1749 502 1797 τὴν’
482 1767 528 1789 su)
542 1749 839 1801 πολεμησείοντας
860 1766 919 1788 και
934 1753 976 1803 τῇ
997 1750 1094 1789 Ῥω-

25 1806 164 1864 χμαίων
193 1810 399 1870 ἐπικρατεία
428 1811 673 1862 ἐπικουρησαι.
703 1808 950 1847 Ἀπειθούντων
972 1807 1008 1846 δὲ
1028 1811 1096 1846 τῶν

51 1870 315 1923 Λογγιὸοίρδων,
331 1872 385 1907 οἱα
399 1868 505 1918 εἰκὸς,
523 1868 612 1914 τὴν“
599 1867 718 1921 ετέραν
729 1867 834 1915 ἰέναι,
844 1868 905 1905 καί
921 1883 1015 1910 τινας
1028 1883 1095 1905 των

11 1928 18 1935 ¹
53 1931 299 1982 Φραγγῑκων
283 1943 462 1980 ηγέμθνων
475 1925 531 1965 mot
542 1943 602 1973 της
613 1943 680 1964 των
699 1926 894 1979 χρημάτων
912 1926 1096 1970 ἕπῑδοσεως

49 2042 99 2071 tes
112 2038 196 2070 ferri.
214 2037 352 2070 sclavini
376 2046 476 2077 quum
494 2036 550 2067 irae
573 2035 732 2067 moderari
748 2036 937 2075 nequirent,
956 2036 1094 2076 legatos,

51 2093 108 2133 qui
121 2091 163 2124 ad
175 2100 208 2123 se
222 2091 393 2130 venerant,
406 2090 610 2128 occiderunt,
624 2089 710 2129 quod
727 2089 832 2129 ipsum
846 2097 901 2129 per
914 2090 992 2121 alios
1005 2090 1096 2121 Baia-

51 2153 112 2176 nus
124 2143 239 2176 resciit.
250 2145 360 2180 Quum
376 2142 472 2181 igitur
485 2150 504 2172 a
520 2141 623 2172 multo
646 2140 720 2172 inde
731 2142 877 2181 tempore
890 2140 951 2172 boc
968 2141 1100 2173 liaberet

50 2195 138 2237 quod
160 2195 222 2227 illis
233 2194 404 2235 objiceret,
416 2193 619 2225 reconditum
634 2192 744 2223 odium
760 2192 793 2223 in
805 2193 935 2233 pectore
950 2192 1098 2233 gerebat,

50 2249 148 2288 atque
160 2246 258 2286 adeo,
275 2245 352 2286 quia
367 2245 521 2286 imperata
537 2244 641 2275 facere
657 2244 846 2282 noluerant,
866 2243 1000 2276 moleste
1018 2244 1098 2276 fere-

52 2300 107 2332 bat
119 2324 129 2339 ,
147 2301 363 2340 praeterquam
381 2297 467 2338 quod
481 2305 641 2329 summam
663 2296 812 2336 injuriam
825 2297 866 2328 ab
891 2297 953 2328 illis
971 2305 1100 2337 accepe-

50 2354 120 2393 tat;
143 2354 213 2385 tum
244 2361 373 2393 quoque
404 2351 525 2383 cresari
551 2350 723 2389 gratificari
748 2349 888 2381 volebat.
921 2349 1100 2382 Accedebat

51 2404 139 2446 quod
155 2404 292 2437 multum
306 2404 376 2435 auri
398 2412 432 2435 se
447 2402 480 2434 in
492 2410 605 2434 eorum
627 2401 755 2441 regione
770 2402 974 2442 reperturum
990 2410 1099 2442 spera-

53 2455 120 2496 bat,
137 2456 213 2497 quia
225 2455 366 2487 Sclavini
392 2454 511 2486 vicinas
527 2455 748 2485 Romanorum
772 2454 875 2485 terras
890 2462 974 2493 saepe
991 2454 1098 2484 vasta-

53 2508 182 2546 verant,
194 2507 338 2548 ipsorum
351 2507 461 2538 autem
474 2505 554 2538 fines
570 2513 588 2537 a
599 2504 689 2536 nulla
700 2505 762 2536 alia
775 2507 868 2545 gente
881 2513 1028 2545 unquam
1051 2505 1100 2537 in-

55 2559 158 2594 festati
170 2561 274 2593 erant.

545 2613 611 2646 ⁴19.v

95 2672 204 2703 Caesar
215 2670 301 2702 misit
314 2671 346 2701 in
366 2669 487 2701 ltaliam
501 2677 651 2710 magnam
666 2668 736 2700 auri
746 2667 813 2699 vim
830 2667 869 2699 ad
883 2667 1012 2709 triginta
1025 2676 1101 2700 cen-

54 2721 196 2762 tenaria,
213 2730 286 2762 quae
309 2721 542 2761 Pamphronius
556 2720 706 2760 nomine,
725 2719 880 2759 dignitate
896 2719 1065 2760 patricius,
1083 2728 1101 2751 a

57 2774 162 2805 vetere
181 2775 281 2805 Roma
293 2772 335 2804 ad
352 2772 577 2812 imperatorem
588 2771 752 2803 attulerat.
773 2772 804 2802 Is
820 2772 899 2802 tunc
924 2770 962 2802 ad
982 2771 1101 2811 regiam

56 2826 204 2865 venerat,
221 2826 259 2857 ut
293 2824 440 2865 precibus
460 2833 480 2856 a
501 2827 627 2857 Caesare
646 2824 857 2864 impetraret,
881 2825 917 2855 ut
942 2824 1068 2855 ltaliam
1083 2832 1102 2855 a

40 2908 41 2911 ,
57 2878 340 2919 Longobardorum
351 2878 591 2910 excursionibus
601 2886 784 2918 oppressam
798 2877 830 2908 in
841 2877 1023 2909 libertatem
1037 2877 1103 2908 vin-

57 2928 190 2962 dicaret.
215 2931 322 2961 Caesar
337 2938 432 2968 vero,
462 2930 514 2960 cui
527 2929 635 2960 omnia
651 2937 717 2969 prae
733 2928 817 2960 bello
842 2929 970 2960 Persico
984 2929 1104 2960 nullius

61 2981 214 3014 momenti
227 2983 331 3021 erant,
345 2982 463 3022 quippe
474 2981 530 3021 qui
543 2982 632 3013 totus
647 2981 680 3012 in
695 2981 774 3012 illud
791 2981 1003 3021 incumberet,
1018 2990 1103 3013 exer·

59 3033 158 3066 citum
173 3033 299 3066 mittere
313 3043 378 3065 non
403 3034 525 3073 potuit,
542 3042 647 3074 neque
662 3034 783 3065 bellum
809 3034 842 3065 in
871 3034 1001 3065 Oriente
1015 3035 1047 3065 et
1072 3034 1104 3065 in

59 3085 234 3118 Occidente
258 3085 352 3117 simul
368 3085 427 3117 sibi
450 3085 626 3125 gerendum
651 3085 776 3117 statuit.
800 3084 860 3117 Sed
879 3085 1030 3125 pecunias
1046 3085 1103 3117 de-

60 3137 107 3170 dit
124 3138 335 3179 Pamphronio
345 3164 355 3178 ‚
370 3138 505 3178 quibus,
520 3138 547 3170 si
559 3147 623 3178 qua
636 3140 762 3178 posset,
780 3138 906 3178 aliquos
921 3138 1104 3178 Longobar-

58 3190 175 3222 dorum
193 3192 422 3230 commoveret,
447 3192 484 3222 ut
500 3190 538 3222 ad
562 3193 721 3222 Romanos
738 3191 911 3222 transirent
938 3199 1003 3221 una
1030 3199 1104 3221 cum

60 3251 170 3275 eorum
181 3244 322 3275 exercitu
334 3269 342 3283 ‚
366 3245 398 3275 et
408 3244 532 3275 ltaliam
552 3243 682 3275 minime
695 3244 871 3275 turbarent.
886 3242 980 3279 Quod
998 3242 1104 3274 efiice-

61 3296 150 3334 rent,
164 3295 188 3327 si
204 3295 236 3326 in
252 3295 416 3327 Orientem
430 3304 519 3326 arma
532 3297 656 3326 vertere
669 3295 788 3326 vellent
801 3296 833 3326 et
850 3295 1000 3325 Romanis
1013 3294 1105 3325 auxi-

62 3345 141 3378 lium
158 3347 248 3379 ferre.
270 3347 302 3379 Si
327 3346 529 3387 Longobardi
549 3348 737 3385 renuerent,
769 3347 804 3377 ut
820 3346 993 3377 verisimile
1018 3347 1104 3384 erat,

61 3397 158 3431 aliam
169 3399 252 3431 viam
265 3408 338 3431 eum
355 3399 474 3440 ingredi
485 3399 591 3439 Jussit,
603 3401 633 3431 et
644 3401 837 3430 Francorum
851 3398 970 3430 ducum
984 3398 1108 3438 aliquos
1134 3420 1136 3430 .

2117 220 2191 254 253

1147 287 1405 340 ἑταιρίσασθαι,
1417 287 1477 326 καὶ
1495 287 1607 341 ταύτῃ
1627 304 1667 340 γε
1681 290 1803 337 λεηναί
1818 306 1854 330 τε
1873 307 1932 330 και
1952 293 2111 347 ἑκτρίψαι
2126 295 2195 333 τῶν

1156 345 1406 398 Λογγιὸοίρδων
1425 345 1488 393 τὴν
1509 345 1670 397 δύναμιν.

1552 433 1614 474 50.
1651 434 1773 486 (578.)

1201 521 1295 556 Exc.
1321 521 1374 556 De
1402 520 1475 569 leg.
1505 522 1618 557 Rom.
1639 535 1679 570 p.
1719 521 1806 560 165.
1833 522 1905 558 166
1938 536 1947 559 ι
1982 521 2066 561 τΌτι
2094 523 2198 570 ἡνίκα

1151 576 1327 630 Τραϊανὸς
1342 577 1402 615 καὶ
1422 578 1604 630 Ζαχαρίας
1617 581 1635 617 ὁ
1651 578 1823 631 βασίλειος
1837 578 1953 632 ἰατρὸς
1969 580 2030 624 τὰς
2048 581 2198 625 σπονδὰς

1154 637 1320 684 ἐτίθεντο,
1334 638 1418 688 παρ’
1437 636 1582 676 ἕκαστον
1598 642 1789 685 τηνικαῦτα
1804 641 1872 676 τῶν
1893 641 2051 678 ὁπωσοῦν
2066 641 2201 692 προιόν-

1154 711 1224 734 των
1243 694 1401 747 λόγων
1381 712 1404 742 η
1432 711 1492 734 και
1512 696 1745 757 γραφομένων
1759 699 1794 735 ἐν
1814 702 1890 740 ταῖς
1910 696 2106 745 ξυνθηκαις,
2131 697 2200 749 εἴγε

1154 753 1371 806 Ἰραϊανὸςῆ
1399 755 1607 807 Ζαχαρίας,
1632 756 1683 808 ἐφ’
1711 758 1759 798 οἷς
1783 756 1814 793 οἳ
1845 754 1983 808 Πέρσαι
2014 755 2202 806 ἔπρασσον,

1153 811 1225 864 οἵγε
1245 814 1307 851 οὐκ
1331 812 1525 860 ἠὸούλοντο
1545 812 1798 865 ξυνομολογεῐν,
1819 813 1992 852 Μεὸώδου
2007 829 2202 861 τηνικαυτα

1152 870 1174 918 ἢ
1198 877 1335 909 σιωπᾶν
1355 871 1414 917 καὶ
1443 871 1546 922 μόνον
1566 871 1605 910 τὸ
1630 872 1931 924 προσταττόμενον
1953 872 2115 925 δέχεσθαι
2145 888 2204 911 κε-

1152 929 1329 981 λεύοντος,
1344 928 1366 976 ἢ
1380 930 1512 968 τουτονὶ
1528 929 1584 968 τὸν
1603 930 1712 983 ἄνδρα
1730 932 1951 974 ἀπειλοῦντος
1971 933 2090 974 αὐτοῖς
2111 931 2201 969 ἐπα-

1154 987 1291 1042 φήσειν,
1307 988 1366 1027 καὶ
1378 988 1454 1038 ἅμα
1469 991 1517 1041 τῷ
1531 988 1624 1042 λόγῳ
1638 989 1888 1033 ἓπιδεικνύντος
1904 989 1962 1027 τὸν
1980 988 2202 1041 Ταναχοσρὼ

1156 1051 1206 1099 (l.
1224 1047 1464 1100 Τανχοσδρὼ)
1487 1052 1681 1095 τηνικαῦτα
1701 1054 1772 1092 τοῖς
1789 1047 1893 1121 ὁρίοις
1909 1048 2123 1101 ἐφεστηκότα
2144 1051 2205 1093 τῆς

1154 1105 1261 1159 ἑῴας,
1279 1105 1338 1144 καὶ
1357 1105 1398 1152 δὴ
1416 1106 1546 1149 τέλος’
1531 1106 1722 1159 επαφέντος
1735 1136 1745 1154 ,
1768 1122 1829 1144 και
1852 1106 2055 1150 πλείστας“
2035 1122 2118 1150 οσας
2137 1105 2204 1144 κώ-

1155 1180 1223 1214 μας
1242 1179 1279 1202 τε
1292 1180 1353 1202 και
1369 1164 1493 1217 ἀγροὺς
1507 1164 1751 1237 ἐμπρησαντος
1762 1195 1772 1215 ,
1791 1165 1854 1208 ἕως
1867 1164 1948 1217 οἵγε
1964 1165 2053 1218 ἀμφὶ
2065 1167 2202 1217 Τραῖα-

1156 1223 1212 1261 νὸν
1241 1222 1339 1261 αὐτοι
1361 1223 1399 1261 τὸ
1428 1223 1571 1275 χρυσίον
1591 1228 1676 1271 ἧκον
1706 1225 1904 1274 κομίζοντες
1930 1226 1998 1261 τῶν
2032 1224 2201 1261 σπονδων.

1158 1280 1229 1320 Καὶ
1246 1281 1401 1333 τοσαύτῃ
1418 1282 1530 1329 δηπου
1547 1282 1772 1334 χρησαμένου
1788 1280 1880 1320 κατὰ
1898 1281 2089 1332 Ῥωμαίων
2104 1281 2202 1333 ὕὸρει

1155 1339 1350 1386 Μεὸώδου,
1372 1343 1418 1384 ὡς
1439 1340 1529 1389 μηδὲ
1557 1341 1703 1385 ἀξιῶσαι
1727 1339 1771 1378 τὰ
1795 1341 1953 1392 εἰρηναῖα
1979 1340 2149 1391 χρήματα
2169 1341 2204 1378 ἐν

1155 1402 1225 1442 τοῖς
1242 1398 1412 1450 μεθορίοις
1425 1399 1651 1449 κομίσασθαι,
1670 1399 1938 1449 ἕγκελεύσασθαι
1957 1398 1992 1436 δὲ
2010 1398 2205 1449 Ῥωμαίοις

1157 1458 1188 1499 ἐς
1207 1455 1270 1502 τὴν
1294 1456 1433 1495 Νίσιὸιν
1459 1458 1664 1504 ἀποσῶσαι,
1695 1457 1797 1510 ἕτερά
1822 1473 1859 1494 τε
1880 1458 1942 1494 οὐκ
1975 1456 2104 1494 ἀνεκτὰ
2124 1454 2204 1507 περὶ

1156 1514 1218 1562 τὴν
1238 1518 1295 1554 τοῦ
1321 1515 1464 1567 χρυσίου
1485 1516 1687 1568 παράληψιν
1709 1516 2056 1566 καταυθαδισαμένου
2079 1531 2115 1552 τε
2142 1514 2203 1552 καὶ

1159 1574 1477 1626 ἐπεντρυφήσαντος
1499 1577 1631 1619 αὐτοῖς·
1650 1575 1790 1627 ὕστερον
1809 1573 1845 1612 δὲ
1868 1576 1902 1618 ἐς
1922 1578 2022 1612 τοῦτο
2043 1574 2127 1611 αὐτὸ
2143 1589 2206 1611 πε-

1161 1635 1304 1685 ριελθεῖν
1324 1634 1384 1671 καὶ
1404 1633 1634 1681 δεηθήσεσθαι
1652 1633 1852 1684 Ῥωμαίους
1870 1632 2031 1684 Χοσρόης
2049 1631 2206 1679 ἐλπίσας,

1160 1691 1230 1744 εἴγε
1247 1693 1550 1746 καταπροτερήσοι
1570 1693 1628 1731 τὸν
1647 1696 1707 1738 τῆς
1728 1692 1851 1745 ἐφόδου
1867 1691 1987 1744 καιρὸν
2008 1693 2075 1729 τῶν
2095 1706 2206 1729 σπον-

1159 1752 1224 1789 δῶν
1246 1753 1541 1805 ἀφροντιστήσας,
1560 1751 1582 1798 ἢ
1609 1752 1668 1790 καὶ
1686 1751 1824 1804 δράσειν
1849 1750 1932 1794 ἴσως
1949 1766 1982 1788 τι
2003 1750 2094 1801 μέγα
2109 1780 2119 1799 ,
2142 1749 2203 1788 καὶ

1158 1809 1428 1862 καταπλαγέντα
1443 1810 1502 1848 τὸν
1519 1810 1687 1862 Καίσαρα
1701 1809 1825 1853 τελέως
1841 1812 1901 1855 τῆς
1919 1811 2066 1860 Περσῶν
2082 1808 2116 1846 Ἀ
2125 1823 2207 1860 ρμε-

1160 1868 1234 1912 νίας
1253 1884 1290 1906 τε
1319 1868 1379 1907 καὶ
1406 1868 1560 1921 Ἰδηρίας
1579 1868 1640 1906 καὶ
1665 1871 1732 1906 τῶν
1757 1867 1869 1919 ἐκείνῃ
1891 1867 2029 1923 χωρίων
2051 1866 2207 1913 ἀποστή-

1159 1930 1302 1978 σεσθαι,
1324 1926 1422 1980 παρὰ
1440 1927 1527 1965 πολὺ
1545 1926 1608 1973 τὴν
1623 1930 1685 1973 τῆς
1702 1926 1747 1965 ἔω
1766 1926 1894 1978 δῄωσιν
1911 1929 1973 1972 τῆς
1998 1928 2207 1978 Περσαρμε-

1159 2037 1308 2069 mercede
1329 2037 1388 2069 sibi
1403 2037 1506 2069 socios
1518 2036 1709 2077 adjungere,
1724 2038 1755 2068 et
1772 2037 1832 2067 hac
1848 2036 1971 2068 ratione
1984 2035 2208 2076 Longobardo-

1161 2098 1234 2120 rum
1255 2088 1428 2129 potentiam
1445 2088 1640 2120 labefactare
1657 2089 1689 2120 et
1704 2088 1885 2128 infringere.

1662 2148 1721 2180 50.

1199 2206 1356 2247 Trajanus
1378 2207 1410 2239 et
1428 2207 1616 2246 Zacharias,
1642 2206 1843 2247 imperatoris
1864 2205 2025 2243 medicus,
2043 2213 2144 2245 quum
2169 2204 2209 2236 de

1158 2258 1295 2291 induciis
1319 2259 1547 2299 componendis
1564 2261 1711 2299 agerent,
1741 2267 1847 2299 neque
1869 2258 1970 2289 ullam
1988 2256 2209 2288 conditionum

1159 2319 1290 2349 earum,
1306 2319 1378 2351 quoe
1398 2313 1468 2342 tum
1488 2319 1508 2342 a
1527 2311 1629 2342 Persis
1660 2309 1765 2342 verbis
1802 2310 1858 2341 aut
1885 2309 2005 2349 scripto
2030 2307 2209 2349 paciscendi

1160 2371 1254 2394 causa
1267 2363 1539 2404 proponebantur,
1556 2363 1623 2394 sive
1640 2363 1796 2403 Trajanus
1818 2362 1886 2394 sive
1905 2361 2073 2393 Zacharias
2095 2360 2210 2401 proba-

1161 2416 1233 2447 rent
1243 2439 1251 2454 ,
1267 2415 1418 2446 Mebobes
1428 2414 1557 2446 tandem
1571 2415 1628 2446 aut
1646 2414 1739 2446 silere
1755 2422 1808 2445 eos
1826 2415 1858 2445 et
1871 2413 2056 2454 praescripta
2068 2412 2211 2452 accipere

1158 2465 1262 2505 jussit,
1273 2466 1329 2497 aut
1341 2474 1374 2497 se
1387 2465 1646 2497 liunchominem
1658 2463 1918 2504 (demonstrabat
1931 2466 2040 2494 autem
2051 2462 2210 2494 Tancbos·

1161 2517 1257 2549 drum
1271 2517 1282 2558 )
1304 2518 1523 2549 immissurum
1559 2517 1700 2548 minatus
1733 2517 1802 2555 est,
1831 2515 1885 2556 qui
1910 2516 1981 2546 tum
2007 2523 2104 2555 prope
2132 2513 2211 2545 fines

1162 2571 1301 2603 Orientis
1311 2594 1320 2610 ‚
1337 2579 1400 2612 qua
1415 2570 1566 2602 Romanis
1581 2569 1734 2611 parebat,
1749 2567 1943 2600 constitutus
1954 2568 2030 2598 erat.
2046 2567 2209 2598 Postremo

1161 2622 1322 2654 immissus
1331 2621 1567 2661 Tanchosdrus‚
1581 2621 1735 2662 plurimos
1745 2620 1832 2651 vicos
1846 2619 1999 2658 incendit,
2013 2619 2045 2650 et
2054 2626 2144 2658 agros
2156 2626 2212 2658 po·

1161 2676 1290 2716 pulatus
1305 2676 1353 2707 est
1364 2698 1374 2715 ,
1391 2675 1495 2707 donec
1521 2674 1677 2714 Trajanus
1698 2673 1764 2714 ipse
1783 2682 1856 2704 cum
1877 2672 2047 2703 comitibus
2065 2671 2211 2707 advenit,

1161 2727 1216 2767 qui
1230 2735 1346 2758 aurum
1366 2735 1423 2767 pro
1441 2726 1615 2758 foederibus
1632 2725 1795 2757 afferrent.
1816 2725 1856 2756 Et
1870 2723 2018 2756 Mebodes
2033 2724 2121 2754 tanta
2136 2730 2211 2762 erga

1161 2781 1320 2811 Romanos
1340 2787 1417 2809 usus
1430 2779 1478 2809 est
1491 2776 1706 2816 contumelia,
1724 2777 1759 2807 nt
1781 2784 1845 2807 non
1859 2775 2043 2814 dignaretur
2060 2773 2210 2815 pecunias

1165 2839 1222 2870 pro
1236 2829 1409 2861 foederibus
1425 2829 1600 2860 conventas
1614 2828 1646 2859 in
1661 2827 1817 2859 limitibus
1832 2826 1975 2866 accipere
1987 2850 1996 2864 ‚
2016 2825 2070 2857 sed
2082 2825 2210 2864 juberet

1163 2884 1324 2913 Romanos
1350 2881 1491 2921 ipsorum
1512 2879 1654 2920 periculo
1676 2878 1809 2911 Nisihim
1833 2877 2018 2918 deportare,
2042 2876 2211 2916 multaque

1163 2934 1224 2964 alia
1234 2941 1297 2964 non
1316 2931 1481 2964 toleranda
1499 2931 1532 2962 in
1546 2931 1714 2962 exactione
1732 2929 1874 2970 pecuniae
1893 2938 1966 2969 erga
1986 2931 2144 2960 Romanos
2160 2936 2209 2958 su-

1163 2984 1260 3024 perbe
1276 2985 1307 3015 et
1323 2983 1554 3015 contumeliose
1569 2990 1602 3013 se
1624 2990 1735 3022 gerens
1747 2980 1919 3012 commisit.
1941 2980 2099 3012 Chosroes
2123 2978 2208 3010 enim

1162 3037 1193 3067 in
1217 3045 1306 3076 spem
1329 3035 1561 3074 adducebatur,
1578 3034 1622 3072 si,
1641 3034 1785 3074 neglecto
1808 3033 1943 3072 foedere,
1964 3034 2142 3072 opportune
2158 3031 2208 3061 in-

1163 3088 1343 3118 cursionem
1357 3087 1459 3118 facere
1475 3086 1620 3125 auderet,
1636 3086 1702 3117 sore
1718 3086 1753 3116 ut
1766 3084 1878 3116 eodem
1892 3092 2022 3124 quoque
2038 3083 2145 3123 postea
2161 3090 2210 3112 res

1164 3140 1334 3177 recideret,
1352 3141 1385 3171 et
1414 3140 1549 3171 Romani
1577 3138 1813 3179 supplicarent,
1839 3139 1896 3169 aut
1922 3137 1947 3168 si
1973 3137 2054 3167 sorte
2076 3134 2206 3175 aliquod

1163 3192 1322 3231 egregium
1350 3191 1473 3222 facinus
1498 3190 1624 3229 ederet,
1653 3192 1814 3222 Caesarem
1846 3188 2105 3229 perterrefaceret
2118 3211 2126 3225 ‚
2154 3185 2207 3225 qui

1166 3243 1295 3274 tandem
1313 3242 1532 3274 Persarrnenia
1558 3243 1590 3273 et
1605 3242 1706 3273 Iberia
1720 3242 1751 3273 et
1766 3240 1844 3272 locis
1860 3239 2001 3271 finitimis
2017 3237 2153 3274 cederet,
2177 3238 2209 3267 et

1165 3295 1265 3336 pluris
1281 3295 1491 3326 vastationem
1513 3294 1653 3326 Orientis
1678 3293 1969 3326 Persarmeniorum
1987 3292 2018 3322 et
2045 3290 2207 3321 iberorum

1165 3347 1306 3378 cessione
1322 3347 1451 3378 faceret.
1467 3347 1592 3378 Certior
1605 3346 1701 3377 etiam
1718 3345 1875 3377 chosroes
1890 3344 1989 3374 factus
2007 3342 2085 3378 erat,
2101 3340 2207 3370 Caesa·

1167 3407 1234 3431 rem
1247 3407 1344 3439 quam
1359 3398 1538 3430 maximum
1552 3405 1731 3438 praeparare
1742 3395 1937 3436 exercitum,
1954 3394 1985 3425 et
2001 3392 2066 3432 jam
2085 3389 2207 3428 navigia
