2314 3756
978 197 1320 239 FRAGMENTA.
2180 200 2229 233 23

557 316 622 345 22.

126 401 220 436 Exc.
238 400 294 434 De
316 403 412 435 sent.
426 409 467 444 p.
487 395 589 430 260:
605 390 692 431 Οτι
706 408 756 430 τω
772 390 951 443 Ιουλιανω
965 389 1120 440 ἤκμαζεν

72 458 92 496 ὁ
122 455 208 509 πρὸς
239 453 382 506 Πέρσας
407 451 578 502 πόλεμος,
606 451 669 494 τάς
697 466 735 488 τε
767 448 940 493 Σκυθικὰς
971 463 1122 495 κινησεις

75 513 196 566 ὥσπερ
228 509 511 565 ἕγκρυπτομένας
538 509 589 548 ἔτι
614 507 832 560 κυματιστὴν
848 509 1102 558 (κυματιστῃ’
1088 523 1123 545 εν

76 572 197 626 βύθῳί)
205 573 217 623 )
248 571 351 610 ἐτίθει
378 569 554 621 πόρρωθεν
581 567 604 615 ἢ
632 566 862 606 θεοκλυτῶν
844 584 866 615 η
887 565 1119 618 λογιζόμενος.

75 631 178 683 Λέγει
193 625 251 669 ουν
271 628 506 668 ἐπιστέλλων·
527 645 543 662 «
566 627 701 667 Σκύθαι
722 625 758 664 δὲ
784 630 843 664 νῦν
863 624 926 677 μὲν
947 628 1120 677 ἀτρεμοῦ-

74 706 142 763 σιν,
162 689 247 733 ἴσως
260 687 296 727 δὲ
312 689 373 726 οὐκ
391 685 666 740 ἀτρεμῆσουσιν.
690 704 706 719 »
730 685 792 729 Ἐς
806 684 945 723 τοσόνδε
960 683 1124 729 ἐξικνεῖτο

74 748 197 802 χρόνον
215 750 283 786 τῶν
305 745 504 819 μελλόντων
520 746 616 799 αὐτῷ
633 748 654 791 ἡ
673 744 818 796 πρόνοια
830 773 840 791 ,
865 742 966 791 ὥσθ’,
992 742 1046 781 ὅτι
1065 743 1124 781 τὸν

76 807 129 848 ἐπ’
146 808 253 846 αὐτοῦ
268 805 372 857 μόνον
388 805 509 858 καιρὸν
525 804 766 856 ἡσυχάσουσι,
785 801 1052 855 προγινώσκειν.

129 865 260 908 2.”Ὀτι
278 864 317 904 τὸ
334 863 403 918 πρὸ
418 866 666 917 Κτησιφῶντος
681 861 798 900 πεδίον
813 877 851 914 ορ
853 876 1033 914 ,(ηστραν
1022 860 1126 899 πολέ-

78 941 145 977 μου
178 924 344 979 πρότερον
372 923 574 974 ἀποδείξας,
609 924 655 966 ὡς
688 921 806 972 ἔλεγεν
836 920 1125 971 Ἐπαμινώνδας,

78 985 246 1026 Διονύσου
266 982 399 1031 σκηνὴν
430 982 609 1021 ἐπεδείκνυ
636 980 851 1031 Ἰουλιανὸς,
873 979 1006 1023 ἀνέσεις
1033 978 1127 1022 τινὰς

77 1044 148 1088 τοῖς
167 1057 397 1096 στρατιωταις
413 1041 474 1080 καὶ
493 1039 619 1088 ἡδονὰς
638 1038 874 1093 ποριζόμενος.

133 1115 166 1141 3.
186 1098 274 1140 ‘'O-ti.
298 1100 451 1147 τοσαύτη
475 1100 510 1137 ἐν
535 1103 606 1142 τοῖς
630 1096 852 1150 προαστείοις
879 1098 1129 1150 Κτησιφῶντος

81 1159 226 1214 ἀφθονία
244 1161 313 1198 τῶν
331 1157 535 1205 ἐπιτηδείων
556 1151 615 1207 ἦν,
635 1155 727 1195 ὥστε
746 1155 809 1204 τὴν
836 1156 1039 1209 περιουσίαν
1057 1156 1128 1195 κίν-

82 1221 180 1258 δυνον
206 1220 276 1262 τοῖς
303 1216 532 1271 στρατιώταις
561 1215 691 1270 φέρειν,
715 1214 766 1266 μή
795 1231 877 1254 ποτε
905 1214 973 1254 ὑπὸ
999 1218 1130 1268 τρυφῆς

82 1279 329 1331 διαφθαρῶσιν.

136 1349 167 1376 4.
187 1334 274 1375 ’Ότι
304 1334 394 1373 ἔοικε
413 1334 453 1372 τὸ
488 1331 702 1386 ἀνθρώπινον
733 1332 794 1372 καὶ
827 1331 944 1376 ἄλλως
963 1332 1128 1386 ἐπίφορον

82 1389 171 1432 εἶναι
189 1393 249 1432 καὶ
268 1392 439 1436 κάταντες
465 1391 551 1444 πρὸς
569 1391 609 1430 τὸ
631 1391 822 1444 βάσκανον.
883 1390 955 1430 Καὶ
975 1393 1006 1428 οἱ
1026 1406 1130 1443 στρα-

82 1455 204 1491 τιῶται
223 1453 284 1490 οὐκ
300 1450 438 1503 ἔχοντες
457 1449 550 1495 ὅπως
575 1453 762 1489 ἐπαινῶσιν
790 1449 892 1495 ἀξίως
914 1449 957 1487 τὰ
978 1449 1132 1503 πραττό-

84 1527 191 1562 μενα,
212 1529 226 1543 α
248 1508 327 1554 τους
347 1508 516 1563 Ἀχαιους
530 1539 540 1557 ,
558 1509 677 1561 φασίν,
698 1509 830 1562 ἔκρινον
857 1508 926 1547 ἀπὸ
942 1508 1012 1581 πύρ
1014 1523 1097 1559 γ,ου
1117 1527 1131 1543 »

85 1568 318 1631 (Ξτρατηγικός
337 1585 388 1611 τις
420 1568 481 1606 καὶ
511 1567 669 1620 περιττὸς
708 1569 756 1611 εἷς
791 1566 956 1620 φρόνησιν
993 1566 1137 1612 ἕκαστος

85 1632 172 1667 εἶναι
194 1628 408 1680 βουλόμενοι.
431 1627 503 1666 Και
522 1633 592 1671 τοῖς
617 1626 679 1678 μὲν
698 1626 763 1673 ύλη
780 1643 830 1671 τις
842 1629 933 1674 ὑπην
948 1626 1134 1700 φλυαρίας·

85 1690 103 1726 ὁ
122 1687 158 1726 δὲ
183 1689 251 1726 τῶν
277 1686 350 1732 ἐξ
333 1689 444 1739 αρχῆς
463 1685 628 1739 ἐχόμενος
646 1687 860 1737 λογισμων’
846 1701 903 1724 επι
923 1685 986 1732 τὴν
1006 1686 1136 1723 οἰκείαν

86 1746 306 1800 ἀνέστρεφεν.

141 1807 164 1856 §
191 1819 227 1842 2.
250 1806 307 1843 Cf.
334 1806 522 1842 Ammian.
550 1807 695 1851 XXIV,
721 1805 768 1854 6,
794 1806 829 1843 3.
858 1806 1029 1842 Zosimus
1058 1807 1138 1851 III,

96 1867 160 1912 26,
200 1878 269 1919 2⁸:
311 1863 384 1903 Καὶ
416 1862 504 1916 πρός
539 1879 574 1901 τι
607 1863 737 1916 χωρίον
775 1861 883 1901 ἐλθὼν
923 1861 1141 1914 (Ἀδουζαθὰ

93 1927 194 1962 τοῦτο
221 1922 360 1976 Πέρσαι
393 1924 604 1974 καλοῦσιν),
631 1922 763 1975 ἡμέρας
790 1923 824 1960 ἐν
851 1922 964 1974 τούτῳ
994 1922 1142 1972 διέμεινε

89 1981 210 2023 πέντε.
228 2005 282 2011 -
294 1984 315 2032 §
329 1988 348 2027 4
358 2011 365 2020 .
380 2000 395 2017 α
415 1984 547 2020 Sermo
565 1991 620 2019 est
634 1983 681 2019 de
694 1984 975 2019 consultatione
989 1985 1143 2019 militari

87 2045 372 2088 Romanorum,
390 2055 533 2090 quum,
555 2042 799 2090 Ctesiphonte
828 2042 967 2078 frustra
988 2050 1144 2089 tentata,

89 2101 345 2138 recedendum
371 2101 443 2136 fuit
470 2113 490 2136 e
520 2101 695 2146 Perside,
716 2113 764 2136 ne
782 2101 954 2149 undique
974 2101 1146 2138 hostibus

92 2161 393 2197 obvallarentur.
412 2160 603 2198 Ammian.
633 2160 776 2205 XXIV,
807 2172 843 2206 7,
862 2159 901 2198 8.
923 2176 938 2192 »
967 2161 1060 2198 Max.

1238 282 1295 317 De
1326 287 1448 315 morte
1480 278 1620 314 Juliani
1652 290 1696 313 ex
1727 279 1901 327 Eunapio
1931 279 2023 314 nihil
2058 278 2232 315 traditur.

1185 341 1270 388 Ipse
1300 351 1390 374 vero
1415 337 1608 385 Eunapius
1629 337 1669 371 in
1689 337 1761 373 Vit.
1788 338 1888 374 Max.
1921 350 1960 386 p.
1988 337 2036 373 58
2062 338 2113 373 ad
2130 338 2233 374 hunc

1186 398 1439 435 Historiarum
1455 397 1584 431 locum
1604 395 1808 432 amandat:
1828 393 1884 433 Τὰ
1904 393 2095 445 πράγματα
2114 394 2236 433 συντό-

1185 471 1249 498 νως
1272 453 1341 491 ἀπὸ
1369 456 1438 491 τῶν
1460 453 1623 503 μεγάλων
1644 451 1785 490 ἐκείνων
1814 451 1874 490 καὶ
1891 453 2065 503 λαμπρῶν
2085 453 2235 491 ἐλπίδων

1185 515 1219 557 ἐς
1233 512 1273 551 τὸ
1293 510 1422 565 ἀφανὲς
1443 511 1504 551 καὶ
1523 510 1679 564 ἄμορφον
1693 510 1894 564 κατερράγη
1914 510 1975 549 καὶ
1992 511 2233 560 διωλίσθησεν,

1185 574 1231 615 ὡς
1251 573 1286 610 ἐν
1305 577 1374 615 τοῖς
1391 569 1588 614 διεξοδικοῖς
1603 571 1675 613 τοῖς
1691 568 1783 607 κατὰ
1803 568 1994 608 Ἰουλιανὸν
2015 568 2167 622 εἴρηται.

1680 660 1746 699 23.

1241 752 1335 788 Exc.
1365 751 1421 786 De
1449 756 1545 789 sent.
1577 762 1619 799 p.
1652 750 1726 786 261
1764 763 1771 785 :
1804 745 1949 800 “stonsp
1981 747 2016 786 δὲ
2043 749 2077 786 ἐν
2098 747 2243 802 πολέμῳ

1188 814 1249 845 καὶ
1272 805 1445 845 τοσούτων
1459 807 1687 857 ἐπικειμένων
1702 805 1871 859 ἄρχοντος
1888 806 2050 856 δεόμενον
2071 806 2110 845 τὸ
2131 822 2243 859 στρα-

1189 865 1333 905 τόπεδον
1349 864 1412 912 τὴν
1427 864 1561 918 αἵρεσιν
1576 865 1814 917 περιεσκόπει.
1829 864 1901 904 Καὶ
1919 865 2077 919 καθάπερ
2094 864 2244 917 ἷατρικοί

1191 940 1278 978 φασι
1308 923 1516 963 καταδύτων
1547 923 1806 978 (καταδήλωνέ)
1824 924 1897 975 Ν.)
1927 923 2123 975 γενομένων
2154 925 2245 962 δυεῖν

1191 982 1405 1035 ἀλγημάτων
1424 982 1464 1021 τὸ
1485 984 1629 1021 ἔλαττον
1655 981 1722 1020 ὑπὸ
1745 986 1805 1021 τοῦ
1826 982 2056 1036 σφοδροτέρου
2083 983 2246 1029 λύεσθαι,

1191 1042 1282 1081 οὕτω
1310 1042 1370 1081 καὶ
1401 1041 1480 1081 τότε
1514 1045 1653 1096 θεωρεῖν
1686 1041 1782 1093 ἐξῆν,
1814 1045 1860 1086 ὡς
1887 1041 1950 1089 τὴν
1983 1042 2158 1095 ὑπεροχὴν
2187 1046 2246 1080 τοῦ

1194 1100 1288 1140 κατὰ
1318 1101 1376 1140 τὸν
1409 1101 1556 1153 βασιλέα
1573 1101 1703 1146 πάθους
1722 1104 1740 1139 ὁ
1759 1105 1820 1140 τοῦ
1840 1101 1997 1152 πολέμου
2027 1101 2131 1154 φόὸος
2150 1101 2248 1176 ’παρὰ

1193 1160 1332 1204 πόδας“
1319 1176 1427 1204 εστως
1443 1160 1721 1223 καταμαραίνων
1748 1160 1995 1210 ἀπήμὸλυνεν,
2022 1160 2075 1200 'lo
2100 1160 2162 1211 μὲν
2181 1160 2250 1213 γὰρ

1193 1220 1423 1271 γεγενημένον
1456 1223 1497 1267 ἠν
1525 1235 1688 1273 φανερον,
1719 1235 1758 1258 το
1792 1219 1829 1258 δὲ
1860 1235 1954 1263 οπως
1982 1219 2117 1262 εἴκαζεν
2145 1219 2250 1263 ἄλλος

1196 1280 1330 1327 ἄλλως,
1359 1279 1536 1326 ἠπίστατο
1563 1279 1598 1317 δὲ
1619 1279 1697 1317 οὐδὲ
1718 1281 1778 1322 εἷς.
1811 1277 1949 1326 Πλὴν
1933 1292 1968 1317 εν
1988 1278 2089 1317 τοῦτό
2105 1294 2145 1330 γε
2165 1279 2226 1331 ᾔδε
2230 1302 2249 1307 -

1197 1354 1279 1389 σαν,
1300 1355 1348 1382 ως
1363 1339 1537 1391 αιρεῖσθαι
1552 1337 1711 1390 προσῆκέ
1728 1353 1845 1391 σφισιν
1864 1338 2052 1390 ἄρχοντας.
2077 1340 2121 1377 Εἰ
2139 1337 2174 1376 δὲ
2191 1354 2252 1376 και

1195 1397 1327 1444 πλῆθος
1342 1391 1446 1444 ἦσαν,
1464 1400 1567 1435 τοῦτο
1583 1401 1664 1448 γοῦν
1682 1397 1877 1444 ἠπίσταντο
1897 1399 2034 1450 σαφῶς,
2055 1396 2108 1435 ὅτι
2129 1396 2252 1450 ἄρχον·

1197 1471 1254 1499 τος
1268 1454 1330 1506 μὲν
1347 1454 1597 1508 εὖπορήσουσι,
1613 1459 1767 1494 τοιοῦτον
1782 1455 1817 1494 δὲ
1832 1455 1909 1494 οὐδὲ
1925 1458 1954 1494 εἰ
1969 1455 2124 1499 πλαστὸς
2142 1455 2252 1507 (πλά-

1198 1515 1331 1563 στηςὲ)
1354 1513 1443 1564 θεὸς,
1465 1514 1684 1567 εὑρήσουσιν,
1713 1514 1783 1559 “Oq
1801 1530 1840 1566 γε
1859 1514 1915 1553 διὰ
1943 1513 2078 1567 φύσεως
2095 1513 2252 1559 ἐξουσίαν

1198 1573 1258 1611 καὶ
1269 1573 1332 1611 ‘to’
1324 1588 1425 1622 ισομε
1417 1572 1524 1624 γεθες
1537 1589 1588 1627 τῳ
1602 1573 1682 1626 θείῳ
1700 1575 1839 1626 ἀγωγης
1853 1589 1889 1611 τε
1905 1574 2061 1624 ἀνάγκην
2075 1572 2255 1611 ἐπαύσατο

1201 1631 1391 1683 (ἔπαυσεε
1375 1631 1592 1671 5.ἐὸιάσατο
1612 1633 1679 1684 Β.)
1701 1631 1786 1685 πρὸς
1805 1631 1844 1670 τὸ
1857 1632 1973 1685 χεῖρον
1995 1630 2178 1681 ἕλκουσαν,
2196 1648 2257 1670 και

1202 1692 1240 1729 ἐκ
1259 1689 1431 1729 τοσούτων
1453 1690 1648 1740 ἀνενεγκὼν
1669 1690 1837 1741 κυμάτων
1864 1690 2010 1743 οὐρανόν
2039 1706 2076 1728 τε
2106 1691 2174 1728 εἶδε
2192 1690 2254 1728 καὶ

1204 1748 1340 1799 ἐπέγνω
1364 1748 1408 1787 τὰ
1430 1750 1464 1786 ἐν
1495 1750 1590 1802 αὐτῷ
1612 1748 1725 1797 καλὰ,
1758 1751 1830 1793 τοῖς
1861 1749 2062 1800 ἀσωμάτοις
2089 1748 2261 1799 δμιλησας

1206 1810 1310 1859 σῶμα
1329 1807 1420 1860 ἔχων
1436 1807 1502 1847 ἔτι.
1523 1790 1595 1847 Κάὶ
1614 1808 1795 1861 βασιλείας
1823 1824 1859 1846 τε
1889 1807 2011 1860 ἔτυχεν
2029 1808 2095 1860 οὐχ
2111 1805 2164 1846 ὅτι
2189 1807 2260 1860 ἤρα

1208 1866 1399 1918 βασιλείας,
1413 1869 1494 1905 ἀλλγ
1507 1866 1560 1905 ὅτι
1574 1867 1613 1906 τὸ
1628 1867 1840 1920 ἀνθρώπειον
1855 1866 1946 1919 ἑώρα
1961 1866 2143 1916 δεομένους
2159 1868 2261 1917 βασι-

1206 1925 1389 1964 λεύεσθαι·
1412 1927 1710 1979 φιλοστρατιώτης
1730 1942 1767 1965 τε
1788 1922 1831 1973 ἦν
1862 1924 2094 1978 διαφερόντως
2123 1925 2190 1976 οὐχ
2206 1923 2259 1962 ὅτι

1208 1984 1373 2023 ἐὸούλετο
1402 1986 1647 2037 δημαγωγεῖν,
1670 1985 1748 2024 ἀλλ’
1777 1984 1830 2023 ὅτι
1866 1988 1968 2022 τοῦτο
1987 1983 2162 2030 ἠπίστατο
2192 1989 2263 2028 τοῖς

1208 2046 1333 2087 κοινοῖς
1348 2044 1551 2097 συμφέρειν.

1263 2102 1404 2153 [Ταῦτα
1421 2104 1539 2155 ληρεῖν
1562 2102 1689 2155 ἀνέχῃ,
1707 2101 1922 2155 ἐμὸρόντητε
1943 2102 1992 2155 τῷ
2012 2100 2084 2139 ὄντι
2104 2100 2163 2139 καὶ
2185 2102 2263 2139 ἀνε-

1209 2160 1402 2212 πιγνώμων
1422 2164 1491 2200 τῶν
1514 2161 1836 2216 πεφλυαρημένων;
1853 2160 1918 2205 Τίς
1938 2159 2005 2214 γὰρ
2024 2163 2092 2198 τῶν
2114 2162 2262 2212 ἐγγενῶν

585 2274 645 2306 22.

133 2332 205 2368 Quo
223 2330 368 2369 tempore
388 2328 549 2361 Persicum
582 2328 703 2360 bellum
727 2328 872 2369 calebat,
898 2328 1050 2362 Julianus
1072 2332 1147 2371 Scy-

91 2382 195 2414 thicos
209 2389 339 2422 quoque
355 2382 464 2412 motus
478 2382 613 2412 latentes
632 2380 738 2412 adhuc
748 2403 758 2420 ,
771 2381 922 2421 procellae
938 2381 1052 2422 instar,
1075 2390 1146 2423 pro-

93 2434 148 2466 cul
164 2433 340 2472 sentiebat,
355 2433 406 2464 vel
424 2432 475 2464 dei
490 2432 656 2464 familiaris
674 2433 822 2473 monitu,
839 2432 891 2465 vel
905 2434 1035 2474 proprio
1051 2434 1148 2465 ratio-

93 2485 186 2517 cinio.
203 2485 289 2517 Dicit
310 2493 385 2525 ergo
402 2484 435 2515 in
457 2484 594 2525 epistola
621 2497 630 2516 ε
659 2496 675 2512 α
690 2485 819 2525 Scythae
844 2493 933 2517 nunc
955 2485 1148 2527 quiescunt;

95 2537 230 2569 sortasse
242 2537 356 2568 tamen
371 2536 453 2567 hanc
465 2535 607 2577 quietem
620 2545 686 2568 non
699 2536 893 2569 retinebunt.
911 2550 927 2566 ι»
943 2537 1070 2570 seilicet
1082 2538 1150 2578 ejus

101 2589 287 2620 futurorum
299 2587 439 2628 provisio
449 2587 483 2619 in
495 2588 623 2620 tantum
633 2589 762 2629 tempus
769 2588 1018 2630 extendebatur,
1027 2591 1064 2622 ut
1076 2590 1146 2622 illos

99 2649 158 2673 sua
170 2640 268 2672 aetate
280 2639 508 2672 tantummodo
520 2648 634 2680 pacem
659 2641 847 2673 servaturos
860 2643 935 2673 ante
951 2642 1148 2682 cognoverit.

139 2696 170 2725 2.
183 2691 331 2724 Julianus
341 2699 493 2732 campum
508 2691 595 2732 apud
611 2692 856 2733 Ctesiphontem
872 2702 975 2733 quum
989 2693 1064 2726 belli
1078 2695 1151 2726 elio-

97 2754 186 2778 ream
198 2744 289 2786 prius
300 2743 510 2785 exhibuisset,
526 2746 564 2777 ut
575 2744 682 2777 aiebat
695 2745 943 2786 Epaminondas,
953 2747 1070 2778 Bacchi
1083 2756 1151 2779 sce-

98 2806 173 2830 nam
180 2797 338 2838 exhibuit,
346 2798 413 2830 otia
419 2797 568 2839 quaedam
575 2798 608 2831 et
615 2799 799 2840 voluptates
808 2799 964 2832 militibus
973 2800 1150 2841 indulgens.

141 2855 172 2883 3.
187 2852 291 2883 Tanta
309 2852 378 2883 erat
394 2851 427 2883 in
437 2851 657 2893 Ctesiphontis
671 2851 865 2886 suburbanis
878 2847 985 2885 rerum
999 2854 1103 2895 copia,
1117 2856 1154 2886 ut

99 2901 298 2935 abundantia
311 2902 470 2936 militibus
487 2903 670 2944 periculum
686 2905 860 2945 creaverit,
884 2914 925 2948 ne
941 2905 1068 2938 luxurie
1082 2915 1154 2938 cor-

78 2973 81 2977 ·
100 2955 338 2995 rumperentur.

143 3008 174 3038 4.
192 3007 389 3047 ceteroquin
405 3005 532 3039 videtur
554 3007 697 3040 humana
714 3009 832 3041 natura
850 3008 891 3041 ad
911 3009 1066 3041 invidiam
1084 3019 1158 3051 pro-

102 3066 199 3099 pensa
210 3059 309 3099 atque
318 3059 481 3099 proclivis.
497 3080 538 3087 -
547 3060 664 3093 Milites
673 3069 776 3101 quum
789 3070 847 3102 pro
861 3062 984 3094 meritis
993 3071 1043 3094 res
1055 3064 1159 3103 gestas

103 3109 234 3142 laudare
246 3119 312 3142 non
337 3110 478 3151 possint,
505 3123 522 3140 «
540 3113 693 3152 Achaeos,
715 3113 844 3153 dicunt,
875 3113 916 3146 de
931 3114 1014 3146 turri
1033 3113 1159 3154 judiea-

104 3162 202 3203 bant3
227 3175 244 3191 »
264 3171 367 3203 quum
391 3172 425 3195 se
444 3164 580 3205 quisque
603 3165 807 3206 imperatoria
829 3166 964 3199 scientia
986 3167 1160 3208 praeditum

105 3214 340 3255 prudentiaque
358 3217 564 3256 praestantem
590 3216 699 3249 baberi
718 3218 808 3250 velit.
837 3236 879 3241 -—
898 3220 1004 3259 Atque
1021 3218 1069 3250 liis
1084 3218 1160 3259 qui-

105 3267 181 3298 dem
197 3267 329 3299 materia
339 3268 478 3308 nugandi
492 3268 642 3310 suberat3
657 3269 709 3302 ille
721 3272 831 3302 autem
839 3273 1062 3311 susceptorum
1072 3270 1162 3303 initio

107 3319 314 3351 consiliorum
330 3321 428 3352 tenax
441 3321 474 3353 in
490 3321 651 3362 regionem
666 3323 827 3364 propriam
842 3324 1076 3356 revertebatur.

606 3377 663 3410 23.

1206 2273 1331 2313 gend0,
1348 2282 1414 2314 quo
1431 2273 1580 2314 carebat,
1601 2274 1684 2307 duce
1703 2274 1864 2307 exercitus
1886 2273 2056 2314 cogitabat.
2075 2276 2139 2312 Ac,
2157 2282 2267 2314 quem-

1207 2325 1384 2357 admodum
1423 2325 1540 2358 medici
1568 2327 1676 2366 aiunt,
1709 2326 1734 2358 si
1761 2325 1892 2366 quando
1921 2325 2038 2366 gemini
2070 2324 2198 2356 dolores
2221 2325 2268 2356 in·

1209 2378 1335 2418 gruant,
1356 2377 1397 2409 ab
1413 2378 1536 2411 acriore
1549 2378 1709 2410 minorem
1729 2378 1828 2418 solvi,
1853 2378 1898 2410 sic
1915 2387 1954 2409 eo
1970 2379 2117 2418 tempore
2138 2386 2269 2409 cernere

1209 2431 1277 2463 erat
1302 2440 1466 2463 summum
1489 2431 1597 2464 amissi
1613 2432 1695 2473 regis
1711 2440 1884 2464 moerorem
1907 2431 1948 2463 ab
1965 2430 2170 2471 impendente
2195 2430 2270 2462 belli

1208 2483 1331 2515 terrore
1359 2484 1532 2517 infractum
1560 2485 1658 2525 atque
1675 2483 1891 2516 debilitatum.
1919 2485 1999 2515 Nam
2028 2482 2115 2524 quod
2139 2482 2270 2523 quidem

1209 2535 1391 2576 acciderat,
1404 2537 1523 2568 nemini
1540 2546 1604 2569 non
1624 2538 1693 2569 erat
1709 2537 1864 2578 planum3
1883 2545 2025 2577 quanam
2044 2545 2121 2567 vero
2149 2535 2271 2567 ratione

1210 2587 1242 2619 id
1259 2589 1341 2620 esset
1355 2589 1538 2629 patratum,
1556 2589 1610 2620 alii
1631 2589 1723 2621 aliter
1741 2589 1980 2629 conjectabant,
1995 2587 2051 2621 sed
2067 2597 2164 2620 nemo
2183 2589 2272 2619 certo

1211 2639 1351 2681 sciebat;
1372 2650 1478 2682 neque
1492 2641 1582 2673 aliud
1602 2642 1755 2683 cuiquam
1772 2642 1976 2682 exploratum
2001 2642 2082 2680 erat,
2100 2640 2160 2672 nisi
2184 2639 2273 2680 quod

1211 2692 1328 2724 ducem
1352 2692 1467 2734 eligere
1488 2702 1620 2733 prorsus
1635 2693 1816 2735 oportebat.
1840 2695 1914 2725 ,Iam
1941 2692 2000 2724 etsi
2023 2691 2163 2732 vulgaris
2178 2691 2274 2723 turba

1212 2746 1316 2785 erant,
1336 2744 1366 2776 id
1383 2747 1494 2778 tamen
1521 2755 1618 2778 nemo
1634 2754 1699 2777 non
1714 2745 1866 2786 videbat,
1881 2744 1974 2776 ducis
1998 2744 2128 2785 quidem
2149 2743 2273 2783 copiam

1213 2806 1278 2829 non
1295 2796 1493 2838 defuturam,
1507 2797 1563 2829 sed
1577 2797 1708 2830 Juliano
1722 2806 1845 2838 parem,
1865 2806 1906 2829 ne
1919 2797 1945 2829 si
1959 2796 2039 2829 deus
2055 2796 2190 2837 quidem
2214 2796 2274 2827 ali-

1214 2849 1286 2890 quis
1302 2851 1536 2890 procrearetur,
1556 2849 1725 2882 inventum
1739 2859 1803 2882 non
1819 2849 1858 2881 iri
1880 2862 1887 2880 :
1905 2849 1962 2890 qui
1974 2850 2100 2880 naturae
2112 2857 2180 2880 suae
2192 2857 2275 2889 prae·

1214 2903 1333 2934 stantia
1345 2912 1383 2934 ac
1395 2903 1503 2935 divina
1516 2903 1737 2944 magnitudine
1753 2903 1828 2935 vitae
1842 2902 1939 2943 liujus
1951 2902 2186 2942 necessitatem,
2200 2911 2275 2942 quae

1216 2955 1249 2987 in
1274 2954 1417 2988 deterius
1442 2965 1535 2988 ruere
1556 2956 1656 2996 solet,
1674 2956 1830 2997 pervicit3
1854 2964 1954 2996 seque
1978 2964 2016 2987 ex
2045 2956 2095 2987 tot
2122 2954 2276 2986 ssuctibus

1216 3007 1384 3048 attollens,
1401 3008 1521 3039 eoelum
1539 3008 1748 3049 introspexit,
1767 3007 1917 3048 bonaque
1942 3006 1986 3039 ibi
2010 3006 2144 3039 latentia
2166 3005 2275 3044 novit,

1218 3069 1293 3092 cum
1311 3059 1508 3101 incorporeis
1527 3060 1654 3093 naturis
1678 3069 1812 3101 corpore
1833 3059 1978 3091 nondum
2001 3059 2120 3091 exutus
2138 3057 2274 3089 familia-

1219 3113 1297 3145 riter
1323 3122 1464 3145 versans.
1508 3116 1619 3154 Neque
1650 3121 1727 3144 vero
1761 3113 1934 3154 imperium
1969 3111 2171 3151 susceperat,
2201 3109 2277 3151 quia

1220 3164 1370 3206 regnandi
1390 3165 1525 3206 cupidus
1544 3166 1645 3205 esset,
1659 3164 1715 3197 sed
1734 3166 1810 3205 quia
1841 3163 1987 3195 homines
2010 3164 2177 3202 regnatore
2197 3161 2278 3192 indi-

1221 3218 1330 3258 gentes
1344 3216 1477 3249 videret.
1522 3219 1605 3249 Tum
1622 3219 1654 3249 et
1673 3216 1829 3248 militibus
1845 3215 1983 3247 blandus
2001 3216 2088 3253 erat,
2111 3222 2176 3244 non
2193 3213 2229 3244 ut
2245 3212 2277 3244 in

1223 3269 1342 3309 populo
1362 3268 1595 3308 dominaretur,
1609 3268 1664 3301 sed
1686 3268 1763 3309 quia
1787 3276 1828 3299 ex
1851 3276 1912 3299 usu
1930 3267 1973 3298 rei
1993 3265 2130 3306 publicae
2155 3264 2187 3295 id
2211 3264 2279 3296 sore

1222 3321 1357 3353 sciebat.

1266 3379 1392 3420 [inepta
1406 3379 1476 3411 liaec
1493 3379 1620 3411 effutire
1635 3387 1733 3409 ausus
1743 3387 1789 3415 es,
1801 3378 1902 3408 stulte
1918 3383 2029 3407 revera
2044 3374 2142 3404 homo
2155 3373 2186 3404 et
2200 3372 2279 3405 nihil

151 3428 275 3460 Bellum
298 3438 411 3470 gerens
427 3430 587 3471 tantisque
610 3431 759 3472 periculis
777 3432 1023 3474 circumsessus,
1044 3433 1083 3466 de
1103 3433 1161 3466 eli·
1190 3427 1196 3466 ,ἱ
1224 3433 1424 3474 intelligens?
1444 3435 1524 3466 Nam
1537 3433 1609 3473 quis
1626 3432 1657 3463 in
1674 3431 1784 3472 patriis
1800 3433 1989 3463 Graecorum
2007 3426 2212 3468 dogmatibus
2233 3427 2279 3458 sic
