2372 3704
111 242 183 274 56⁴

109 339 206 374 σμων
220 322 279 361 καὶ
295 325 458 375 μυσαρῶν
472 323 645 376 πράξεων.
662 323 728 363 Τόν
746 340 782 362 τε
802 324 869 377 γὰρ
883 324 954 363 υἱὸν
972 324 1022 363 ἔτι
1039 327 1150 364 παῖδα

107 383 190 420 ὄντα
209 386 269 420 τοῦ
288 385 349 429 τ’ἧς
376 381 604 435 Ὀρεστίλλης
626 381 727 421 ἕνεκα
747 383 863 435 γάμου
880 383 1068 437 διέφθειρε,
1088 383 1150 422 καὶ

107 440 250 491 θυγατρὶ
276 441 436 493 παρθένῳ
463 441 649 481 συνελθών.
677 442 731 480 Δι’
765 442 787 479 ἃ
821 441 862 489 ’δὴ
895 441 955 480 καὶ
981 442 1150 480 ὑπατείαν

107 497 235 546 μετιὼν
256 498 440 546 ἀπηλάθη,
462 498 657 552 Κικέρωνος
687 500 722 543 ἐς
744 498 807 546 τὴν
840 501 939 538 τοῦδε
955 498 1074 551 χώραν
1095 501 1150 537 αἱ·

107 556 269 607 ρεθέντος.
298 556 362 602 Ἐξ
389 552 427 595 οἷ
452 557 494 604 δὴ
520 557 581 595 καὶ
602 556 754 607 μάλιστα
779 557 823 595 τὰ
847 556 1057 595 ἀτοπώτατα
1080 560 1147 595 τῶν

105 614 292 666 δραμάτων
313 617 331 653 6
346 616 531 659 Κατιλῖνος
546 614 603 652 ἐπὶ
619 618 696 652 νοῦν
718 613 881 662 ἐὸάλετο,
901 615 1055 665 οὐδαμοῦ
1075 618 1145 654 τῶν

103 675 220 711 κακῶν
247 673 448 724 ἱστάμενος,
473 672 550 711 οὐδὲ
574 673 764 711 ἀναπαύων
790 671 853 719 τὴν
887 673 1044 724 γνώμην.
1093 675 1146 712 Οὐ

104 729 174 780 μὴν
190 731 280 770 ἀλλὰ
299 734 317 769 6
333 731 505 784 Κικέρων,
524 733 630 769 εἰπεῖν
653 747 687 769 τε
707 730 812 774 δεινὸς
831 729 879 767 ὢν
895 730 955 768 καὶ
969 729 1008 768 τὸ
1025 729 1148 777 ἀληθὲς

103 791 256 842 ἀνευρεῖν
274 789 407 837 ἱκανὸς,
421 789 551 841 γνῶναί
566 805 604 827 τε
627 789 666 827 τὸ
690 788 815 839 μέλλον
837 787 999 832 ὀξύτατος
1012 817 1022 836 ,
1047 788 1148 826 πολέ-

103 861 180 895 μιον
201 847 305 885 αὐτὸν
322 847 501 898 ἀποφήνας
520 846 666 894 ἐξήλασε
679 850 742 894 τῆς
761 846 908 890 πόλεως.
931 845 976 885 ‘O
996 846 1057 896 μὲν
1076 845 1143 897 γὰρ

101 906 167 957 οὐχ
181 905 369 956 ὑπομείνας
388 904 465 949 τοὺς
483 905 661 957 ἐλέγχους,
682 903 816 957 φεύγων
839 907 884 947 ὡς
904 904 1064 943 Μάνλιον
1081 903 1140 942 τὸν

101 964 307 1015 συνωμότην
325 963 449 1016 ᾤχετο,
463 962 590 1015 συχνὰς
603 964 670 1010 ἤδη
688 962 852 1012 δυνάμεις
871 962 952 1015 περί
962 978 998 1001 τε
1019 963 1140 1002 Ἀπου-

99 1022 177 1059 λίαν
197 1022 256 1060 καὶ
273 1022 469 1075 Τυρρηνίαν
492 1021 691 1074 ἠθροικότα.
733 1023 779 1060 Οἱ
806 1020 842 1058 δὲ
868 1021 1143 1067 κοινωνήσαντες

99 1081 194 1132 αὐτῷ
218 1082 286 1118 τῶν
315 1081 406 1119 κατὰ
433 1083 495 1127 τῆς
520 1080 666 1130 Ἱ)ώμης
685 1078 945 1132 βουλευμάτων,
970 1080 1067 1127 δίκης
1083 1082 1144 1127 τῆς

97 1138 339 1190 προσηκούσης
358 1140 391 1182 ἒς
405 1138 444 1177 τὸ
462 1138 702 1190 δεσμωτήριον
724 1137 859 1189 ἔτυχον.

587 1247 650 1280 72.

148 1310 237 1344 Exc.
254 1310 311 1345 De
332 1309 401 1345 ins.
425 1320 465 1356 p.
487 1306 532 1344 15
552 1319 560 1344 ε
579 1303 664 1345 εΌϊι
692 1305 842 1349 Κάσσιος
861 1309 878 1344 6
898 1305 1030 1356 ταμίας
1043 1307 1143 1357 πρῶ-

93 1380 149 1408 τος
169 1364 226 1403 τὸν
245 1368 305 1403 τοῦ
334 1363 513 1416 Καίσαρος
535 1364 636 1417 φόνον
666 1364 723 1402 ἐπὶ
742 1368 819 1402 νοῦν
841 1364 1009 1403 ε’ὅάλλετο
1025 1394 1036 1414 ,
1063 1363 1140 1407 τοὺς

93 1423 173 1475 περὶ
194 1425 344 1475 Βροῦτον
365 1425 412 1466 εἷς
429 1422 489 1468 τὴν
502 1427 562 1460 τοῦ
579 1422 678 1475 ἔργου
698 1422 877 1461 κοινωνίαν
894 1423 1139 1475 προελόμενος.

92 1482 192 1521 Μετὰ
211 1482 246 1520 δὲ
265 1482 327 1529 τὴν
348 1486 407 1520 τοῦ
432 1481 596 1533 Κράσσου
617 1481 811 1535 συμφορὰν,
835 1484 853 1520 6
873 1481 1050 1525 πολιτικὸς
1071 1483 1140 1520 διε-

91 1541 212 1585 δέξατο
232 1540 403 1591 πόλεμος,
425 1539 596 1592 ἕπάρατός
612 1556 649 1578 τε
669 1540 728 1578 καὶ
747 1541 885 1579 πολλῶν
904 1540 1063 1594 δακρύων
1080 1556 1138 1591 γε·

90 1598 197 1648 γονὼς
217 1597 338 1642 αἴτιος.

144 1655 229 1697 ”Οτι
250 1657 292 1703 δὴ
316 1656 402 1708 πρὸς
431 1657 506 1700 ταῖς
532 1655 653 1699 ἄλλαις
673 1662 748 1700 ταῖς
764 1659 842 1694 κατ’
872 1657 976 1695 αὐτὸν
998 1657 1136 1708 συμὸε-

93 1715 254 1762 ὅηκυίαις
272 1721 463 1767 συμφοραῖς
477 1715 537 1754 καὶ
555 1718 576 1761 ἡ
594 1715 684 1766 τύχη
702 1718 762 1753 τοῦ
783 1714 894 1765 δήμου
915 1717 953 1753 ἐκ
972 1720 1031 1754 τοῦ
1054 1719 1135 1767 ἦγε-

93 1778 235 1822 μονικοῦ
255 1773 404 1824 μετέστη
426 1774 511 1825 πρὸς
535 1774 574 1811 τὸ
600 1773 765 1820 ὑπήκοον.
792 1774 896 1818 Γάϊος
916 1773 957 1821 δὴ
993 1776 1136 1827 Καῖσαρ

93 1834 317 1886 ἀναστρέφων
336 1835 374 1870 ἐκ
393 1836 455 1879 τῆς
470 1832 650 1876 Γαλατίας
663 1862 672 1878 ,
691 1834 827 1871 πολλῶν
845 1850 882 1871 τε
901 1834 962 1871 καὶ
978 1834 1134 1884 ἀλκίμων

87 1892 193 1928 ἐθνῶν
213 1890 376 1938 νικητὴς,
405 1890 576 1928 ὑπατείαν
602 1890 818 1941 ἐπήγγειλεν,
843 1892 1088 1944 ἀναμφιλόγως
1104 1894 1134 1930 οἱ

86 1948 143 1986 διὰ
157 1952 225 1987 τῶν
244 1948 503 2000 πεπραγμένων
520 1951 815 2001 προστεθήσεσθαι
826 1951 957 1997 ταύτην
975 1952 1135 2001 ὑπολαμ-

87 2008 216 2047 enimv.
257 2008 501 2046 Ἄντειπόντων
523 2009 559 2046 δὲ
592 2012 634 2061 τῇ
673 2008 845 2055 ἐξαιτήσει
866 2009 1075 2061 Μαρκέλλου
1098 2027 1134 2048 τε

87 2070 151 2104 τοῦ
172 2066 305 2105 ὑπάτου
334 2067 394 2105 καὶ
421 2066 610 2114 Βιὸούλου,
640 2066 691 2104 ἔτι
708 2083 743 2105 τε
772 2067 962 2118 Πομπηίου
990 2067 1050 2105 καὶ
1074 2071 1134 2106 τοῦ

89 2125 278 2179 φιλοσόφου
314 2125 498 2171 Κάτωνος,
528 2126 705 2163 ἐπανιέναι
736 2125 821 2177 πρὸς
845 2125 908 2172 τὴν
937 2125 1050 2172 πόλιν,
1074 2126 1134 2169 τὰς

85 2183 246 2234 δυνάμεις
267 2184 416 2237 διαφεὶς,
437 2183 710 2236 παρατάττεται.
770 2186 810 2235 (2)
833 2185 879 2223 Οἱ
900 2183 934 2222 δὲ
962 2185 1028 2236 οὐχ
1044 2186 1133 2222 ὑπα·

83 2242 192 2289 τείαν,
215 2242 306 2280 ἀλλὰ
324 2242 494 2295 θριάμὸου
515 2242 723 2294 καταγωγὴν
739 2245 891 2281 αἰτοῦντι
907 2245 955 2295 τῷ
976 2242 1133 2294 Καίσαρι

83 2303 330 2347 ἐναντιωθῆναι
344 2300 421 2344 τοὺς
434 2301 513 2352 περὶ
527 2301 583 2339 τὸν
603 2302 790 2352 Πομπήιον
802 2318 809 2326 ·
827 2303 857 2340 οἱ
877 2300 912 2339 δὲ
929 2301 1133 2353 προσθήκην

81 2359 159 2397 τινὰ
176 2363 235 2398 τοῦ
253 2359 446 2411 ὡρισμένου
465 2359 590 2412 χρόνου
611 2360 731 2398 λαὸεῒν
751 2361 979 2412 βουλόμενον,
1005 2360 1061 2398 ἐπὶ
1081 2363 1130 2412 τῷ

899 235 1113 274 JOANNIS
1142 235 1465 277 ANTIOCHENI

1212 326 1344 369 πάντας
1381 328 1466 375 ὁμοῦ
1499 325 1578 369 τοὺς
1619 326 1814 379 βαρὸάρους
1850 329 2173 380 καταγωνίσασθαι,
2213 332 2252 370 οὔ

1211 385 1465 435 προσδεχθῆναι
1481 383 1542 434 μὲν
1556 383 1625 422 ἀπὸ
1638 400 1699 432 της
1713 385 1908 436 συγκλήτου
1923 389 2070 439 βουλης·
2091 389 2253 442 Κουρίω-

1211 458 1264 486 νος
1290 442 1326 480 δὲ
1355 446 1417 481 τοῦ
1438 445 1515 480 κατ’
1539 444 1648 481 ἐκεῖνο
1681 445 1942 518 δημαρχοῦντος
1968 446 2072 495 μόνου
2097 449 2254 500 ψηφισα-

1211 499 1335 550 μένου,
1360 500 1493 538 διαλύει
1514 499 1577 550 μὲν
1596 501 1655 539 τὸν
1675 502 1761 553 πρὸς
1780 504 1858 547 τοὺς
1883 504 2078 557 βαρὸάρους
2099 503 2252 557 πόλεμον

1209 560 1227 596 6
1242 561 1400 610 Καῖσαρ,
1417 558 1584 608 θυμωθεὶς
1601 558 1637 597 δὲ
1657 559 1809 609 πολέμια
1825 561 1916 599 κατὰ
1938 565 1999 609 τ’ἧς
2021 565 2147 615 βουλῆς
2168 579 2251 617 φρο-

1208 621 1277 653 νεῖν
1295 615 1436 676 ἤρξατο.
1495 617 1538 667 (3)
1559 615 1646 667 Ἄρα
1663 617 1699 654 δὲ
1719 617 1754 662 ἐξ
1770 617 1943 669 Ἀριμινοῦ
1965 620 2117 670 πόλεως,
2136 616 2175 660 οὗ
2190 622 2252 667 τὰς

1210 672 1369 724 δυνάμεις
1396 677 1488 726 εἶχεν
1514 674 1762 726 ἠθροισμένας,
1781 676 2060 748 συντεταγμένην
2083 680 2192 730 επῆγε
2207 682 2251 734 τῇ

1207 732 1306 769 πόλει
1326 732 1388 778 τὴν
1406 732 1648 802 στρατιάν.οἱ
1663 731 1734 770 δὲ“’
1715 749 1842 772 υπατοι
1857 734 1917 772 καὶ
1933 737 1950 772 ὁ
1969 737 2155 786 Πομπήιος
2173 737 2248 788 ἅμα

1208 792 1252 841 τῇ
1277 790 1384 841 βουλῇ
1405 804 1465 827 και
1488 789 1593 827 παντὶ
1613 793 1681 828 τῶν
1713 792 1826 828 ἀστων
1845 794 2117 847 γνωριμωτέρῳ,
2137 810 2250 834 κατα·

1210 847 1383 891 δείσαντες
1416 846 1478 894 τὴν
1500 863 1560 886 του
1591 848 1771 901 Καίσαρος
1801 850 1927 903 ὃρμην,
1956 851 2020 899 τὴν
2055 853 2117 903 μὲν
2147 853 2249 893 πόλιν

1205 905 1443 952 ἐκλείπουσιν,
1468 908 1502 950 ἐς
1527 905 1563 944 δὲ
1588 906 1651 953 τὴν
1678 908 1900 947 Μακεδονίαν
1921 925 1980 947 και
1996 909 2060 957 τὴν
2079 909 2251 965 Ἤπειρον

1206 963 1388 1035 φεύγοντες
1404 963 1550 1016 ὤχοντο.
1609 966 1652 1016 (4)
1675 965 1746 1004 Καὶ
1760 969 1778 1004 6
1800 966 1862 1016 μὲν
1888 968 2076 1018 Πομπήιος
2097 970 2159 1008 συν
2179 987 2250 1015 τοις

1206 1021 1275 1059 ἀπὸ
1291 1038 1352 1067 της
1370 1024 1496 1074 βουλης
1514 1024 1661 1061 ἐνταυθα
1678 1023 1841 1074 δυνάμεις
1854 1025 2006 1078 ἤθροιζε,
2026 1043 2086 1065 και
2104 1027 2148 1066 τὰ
2164 1029 2249 1082 πρὸς

1205 1079 1265 1117 τὸν
1283 1080 1435 1132 πόλεμον
1469 1081 1663 1134 ἐξηρτύετο.
1689 1084 1830 1136 Καῖσαρ
1850 1083 1886 1122 δὲ
1906 1085 2086 1137 παρελθὼν
2115 1088 2163 1130 εἷς
2183 1088 2246 1134 τὴν

1204 1137 1366 1189 Ῥώμην,
1388 1139 1559 1183 οὖδενὸς’
1543 1141 1822 1191 εναντιουμένου,
1849 1142 1909 1180 καὶ
1927 1143 2110 1188 ἀποδείξας
2125 1145 2248 1184 ἑαυτὸν

1204 1198 1420 1250 δικτάτωρα,
1452 1200 1530 1243 τούς
1557 1215 1594 1238 τε
1624 1200 1809 1250 δημοσίους
1835 1202 2026 1254 θησαυρους
2054 1204 2248 1256 ἀναρρήξας

1205 1257 1250 1299 εἷς
1267 1256 1343 1300 τους
1363 1258 1578 1309 στρατιώτας
1598 1258 1778 1317 ἐκένωσεν,
1807 1275 1867 1298 και
1891 1260 2013 1304 εὐθέως
2029 1261 2115 1312 πρὸς
2132 1261 2194 1307 τὰς
2212 1265 2248 1302 ἐν

1202 1314 1339 1368 Ἰὸηρία
1364 1316 1526 1366 δυνάμεις
1547 1320 1608 1355 τοῦ
1638 1313 1829 1367 Πομπηίου
1851 1319 2035 1371 τρέπεται,
2054 1322 2102 1364 ὥς
2120 1321 2244 1371 μηδεὶς

1202 1374 1421 1413 ὑπολείποιτο
1437 1374 1529 1412 κατὰ
1545 1375 1656 1414 νώτου
1666 1375 1843 1423 πολέμιος.

1277 1427 1457 1474 .Ἒπειδὴ
1493 1426 1560 1500 γὰρ
1575 1430 1592 1465 6
1626 1428 1853 1478 Πομπήιος”
1835 1445 1921 1480 εγνω
1943 1432 2243 1485 προκατειλῆφθαι

1201 1484 1243 1522 τὰ
1265 1487 1298 1523 ἓν
1321 1485 1478 1538 ’16ηρία,
1500 1485 1557 1524 ἐπὶ
1578 1485 1616 1523 τὸ
1643 1486 1850 1539 Βρεντήσιον
1872 1488 2224 1540 στρατοπεδεύσας,’
2207 1505 2242 1534 ες

1199 1549 1318 1596 χεῖρας
1333 1547 1383 1582 τῶ
1409 1544 1561 1618 Ιῖαίσαρι
1577 1546 1721 1595 γίνεται.
1741 1546 1994 1599 Διαμαρτήσας
2006 1547 2042 1585 δὲ
2057 1564 2120 1595 της
2135 1549 2237 1587 ἐλπί-

1201 1604 1277 1650 δος,
1308 1583 1403 1647 αὖθις
1427 1604 1484 1642 ἐπὶ
1510 1603 1549 1641 τὸ
1581 1604 1777 1658 Δυρράχιον
1806 1604 2036 1658 καταφεύγει,
2063 1606 2172 1644 πολύν
2202 1622 2241 1646 τε

1200 1662 1382 1714 διατρίψας
1400 1662 1536 1715 χρόνον,
1558 1662 1698 1700 ἅπαντα
1715 1663 1759 1701 τὰ
1776 1667 1836 1701 τοῦ
1851 1663 2007 1714 πολέμου
2023 1665 2242 1715 παρεσκευά-

1199 1722 1292 1768 ζετο,
1310 1721 1423 1759 καίτοι
1442 1721 1527 1773 πρὸς
1546 1721 1667 1772 μικρὸν
1689 1721 1974 1772 ἀναὸαλλόμενος
1987 1721 2175 1767 ἐπεξελθεῖν
2192 1726 2243 1776 τῷ

1201 1780 1348 1830 πολέμῳ
1373 1779 1594 1831 (πολεμίῳέ)
1616 1778 1728 1817 ἕνεκεν
1743 1780 1898 1829 σημείων
1916 1783 2033 1818 τινῶν.

1252 1851 1280 1877 6.
1303 1841 1348 1876 Αἱ
1379 1837 1442 1887 μὲν
1463 1832 1523 1875 οὖν
1549 1838 1738 1888 Ῥωμαίων
1771 1837 1935 1888 δυνάμεις
1967 1838 2134 1892 μετέωροι
2155 1840 2243 1893 πρὸς

1195 1895 1258 1942 τὴν
1277 1899 1355 1934 κατ’
1373 1897 1534 1942 ἀλλήλων
1553 1897 1717 1934 διέκειντο
1732 1896 1869 1949 μάχην·
1886 1897 1909 1944 ἥ
1929 1912 1966 1935 τε
1986 1896 2176 1949 σύγκλητος
2196 1900 2240 1938 τὰ

1196 1955 1312 1991 δίκαια
1339 1957 1399 2001 τῆς
1428 1954 1570 2004 Ῥώμης
1596 1954 1687 1993 κατὰ
1715 1954 1778 2002 τὴν
1797 1956 2055 2003 Θετταλονίκην
2078 1973 2238 2009 μεταγα-

1197 2017 1325 2064 γοῦσα,
1345 2013 1563 2064 προεκάθητο
1579 2016 1647 2051 τῶν
1668 2013 1934 2066 πραττομένων·
1965 2015 2064 2059 αὐτός
2089 2031 2127 2054 τε
2146 2017 2241 2056 Kal·-

1192 2087 1262 2127 lamp
1283 2072 1343 2110 καὶ
1364 2072 1551 2121 Πομπήιος
1566 2072 1622 2110 διὰ
1637 2075 1704 2111 τῶν
1722 2072 1837 2111 ὅπλων
1858 2072 2043 2126 ἐκρίνοντο.

1247 2145 1276 2171 7.
1294 2133 1398 2184 Ἰρεῖς
1417 2131 1447 2169 δ’
1472 2135 1530 2169 οὖν
1547 2131 1711 2184 στρατιὰς
1725 2134 1871 2170 ἐνταῦθα
1888 2131 1946 2170 καὶ
1963 2131 2115 2184 μεγάλας
2143 2134 2239 2172 Καῒ·

1196 2205 1261 2255 σαρ
1285 2189 1632 2257 καταγωνισάμενρς,
1660 2190 1716 2243 ὑφ’
1734 2189 1882 2241 ἡγεμόσι
1913 2191 2124 2240 ταττομένας
2142 2193 2238 2230 Λου-

1195 2242 1259 2295 κίῳ
1282 2259 1318 2280 τε
1338 2243 1508 2295 Ἀφρανίῳ
1528 2243 1587 2281 καὶ
1609 2244 1749 2296 Μάρκῳ
1768 2242 1943 2295 Πετρονίῳ
1963 2244 1972 2295 (
1992 2246 2018 2284 l.
2040 2243 2203 2297 Πετρηίω
2224 2245 2237 2295 )

1195 2316 1253 2339 και
1270 2301 1407 2354 Μάρκω
1428 2301 1588 2354 Βάρωνι,
1612 2303 1647 2339 ἐν
1677 2303 1715 2339 οὗ
1735 2303 1854 2355 πολλῶ
1873 2301 1988 2354 χρόνω
2002 2332 2012 2352 ,
2042 2301 2098 2340 διὰ
2121 2303 2238 2355 μάχης

1196 2359 1303 2398 ἐλθὼν
1323 2363 1372 2413 τῷ
1393 2360 1574 2413 Πομπηίῳ
1594 2360 1711 2414 φεύγει
1726 2360 1766 2399 τὸ
1780 2363 1916 2413 πρῶτον
1939 2361 2159 2411 ἐλαττωθεὶς,
2174 2361 2236 2400 καὶ

81 2469 208 2510 λῖνος]
227 2470 272 2502 sic
294 2470 428 2509 Suidas;
447 2471 607 2506 Κατιλινὸς
632 2471 734 2502 codex
756 2471 790 2502 h.
805 2471 827 2502 l.
846 2472 878 2502 et
906 2471 997 2502 infra.
1010 2491 1050 2498 —
1067 2470 1309 2512 ἀνοσιουργίαν]
1331 2471 1462 2509 Sui‹ias;
1488 2473 1543 2509 τήν
1567 2471 1799 2512 ἀνοσιουργείαν
1817 2471 1889 2503 cod.
1910 2491 1948 2498 -
1963 2471 2029 2503 τὸν
2055 2472 2129 2513 γὰρ
2145 2473 2236 2504 υἱὸν

81 2518 146 2549 κτλ.
159 2517 171 2558 ]
193 2517 244 2548 τόν
269 2527 301 2547 τε
314 2517 372 2557 γὰρ
384 2517 482 2548 παῖδα
494 2521 547 2554 τῆς
561 2517 625 2557 Ὀρ.
647 2518 799 2558 διέφθειρε
815 2518 852 2548 δι’
868 2518 888 2548 ἃ
902 2518 938 2555 δὴ
952 2519 1019 2548 κτλ.
1041 2517 1154 2548 Suidas
1170 2519 1330 2558 corrupte.
1345 2531 1386 2538 —
1400 2519 1416 2549 ὁ
1438 2520 1464 2549 K
1475 2518 1651 2554 ατιλῖνος
1674 2518 1735 2549 ἐπὶ
1757 2529 1773 2549 ν
1783 2521 1846 2549 οῦν
1860 2516 1872 2558 ]
1894 2518 1911 2548 ὁ
1924 2520 2004 2550 Κατ.
2030 2526 2094 2549 om.
2109 2518 2233 2550 suidas.

81 2564 169 2596 Idem
183 2573 260 2595 mox
276 2573 283 2594 :
309 2567 370 2594 τῶν
393 2567 499 2594 κακῶν
525 2564 674 2604 οὐδαμοῦ.
702 2563 789 2595 Idem
804 2566 874 2604 post
888 2572 919 2594 v.
940 2565 1067 2604 γνώμην
1083 2565 1184 2605 pergit
1205 2579 1212 2598 :
1229 2567 1268 2598 ‘O
1293 2566 1325 2597 δὲ
1349 2566 1498 2606 Κικέρων.
1526 2583 1567 2588 --
1585 2566 1628 2597 τὸ
1651 2565 1823 2606 ἀληθὲς]
1850 2565 1976 2602 τάληθὲς
1998 2565 2088 2597 suid.

123 2612 176 2642 Fr.
197 2613 247 2642 72.
265 2609 364 2640 Cassii
384 2612 416 2641 et
428 2609 517 2649 Bruti
533 2611 685 2649 tanquam
701 2610 833 2641 Caesaris
847 2610 1089 2641 interfectorum
1104 2611 1222 2642 mentio
1240 2612 1443 2652 anticipando
1458 2614 1505 2644 est
1521 2612 1647 2652 injecta.
1661 2629 1703 2635 —-
1718 2612 1802 2643 ’Ότι
1818 2611 1883 2652 δὴ]
1906 2614 1986 2643 Haec
1998 2620 2071 2643 cum
2087 2612 2235 2652 proxime

79 2656 339 2689 antecedentibus
363 2656 537 2688 arctissime
564 2657 735 2688 cohaerent.
757 2659 863 2693 Quare
882 2656 1060 2696 scripserim
1085 2670 1092 2688 ε
1117 2657 1167 2688 ὅτε
1186 2657 1224 2693 δή
1255 2659 1371 2691 Eadem
1395 2660 1566 2699 Eutropius
1582 2661 1645 2698 Vl,
1667 2663 1702 2690 16
1720 2672 1726 2691 2
1751 2661 1836 2690 Hinc
1857 2660 1948 2699 (post
1971 2659 2075 2690 Crassi
2096 2667 2229 2696 necem,

79 2713 132 2736 an.
152 2708 190 2736 53
206 2703 305 2743 >jam
320 2703 446 2734 bellum
463 2703 562 2735 civile
579 2705 742 2735 successit
763 2702 1013 2734 exsecrandum
1029 2705 1061 2734 et
1077 2703 1292 2736 lacrimabile
1298 2717 1311 2744 ;
1331 2715 1398 2747 quo
1414 2708 1540 2746 praeter
1556 2707 1792 2742 calamitates,
1814 2714 1889 2746 quae
1906 2708 1941 2736 in
1953 2706 2085 2746 proeliis
2099 2705 2231 2738 aecide-

79 2755 184 2788 runt,
200 2753 306 2783 etiam
320 2752 465 2783 Romani
481 2752 627 2782 nominis
633 2750 786 2790 fortuna
805 2751 942 2781 mutata
960 2752 1022 2781 cst.
1042 2751 1156 2781 (Joesar
1170 2752 1279 2786 enim,
1299 2752 1433 2783 rediens
1449 2760 1466 2782 e
1492 2753 1611 2784 Gallia
1633 2754 1751 2788 victor,
1771 2754 1872 2792 coepit
1889 2751 2066 2791 deposcere
2081 2753 2231 2783 alterum

79 2800 323 2832 consulatum:
341 2799 444 2850 atquc
458 2806 564 2838 quum
578 2800 653 2829 sine
666 2797 843 2829 dubietate
857 2797 979 2837 aliqua
994 2796 1202 2836 ἀρήν-ναίειν,
1220 2798 1474 2829 contiadiclum
1491 2800 1542 2829 est
1559 2807 1580 2829 a
1597 2799 1761 2830 Marcello
1780 2801 1889 2835 Cons..
1903 2807 1926 2829 a
1942 2799 2082 2837 Bibule,
2096 2807 2118 2830 a
2131 2800 2230 2830 Pom-

72 2848 169 2887 peio,
197 2854 219 2877 a
240 2846 383 2881 Catone,
402 2844 589 2885 jussusque
614 2844 765 2876 dimissis
782 2843 987 2876 exercitibus
1006 2843 1052 2874 ad
1075 2843 1195 2874 urbem
1211 2843 1334 2874 redire.
1358 2861 1398 2866 —
1414 2844 1782 2891 προστεθήσεσθαι]
1802 2845 2033 2886 προσθήσεσθαι
2049 2844 2164 2876 codex.
2190 2861 2230 2867 ——

79 2891 338 2933 βουλόμενον]
352 2891 530 2931 βουλόμενοι
545 2891 656 2923 codex.
670 2889 1019 2932 -ψηφισαμένου]
1035 2898 1113 2920 num
1127 2890 1425 2931 ἀντι-ψηφισαμένου.
1420 2894 1432 2913 ³
1448 2894 1492 2922 De
1506 2900 1581 2923 rev.
1595 2893 1725 2931 Appian.
1749 2891 1825 2922 Bell.
1839 2891 1900 2922 civ.
1922 2893 1966 2928 ΙΙ,
1983 2894 2046 2931 273
2068 2891 2126 2922 Dio
2139 2893 2229 2922 Cass.

77 2941 150 2978 XL,
170 2943 209 2971 (32
227 2947 318 2978 sqq.;
310 2937 496 2969 ·.Plutarch
518 2940 628 2978 Pomp.
653 2941 703 2970 58.
719 2940 870 2969 Ceterum
890 2936 1121 2968 sententiarum
1133 2936 1258 2975 junctio
1271 2938 1377 2969 minus
1391 2938 1491 2969 soret
1484 2939 1691 2977 inconcinna,
1705 2938 1729 2968 si
1744 2937 1899 2977 scriptum
1913 2938 2023 2968 esset:
2045 2937 2082 2968 οὐ
2103 2937 2231 2968 ποοσδε·

77 2986 187 3027 χθῆναι
201 2985 263 3016 ἀπὸ
276 2987 328 3022 τῆς
343 2985 453 3025 βουλῆς
464 3007 473 3022 ,
488 2984 662 3024 Κουρίωνος
672 3007 681 3023 ,
694 2987 787 3016 τοῦ...
803 2985 1032 3024 δημαρχοῦντος
1043 3006 1051 3021 ,
1067 2982 1162 3022 μόνου
1175 2982 1469 3024 ἀντιψηερισαμένου.
1487 2985 1566 3015 Τότε
1582 2985 1618 3020 δὴ
1635 2985 1751 3015 διαλυει
1769 2984 1824 3025 μὲν
1842 2985 1908 3015 κτλ.
1925 3003 1966 3010 -
1982 2985 2022 3014 θυ
2032 2995 2053 3024 μ
2064 2985 2168 3020 ωθεὶς
2190 2983 2229 3015 δὲ

77 3031 166 3073 κτλ.]
187 3031 359 3070 Eutropius
376 3033 445 3071 post
467 3031 562 3062 allata
578 3031 678 3071 pergit
697 3042 704 3062 :
723 3033 870 3071 Propter
887 3038 993 3072 quam
1010 3029 1179 3068 injuriam
1195 3030 1239 3061 ab
1258 3032 1432 3066 Arimino,
1451 3031 1510 3062 ubi
1526 3032 1655 3062 milites
1677 3034 1896 3070 conyreqatos
1916 3029 2083 3068 habebat,
2100 3029 2227 3061 adver-

76 3088 136 3111 sus
152 3079 308 3119 patriam
322 3086 401 3110 cum
417 3080 574 3111 exercitu
586 3080 690 3110 venit.
710 3078 872 3109 Consules
886 3086 963 3109 cum
978 3078 1150 3117 Pompeio,
1165 3080 1373 3118 senatusque
1385 3079 1494 3110 omnis
1509 3080 1614 3118 atque
1626 3080 1788 3109 universa
1805 3077 1966 3109 nobilitas
1979 3085 2022 3109 ex
2035 3077 2228 3116 urbefuqit

77 3129 112 3159 et
127 3128 163 3158 in
186 3126 355 3158 Groeciam
373 3126 527 3155 transit:
541 3124 638 3164 apud
659 3126 825 3164 Epirum,
841 3123 1101 3158 Macedoniam,
1121 3123 1307 3159 Achaiam,
1329 3126 1485 3164 Pompeio
1499 3123 1600 3159 duce,
1618 3125 1760 3154 senatus
1774 3125 1894 3155 contra
1911 3125 2079 3155 Caesarem
2097 3123 2225 3155 bellum

72 3173 231 3214 paravit.
261 3172 374 3202 Caesar
391 3178 538 3201 vacuam
558 3170 676 3202 urbem
697 3172 870 3210 impressus
890 3170 1095 3203 dictatorem
1111 3179 1144 3202 se
1151 3170 1252 3210 fecit.
1273 3171 1355 3203 Inde
1375 3173 1563 3211 Hispanias
1578 3171 1690 3210 petiit.
1706 3183 1747 3190 —
1762 3169 1780 3210 ὃ
1795 3175 1824 3201 5.
1849 3173 1929 3208 Quae
1951 3169 2012 3202 hoc
2028 3172 2059 3201 et
2073 3172 2226 3210 sequente

75 3217 215 3258 segmine
228 3217 388 3257 leguntur,
405 3215 533 3246 aliunde
552 3216 740 3256 interposuit
759 3219 883 3248 auctor.
903 3237 942 3243 -
957 3218 1226 3259 Βρεντήσιον]
1245 3219 1422 3259 Βριττήσιον
1439 3217 1510 3249 cod.
1529 3238 1568 3243 —
1585 3216 1603 3258 §
1618 3221 1649 3249 6.
1666 3216 1936 3258 προεκάθητο]
1953 3218 2132 3256 προσεκὰθη
2149 3217 2221 3247 cod.

76 3267 229 3297 Ceterum
245 3263 329 3295 male
354 3263 424 3294 haec
448 3264 611 3294 contracta
634 3265 720 3294 sunt.
746 3264 829 3299 Quid
854 3265 992 3296 voluerit
1015 3268 1142 3305 auctor,
1159 3266 1260 3297 fusius
1276 3265 1415 3305 explicat
1430 3265 1489 3296 Dio
1506 3266 1593 3302 XLI,
1619 3266 1660 3295 43
1673 3287 1681 3302 ,
1698 3273 1795 3303 quem
1814 3265 1926 3295 Noster
1944 3265 1977 3295 in
1996 3262 2224 3303 compendium

76 3312 205 3352 redegit.
221 3330 260 3339 .-
273 3309 292 3351 §
306 3314 336 3343 7.
353 3313 431 3350 τρεῖς
445 3309 497 3341 οὗν
511 3321 577 3350 στρ.
597 3310 748 3351 ἐνταῦθα]
763 3319 806 3342 sc.
828 3311 859 3341 in
875 3311 1034 3351 Hispania.
1051 3313 1106 3344 His
1122 3313 1328 3344 continuatur
1343 3311 1482 3342 narratio
1495 3310 1645 3349 segminis
1659 3313 1689 3341 4.
1707 3311 1880 3350 Eutropius
1897 3310 1918 3342 1.
1934 3310 1955 3341 l.
1975 3322 1983 3341 :
2003 3309 2084 3341 Inde
2100 3311 2223 3348 Hispa-

75 3361 153 3391 nias
163 3359 273 3400 petiit.
291 3357 341 3390 lbi
355 3358 506 3396 Pompeii
521 3358 692 3388 ezei-citus
705 3357 939 3389 validissimos
954 3358 1211 3396 etfortissimos
1221 3367 1299 3390 cum
1311 3358 1422 3390 tribus
1435 3357 1595 3392 ducibus,
1612 3359 1648 3388 L.
1661 3355 1826 3395 Afranio,
1843 3358 1890 3388 M.
1909 3358 2059 3394 Petreio,
2073 3357 2118 3387 M.
2141 3357 2220 3387 Var-

70 3415 175 3442 rone,
204 3405 394 3447 superavit.
414 3403 498 3436 Inde
517 3412 690 3443 repressus
713 3406 748 3436 in
777 3407 947 3437 Groeciam
977 3407 1138 3442 transiit,
1167 3405 1334 3437 adversus
1361 3405 1560 3445 Pompeium
1584 3403 1773 3435 dimicavit.
1789 3405 1905 3435 Primo
1926 3403 2048 3443 pra‘lio
2064 3403 2174 3434 victus
2186 3403 2220 3433 et
