2372 3704
1038 187 1102 227 FB
1111 187 1371 227 AGMENTA.
2171 195 2218 228 57
2226 196 2244 228 7

92 268 286 322 ἔμπροσθεν
310 266 384 320 βίον
411 267 563 315 ἐξίτηλός
581 282 654 318 τις,
677 267 738 306 καὶ
763 268 812 320 τῷ
833 267 970 320 Νέρωνι
989 267 1081 306 κατὰ
1100 268 1140 307 τὸ
1203 284 1264 320 ρας
1283 268 1397 307 πέντε.
1426 268 1625 314 Οὐιτέλλιος
1642 270 1742 317 ἔθηκε
1772 271 1988 324 πρόγραμμα
2016 271 2093 316 τοὺς
2120 272 2248 323 γόητας

91 331 153 375 τῆς
181 325 426 373 ἕκδιαιτήσεως
453 325 680 378 ὁμοιότροπον
706 325 914 370 οἰκειότατος
943 325 979 364 ἔν
1007 341 1047 378 γε
1070 325 1139 377 μὴν
1201 326 1260 365 καὶ
1275 327 1502 379 ἀστρολόγους
1521 327 1741 380 ε’ντὸς,ῥητῆς
1759 329 1893 381 ἡμέρας
1918 331 2166 382 ἀπαλλαγῆναι
2186 333 2248 378 τῆς

91 383 317 438 τῇβασιλείᾳ
329 384 387 423 τὸν
408 384 539 431 συνήθη
556 387 615 422 τοῦ
638 383 714 436 βίου
736 385 911 435 μετελθεῖν
933 384 1060 437 τρόπον
1074 387 1140 437 οὗχ

90 443 206 488 ἱκανὸς
236 443 373 495 γέγονε,
402 442 566 494 πολέμων
596 443 690 495 αὐτῷ
715 444 882 495 χαλεπῶν
913 441 1008 487 εὐθὺς
1036 444 1139 496 ἐκρα-

95 502 240 555 γέντων.
611 555 631 592 5

146 632 237 670 Exc.
254 633 312 668 De
330 633 398 670 ins.
419 645 459 681 p.
478 632 527 668 26
553 645 560 667 :
579 628 666 670 “ou
681 627 798 670 Ὄθων
820 629 951 668 ἀνελὼν
970 629 1028 669 τὸν
1046 629 1139 669 Γάλ-

92 687 174 739 Cant,
196 690 243 732 ὡς
270 690 446 741 παρῆλθεν
474 690 520 733 εἷς
541 687 605 736 τὴν
639 688 1045 740 ἡγεμονίαν,,Βιτέλλιος
1075 688 1140 727 ὑπὸ

90 748 159 785 τῶν
179 748 389 787 Γαλατικῶν
406 763 444 786 τε
467 747 527 786 καὶ
560 750 789 799 Γερμανικῶν
815 747 1057 800 στρατοπέδων
1078 748 1139 785 αὖ·

89 805 272 859 τοκράτωρ
300 805 561 860 ἀναγορευθεὶς,
586 806 716 854 ἤλασεν
746 805 800 844 ἐπ’
820 805 935 846 αὐτόν.
955 803 1074 846 Ὄθων
1104 804 1140 844 δὲ

91 863 154 903 σὺν
183 865 260 909 ταῖς
296 864 440 909 οἰκείαις
465 866 669 912 ὑπαντήσας
696 864 898 915 δυνάμεσιν,
935 865 1140 904 ἐλαττοῦται

90 923 183 962 κατὰ
198 922 261 971 τὴν
281 922 422 976 πρώτην
433 922 628 975 συμὸολὴν,
649 923 710 962 καὶ
725 929 797 967 τοῖς
810 926 981 975 παροῦσιν
999 922 1140 974 ἀθύμως

90 981 275 1030 διατεθεὶς,
305 982 422 1021 καίτοι
442 988 609 1034 στρατιᾶς
631 981 825 1035 αὐτάρκους
842 982 939 1034 αὐτῷ
963 986 1140 1029 καθεστη-

90 1039 210 1089 κυίας,
231 1040 414 1093 ὑπεξάγειν
436 1040 558 1080 ἑαυτὸν
575 1042 616 1079 ἐκ
635 1040 763 1084 παντὸς
788 1039 877 1092 ἔγνω
894 1041 1038 1093 τρόπου.
1054 1044 1139 1080 Δεο·

92 1098 204 1150 μένων
225 1098 261 1137 δὲ
287 1102 354 1137 τῶν
375 1101 610 1151 στρατιωτῶν,
642 1099 690 1150 μὴ
719 1098 853 1151 ταχέως
871 1099 961 1138 οὕτω
980 1098 1040 1143 τὰς
1060 1098 1140 1151 περὶ

89 1160 150 1195 τοῦ
171 1156 298 1202 παντὸς
317 1157 532 1197 καταὸαλεῖν
550 1157 708 1209 ἐλπίδας,
725 1157 1017 1211 ἀποκρινάμενος,
1037 1158 1139 1196 οὖδα-

90 1218 165 1266 μῶς
185 1215 277 1260 ἄξιον
297 1216 421 1254 ἑαυτὸν
451 1219 611 1267 ἡγεῖσθαι
640 1216 811 1263 τοσαύτης
832 1216 1000 1269 ἐμφυλίου
1016 1232 1140 1268 -ταρα-

88 1277 156 1326 χῆς
179 1274 239 1312 καὶ
258 1273 445 1320 κινήσεως·
469 1275 634 1319 ἑκουσίως
663 1275 871 1327 ὑποδέχεται
891 1274 948 1314 τὸν
973 1274 1138 1325 θάνατον,

88 1331 200 1385 ὀγδόῳ
228 1331 289 1371 καὶ
315 1333 346 1372 λ’
365 1336 426 1379 τῆς
444 1333 583 1382 ἡλικίας
614 1335 701 1381 ἔτει,
726 1337 788 1380 τῆς
812 1349 852 1386 γε
873 1332 940 1384 μὴν
963 1333 1140 1385 βασιλείας

88 1390 205 1443 ἡμέρᾳ
222 1390 248 1428 ε’
265 1391 325 1430 καὶ
342 1392 388 1442 ζ’.
406 1391 452 1432 Ἡ
469 1393 505 1430 δὲ
520 1390 668 1445 στρατιὰ
688 1391 875 1439 ἐπένθησεν
892 1390 1012 1441 αὐτὸν,
1029 1394 1141 1439 ἡττη-

89 1447 201 1492 θέντες
225 1453 286 1487 τοῦ
306 1450 448 1494 πάθους.
481 1450 556 1490 Καὶ
584 1453 602 1489 ὃ
623 1450 686 1501 μὲν
706 1450 769 1498 τὴν
787 1449 969 1502 ἀσέλγειαν
999 1453 1058 1488 τοῦ
1083 1450 1142 1500 ἔμ-

87 1510 235 1558 προσθεν
256 1507 332 1559 βίου
349 1510 384 1547 ἐν
407 1508 539 1552 τούτοις
555 1512 764 1560 θαυμαστῶς
790 1508 1062 1556 συνεσκιάσατο,
1082 1512 1140 1561 βε-

89 1564 197 1609 ὅαίως
233 1565 292 1605 τὸν
317 1565 446 1606 τοιόνδε
482 1567 635 1619 πόλεμον
677 1570 727 1621 τῷ
759 1569 882 1606 ἑαυτοῦ
917 1567 1141 1612 κατασὸέσας

89 1622 225 1675 αἵματι.

579 1682 643 1730 96.

470 1774 758 1813 ΒΙΤΕΛΛΙΟΣ.

142 1860 234 1898 Exc.
257 1860 370 1897 Salm.
391 1873 430 1909 p.
457 1860 531 1909 395
555 1874 563 1896 :
586 1858 788 1903 Οὐιτέλλιος
805 1862 917 1909 μῆνας
933 1859 1025 1899 ὀκτὼ
1050 1859 1140 1910 ἡμέ-

1202 383 1374 432 Ἷταλίας,
1391 385 1451 423 καὶ
1484 385 1581 423 αὐτοὶ
1605 385 1725 430 νυκτὸς
1751 387 2002 426 ἀντιτεθείκασι
2029 389 2247 441 πρόγραμμα

1201 443 1519 496 παραγγέλλοντες,
1552 444 1864 496 ἀπαλλαγήσεσθαι
1900 446 2049 499 [αὐτὸν]
2079 451 2137 486 τοῦ
2171 448 2246 501 βίου

1202 501 1293 546 ἐντὸς
1315 503 1417 554 [τῆς]
1433 501 1585 556 ἡμέρας,
1599 504 1633 541 ἐν
1654 498 1678 554 ᾗ
1696 503 1859 542 τελευτᾶν
1880 503 2034 555 ἔμελλεν.

1695 611 1759 646 97·

1255 693 1346 729 Exc.
1366 693 1422 727 De
1438 692 1524 729 virt.
1551 704 1589 740 p.
1611 691 1686 735 814
1714 705 1722 727 :
1739 687 1826 730 “Ou
1845 689 2021 734 Βιτέλλιος
2044 691 2252 743 βασιλεύσας

1201 749 1358 800 τραχέως
1381 763 1418 786 τε
1439 748 1499 786 καὶ
1518 747 1596 786 λίαν
1620 749 1782 801 ἐπαχθῶς
1802 751 1941 799 ἡγεῖτο,
1960 749 2021 787 καὶ
2040 755 2111 787 πᾶν
2131 744 2252 803 αἶσχος

1203 806 1473 858 ἀναδεδεγμένος
1489 806 1523 845 ἔν
1543 822 1580 845 τε
1596 812 1667 851 τοῖς
1688 808 1803 851 ἄλλοις
1822 810 1892 851 τοῖς
1909 806 2000 846 κατὰ
2014 806 2072 846 τὸν
2094 807 2179 860 βίον,
2192 809 2252 848 καὶ

1202 867 1268 918 οὐχ
1293 864 1422 913 ἥκιστα
1455 867 1506 917 τῷ
1540 865 1689 919 γαστρὸς
1721 868 1880 918 ἀκρατῶς
1913 881 1950 904 τε
1972 867 2032 905 καὶ
2061 866 2253 918 ἀκορέστως

1204 923 1311 976 ἔχειν.
1336 923 1516 968 Πολλάκις
1535 923 1602 977 γὰρ
1628 926 1667 963 οὐ
1688 923 1791 975 μόνον
1818 927 1879 972 τῆς
1905 924 2058 978 ἡμέρας,
2081 924 2172 963 ἀλλὰ
2193 926 2253 964 καὶ

1202 985 1264 1029 τῆς
1286 982 1406 1026 νυκτὸς
1438 983 1531 1021 σῖτον
1554 986 1672 1036 ᾑρεῖτο
1687 1013 1698 1035 ,
1729 983 1790 1022 καὶ
1810 983 1908 1035 παρὰ
1929 982 1990 1028 τὰς
2021 986 2089 1022 τῶν
2107 983 2252 1022 δείπνων

1203 1040 1428 1093 παρασκευὰς
1446 1040 1485 1079 τὸ
1513 1039 1602 1079 πολὺ
1627 1043 1696 1079 τῶν
1722 1041 1900 1092 δημοσίων
1932 1041 2136 1093 ἀπετρύετο.
2157 1041 2253 1081 Δέκα

1203 1098 1271 1152 γὰρ
1289 1098 1330 1146 δὴ
1347 1099 1518 1152 μυριάδας
1538 1103 1695 1150 σταθμοῦ
1717 1100 1881 1153 ἀργυρίου
1901 1099 1959 1138 ἐπὶ
1982 1100 2168 1153 δισχιλίαις
2193 1101 2253 1139 καὶ

1205 1158 1451 1204 πεντηκοσίαις
1477 1159 1510 1201 ἐς
1539 1157 1583 1196 τὰ
1603 1159 1725 1196 δεῖπνα
1749 1157 2028 1206 δεδαπανηκέναι
2047 1159 2252 1211 ἱστόρηται,

1205 1218 1359 1268 συνεχῶς
1379 1216 1441 1266 μὲν
1468 1215 1529 1254 καὶ
1549 1216 1737 1264 ἀπλήστως
1754 1216 2026 1271 ἐμφορούμενος,
2046 1220 2198 1270 συνεχῶς
2216 1218 2252 1256 δὲ

1203 1273 1342 1312 ἅπαντα
1362 1274 1620 1328 ἐξερευγόμενός
1642 1291 1679 1314 τε
1697 1275 1757 1314 καὶ
1784 1274 1931 1326 ε’ξεμῶψ
1965 1270 1994 1329 ᾧ
2012 1276 2053 1322 δὴ
2072 1276 2132 1315 καὶ
2157 1276 2252 1329 μόνῳ

1203 1332 1390 1384 διεγένετο,
1412 1333 1486 1373 ἐπεὶ
1510 1333 1596 1384 οἵγε
1627 1333 1784 1373 σύσσιτοι
1803 1336 1908 1373 αὐτοῦ
1937 1334 1998 1373 καὶ
2026 1335 2117 1373 πάνυ
2137 1338 2253 1379 κακῶς

1202 1386 1309 1444 εἶχον.
1332 1392 1450 1437 Βίὸιος
1480 1397 1560 1444 γοῦν
1590 1393 1763 1446 Κρίσπος,
1789 1393 1846 1432 διὰ
1878 1393 1978 1432 νόσον
2010 1393 2136 1447 χρόνου
2164 1394 2254 1440 τινὸς

1209 1451 1428 1503 ἀπολειφθεὶς
1446 1455 1505 1490 τοῦ
1524 1451 1719 1500 συσσιτίου,
1744 1453 1840 1503 μάλα
1864 1451 2054 1502 στωμύλως
2071 1451 2153 1505 ἔφη·
2172 1470 2188 1487 κ
2208 1455 2252 1493 Εἰ

1204 1509 1253 1559 μὴ
1281 1509 1509 1561 ἐνενοσήκειν,
1532 1512 1724 1561 ἀπωλόμην
1755 1511 1813 1551 ἄν.
1848 1529 1865 1545 »
1890 1511 1952 1555 Ἐς
1964 1510 2042 1549 τόδε
2064 1511 2168 1562 [γοῦν
2193 1511 2253 1550 καὶ

1202 1568 1242 1606 τὸ
1266 1569 1363 1620 παρὰ
1380 1571 1431 1622 τῷ
1448 1570 1611 1623 ἀδελφῷ]
1630 1571 1767 1608 δεῖπνον
1788 1573 1847 1608 τοῦ
1867 1569 2048 1609 Βιτελλίου
2080 1569 2251 1620 ἐπίσημον

1202 1626 1340 1678 γεγονὸς
1359 1627 1692 1678 διαμνημονεύεται·
1712 1628 1789 1667 καθ’
1811 1627 1828 1666 ὃ
1845 1627 1931 1681 φασὶ
1952 1627 2034 1680 δίχα
2049 1631 2110 1676 τῆς
2129 1629 2253 1675 λοιπῆς

1201 1685 1428 1730 πολυτελείας
1455 1686 1643 1738 δισχιλίους
1669 1686 1733 1738 μὲν
1762 1688 1877 1739 ἰχθῦς,
1910 1686 2195 1739 ἑπτακισχιλίους
2216 1688 2251 1725 δὲ

1202 1743 1292 1796 ὅρνις
1309 1743 1366 1782 ἐπὶ
1379 1743 1441 1791 τὴν
1459 1745 1574 1793 θοίνην
1594 1749 1865 1799 παρενεχθῆναι.
1887 1744 2036 1798 Ἐπῇνει
2063 1744 2099 1784 δὲ
2124 1745 2184 1784 καὶ
2208 1745 2252 1783 τὰ

1202 1802 1381 1855 Νέρωνος,
1401 1803 1461 1841 καὶ
1484 1803 1542 1842 τὸν
1574 1803 1697 1858 νεκρὸν
1719 1807 1781 1842 τοῦ
1802 1804 1963 1856 Νέρωνος
1989 1805 2021 1848 ἐς
2040 1803 2154 1842 κοῖλόν
2178 1819 2251 1842 τινα

1202 1860 1262 1899 καὶ
1282 1862 1397 1914 ἀφανῆ
1422 1862 1530 1915 τάφον
1547 1861 1798 1913 κατακείμενον
1818 1861 2049 1911 ἀπεσέμνυνε.
2073 1860 2191 1914 [Πρὸς
2214 1861 2250 1899 δὲ

88 1967 213 2008 tropius
229 1978 236 2000 :
253 1970 333 2008 Vll,
354 1971 388 2000 11
409 1981 417 2000 :
436 1969 539 2008 Otho,
552 1970 659 2001 occiso
677 1965 805 2006 Galba,
826 1972 958 2003 invasit
974 1972 1180 2012 imperium,
1197 1974 1356 2005 materno
1371 1981 1492 2014 qenere
1508 1973 1659 2006 nobilior
1681 1981 1788 2015 quam
1805 1975 1952 2014 paterno
1964 1993 1973 2008 ,
1992 1974 2116 2005 neutro
2135 1973 2248 2004 tamen

91 2016 246 2048 obscuro.
266 2019 305 2049 In
320 2019 464 2057 privata
477 2026 515 2049 re
526 2017 639 2049 mollis
653 2020 687 2050 et
699 2019 843 2050 Neronis
849 2018 1051 2058 familiaris
1065 2029 1075 2050 :
1091 2021 1128 2051 in
1143 2021 1288 2060 imperio
1300 2019 1542 2053 documentum
1555 2022 1610 2053 sui
1626 2029 1693 2053 non
1705 2022 1822 2062 potuit
1836 2019 2024 2052 ostendere.
2042 2020 2131 2051 Nam
2142 2027 2250 2060 quum

90 2062 214 2095 iisdem
232 2063 461 2103 temporibus,
479 2064 607 2105 quibus
636 2064 722 2096 Otho
743 2064 890 2097 Galbam
906 2064 1101 2105 occiderat,
1122 2068 1226 2099 etiam
1246 2067 1401 2099 Vitellius
1411 2067 1536 2106 sactus
1553 2069 1640 2100 esset
1655 2076 1678 2099 a
1701 2068 1915 2101 Germanicis
1941 2065 2156 2098 exercitibus
2179 2067 2248 2098 im-

90 2111 246 2150 perator,
275 2110 362 2142 bello
383 2112 505 2142 contra
520 2118 599 2142 eum
622 2113 798 2152 suscepto,
819 2120 929 2153 quum
944 2111 1042 2152 apud
1059 2112 1265 2146 Bebriacum
1289 2116 1327 2145 in
1345 2116 1364 2145 Ι
1368 2114 1457 2146 talia
1476 2115 1544 2146 levi
1567 2114 1692 2156 proelio
1708 2116 1818 2146 victus
1833 2115 1941 2152 esset,
1958 2115 2112 2153 inqentes
2130 2114 2247 2144 tamen

90 2159 207 2198 copias
220 2157 269 2190 ad
282 2158 410 2190 bellum
421 2158 577 2194 haberet,
594 2160 713 2199 sponte
725 2161 830 2191 semet
842 2161 957 2200 ipsum
969 2159 1103 2191 occidit.
1119 2160 1319 2192 Potentibus
1333 2160 1503 2193 militibus
1518 2169 1560 2192 ne
1575 2163 1649 2193 tam
1669 2163 1735 2193 cito
1749 2161 1790 2193 de
1804 2160 1883 2193 belli
1895 2159 2096 2200 desperaret
2107 2167 2186 2191 even
2193 2161 2245 2195 tu,

91 2213 201 2247 quum
219 2207 310 2237 tanti
325 2213 360 2236 se
377 2213 444 2237 non
462 2213 532 2237 esse
550 2205 712 2245 dixisset,
727 2208 768 2237 ut
781 2208 924 2246 propter
940 2213 1021 2237 eum
1037 2205 1136 2237 civile
1156 2205 1285 2238 bellum
1299 2209 1583 2244 commoveretur,
1605 2208 1813 2240 voluntaria
1831 2209 1939 2240 morte
1954 2206 2057 2243 obiit,
2078 2207 2247 2247 triqesimo

89 2254 210 2284 octavo
225 2253 343 2284 aetatis
357 2260 468 2291 anno,
486 2254 706 2292 nonaqesimo
725 2254 758 2284 et
774 2254 895 2293 quinto
917 2254 1058 2292 imperii
1075 2252 1142 2284 die.

130 2302 184 2332 Fr.
203 2303 257 2332 95.
279 2300 320 2330 V.
339 2301 471 2339 Eutrop.
491 2299 514 2330 l.
532 2299 554 2330 l.
570 2319 611 2326 —
626 2301 650 2330 ε’
664 2300 717 2331 καὶ
734 2298 782 2342 ζ’]
797 2300 964 2332 consentit
980 2299 1020 2331 de
1032 2299 1107 2331 vitae
1123 2300 1155 2331 et
1171 2299 1294 2339 imperii
1309 2301 1453 2341 tempore
1465 2300 1581 2341 praeter
1595 2301 1786 2341 Eutropium
1808 2300 1904 2333 etiam
1927 2299 2108 2332 Suetonius.
2136 2299 2247 2340 Xiphi-

92 2345 179 2378 linus
197 2347 317 2386 LXIV,
335 2350 372 2378 15
390 2359 397 2378 ε
413 2348 514 2378 Τοῦτο
526 2346 562 2377 τὸ
575 2347 660 2382 roo<
678 2347 795 2378 Ὄθωνι
809 2344 931 2387 ἐγένετο
948 2347 1074 2385 ζήσαντι
1089 2347 1142 2388 μὲν
1154 2347 1197 2384 λζ’
1211 2347 1263 2384 ἐτη
1275 2371 1283 2386 ,
1299 2347 1407 2379 ἕνδεκα
1429 2348 1552 2389 ἡμερῶν
1574 2348 1702 2386 δέοντα,
1725 2348 1847 2389 ἄρξαντι
1861 2347 1893 2378 δὲ
1916 2347 2030 2388 ἡμέρας
2052 2346 2246 2383 ἐνενήκοντα.

96 2395 168 2426 Sec.
189 2393 320 2434 Joseph.
336 2394 371 2424 B.
388 2395 417 2425 J.
432 2395 494 2433 IV,
512 2396 531 2424 9
543 2416 552 2432 ,
566 2398 597 2433 9,
611 2394 753 2433 regnavit
767 2398 806 2426 92
820 2394 902 2425 dles.
918 2396 943 2426 A
964 2403 1039 2425 vero
1052 2394 1176 2434 longius
1190 2393 1344 2426 recedunt
1359 2394 1513 2426 Eusebius
1529 2395 1559 2426 et
1574 2395 1733 2427 Clemens.
1749 2397 1790 2427 V.
1805 2395 1971 2434 interpret.
1986 2393 2025 2425 ad
2040 2393 2159 2433 Xiphil.
2182 2392 2244 2430 1.,1.

139 2441 193 2472 Fr.
218 2444 269 2473 96.
294 2439 493 2481 Οὐιτέλλιος]
507 2439 678 2476 Οὐιτίλλιος
695 2440 767 2472 cod.
786 2458 827 2463 —
841 2444 913 2481 μῆν
924 2452 965 2477 ας
981 2439 1010 2478 η’
1027 2442 1088 2480 ἡμ.
1115 2439 1162 2480 ε’]
1176 2440 1220 2471 sio
1233 2439 1330 2472 etiam
1343 2440 1501 2480 Josephus
1514 2442 1548 2472 B.
1566 2442 1595 2472 J.
1610 2442 1672 2479 IV,
1693 2444 1725 2471 11
1739 2463 1748 2479 ,
1762 2442 1793 2471 4.
1818 2439 2002 2472 secundum
2029 2439 2221 2479 Eutropium
2237 2452 2245 2471 ι

87 2489 196 2528 periit
208 2489 346 2528 imperii
359 2495 472 2519 mense
494 2489 588 2526 VIII,
603 2490 636 2519 et
650 2488 704 2520 die
720 2491 746 2520 I.
759 2488 875 2528 Xiphil.
898 2490 1002 2527 LXV,
1019 2493 1056 2520 22
1074 2489 1106 2519 et
1118 2490 1258 2519 Zonaras
1271 2489 1335 2525 XI,
1352 2490 1388 2518 16
1406 2495 1554 2526 regnasse
1568 2486 1679 2518 dicunt
1692 2487 1829 2519 ἐνιαυτὸν
1846 2487 1921 2519 δέκα
1934 2488 2057 2528 ἡμερῶν
2071 2486 2243 2518 ἐπιδέοντα.

88 2533 173 2566 Illud
186 2542 205 2565 a
216 2534 322 2565 morte
335 2533 472 2565 Othonis
483 2557 492 2574 ,
504 2533 566 2564 hoc
580 2541 597 2564 a
608 2533 659 2566 die
668 2558 677 2574 ,
691 2543 757 2575 quo
769 2535 942 2576 imperator
953 2543 972 2566 a
982 2534 1138 2567 militibus
1150 2535 1299 2568 Vitellius
1311 2534 1493 2566 declaratus
1506 2535 1570 2572 est,
1585 2534 1766 2574 computari
1780 2534 1887 2566 debet.
1905 2535 2085 2574 Utrumque
2095 2557 2104 2573 ,
2118 2533 2245 2573 opinor,

88 2580 123 2612 in
143 2582 246 2613 Dione
267 2581 371 2621 legere
391 2580 471 2612 erat.
488 2580 586 2613 Plura
599 2581 639 2613 de
661 2580 710 2613 his
725 2589 756 2612 v.
772 2581 856 2621 apud
871 2582 1053 2614 Tillemont.
1073 2583 1167 2614 Hist.
1182 2581 1251 2621 ,vdes
1263 2590 1351 2622 emp.
1372 2582 1408 2621 1.,
1422 2589 1455 2620 p.
1474 2585 1546 2621 623,
1564 2582 1596 2613 et
1614 2581 1803 2622 interpretes
1819 2581 1858 2612 ad
1884 2580 2038 2621 xiphilin.
2052 2598 2092 2603 -
2105 2578 2245 2619 αὐτὸν]

87 2627 196 2659 addidi
212 2635 254 2659 ex
268 2627 378 2658 Dionis
394 2629 473 2659 Exc.
492 2629 640 2660 Vatican.
658 2636 690 2668 p.
713 2631 773 2660 218
790 2627 841 2659 ed.
862 2630 957 2661 Rom.
968 2652 977 2667 ,
993 2637 1067 2668 quae
1081 2628 1121 2660 ad
1137 2629 1235 2661 verba
1253 2627 1354 2660 nostri
1375 2627 1436 2659 loci
1452 2628 1598 2668 proxime
1609 2627 1778 2660 accedunt.
1796 2627 1899 2659 Possis
1915 2627 2011 2658 etiam
2031 2635 2143 2658 vocem
2157 2627 2246 2666 αὐτῷ

88 2673 206 2705 addere
218 2675 294 2705 ante
306 2673 527 2705 ἀντιτεθείκασι
542 2675 602 2715 (ut
615 2673 767 2714 Xiphilin.
782 2676 880 2713 LXV,
898 2678 907 2706 1
921 2674 951 2714 ),
969 2675 1018 2715 vel
1031 2674 1122 2714 juxta
1135 2685 1166 2707 v.
1183 2675 1455 2717 παραγγέλλοντες,
1470 2675 1518 2706 uti
1531 2677 1670 2706 Zonaras
1686 2676 1727 2707 xi
1736 2697 1746 2713 ‚
1763 2679 1811 2706 16.
1827 2694 1864 2699 -
1879 2685 1896 2705 τ
1905 2677 1923 2712 ῆ
1935 2685 1947 2710 ς
1964 2675 1983 2710 ἡ
1996 2684 2029 2713 μ.
2042 2672 2054 2714 ]
2066 2672 2242 2705 articulum

87 2719 196 2752 addidi
214 2728 232 2751 e
246 2722 370 2752 zonara
386 2720 419 2752 et
435 2720 608 2760 xiphilino.
631 2722 826 2762 Excerptum
842 2722 916 2754 vat.
935 2722 1035 2754 verba
1051 2722 1134 2758 ἐντὸς
1149 2733 1179 2753 τ.
1193 2722 1309 2763 ἡμέρας
1322 2720 1454 2753 omittit.

130 2768 181 2799 Fr.
201 2770 253 2799 97.
280 2766 399 2798 Eadem
418 2766 531 2800 Suidas
547 2777 581 2801 v.
602 2769 767 2805 Βιτέλλιος.
781 2789 823 2795 -
836 2770 1048 2810 τραχέως...
1070 2768 1228 2810 ἡγεῖτο]
1243 2777 1311 2801 om.
1333 2767 1448 2800 Suidas
1483 2786 1523 2792 —-
1540 2770 1648 2798 σῖτον
1665 2766 1823 2808 ᾑρεῖτο]
1837 2766 1883 2798 sic
1906 2766 2019 2799 suidas
2032 2766 2053 2798 l.
2075 2767 2118 2805 l.;
2142 2766 2244 2797 ἐσιτο-

87 2815 207 2845 ποιεῖτο
223 2812 328 2845 codex
344 2815 423 2845 Exc.
441 2815 473 2846 et
494 2814 608 2846 suidas
630 2824 662 2846 v.
685 2817 788 2857 ᾑρεῖτο
801 2839 810 2855 ,
833 2815 891 2846 ubi
913 2816 964 2847 hic
984 2816 1073 2848 locus
1087 2817 1255 2858 repetitur.
1271 2817 1313 2848 At
1332 2823 1433 2855 quum
1450 2813 1539 2846 locus
1560 2813 1649 2845 vocis
1663 2815 1799 2854 ᾑρεῖτο
1815 2813 1916 2854 gratia
1938 2813 2129 2851 adducatur,
2158 2813 2244 2853 patet

86 2860 168 2892 illud
182 2861 389 2892 ἐσιτοποιεῖτο
405 2869 468 2892 non
484 2870 553 2894 esse
574 2862 745 2902 genuinam
759 2863 890 2894 Joannis
909 2871 1022 2894 vocem
1034 2887 1044 2902 ,
1060 2863 1116 2895 sed
1132 2864 1200 2903 ejus
1214 2862 1534 2903 interpretamentum
1545 2884 1554 2899 ,
1576 2863 1728 2892 monente
1751 2861 1888 2893 Kiistero
1907 2861 1942 2903 et
1966 2859 2183 2899 Bernhardyo.
2202 2876 2243 2882 —

87 2908 129 2939 τὸ
147 2908 246 2939 ’πολὺ
261 2911 335 2939 τῶν
351 2908 394 2945 δη
404 2918 436 2948 μ.
456 2908 695 2950 ἀπετρύετο]
711 2909 826 2941 Suidas
842 2918 875 2941 v.
891 2911 1010 2942 Βιτέλλ.
1024 2910 1056 2941 et
1071 2910 1257 2953 ἀπετρύετο;
1272 2909 1331 2941 nisi
1345 2907 1429 2949 quod
1443 2909 1504 2939 art.
1519 2911 1581 2939 τῶν
1597 2907 1753 2939 omittunt
1774 2907 1868 2940 codd.
1888 2911 1914 2940 A
1927 2909 2020 2939 BNE
2041 2916 2066 2939 s.
2083 2915 2116 2938 v.
2136 2907 2241 2939 Βιτέλ-

87 2955 163 2991 λιος.
180 2954 291 2987 codex
303 2957 383 2986 Exc.
401 2955 463 2986 ετὰ
475 2956 627 2993 πολυτελῆ
643 2958 704 2987 τῶν
727 2956 801 2996 δημ.
817 2955 1027 2998 ἀπετρώγετο.
1050 2959 1132 2996 Quae
1147 2957 1224 2989 item
1243 2965 1261 2988 e
1279 2955 1476 2996 glossematis
1495 2955 1636 2995 profecta
1652 2955 1725 2987 sint.
1748 2955 1795 2987 Ad
1813 2964 1843 2987 v.
1867 2955 1903 2987 τὸ
1921 2955 2001 2987 πολὺ
2019 2965 2050 2985 τ.
2073 2954 2102 2985 δ.
2126 2954 2242 2993 aliquis

87 3002 255 3034 annotavit
274 3013 282 3033 ε
304 3002 344 3033 τὰ
359 3003 432 3041 τέλη
455 3002 506 3034 vel
524 3003 560 3034 τὸ
575 3001 653 3035 πολὺ
671 3006 734 3035 τῶν
749 3004 845 3035 τελῶν
861 3015 890 3035 τ.
913 3004 988 3045 δημ.
1005 3023 1046 3031 -—
1063 3003 1226 3045 σταθμοῦ]
1241 3013 1306 3035 om.
1330 3003 1454 3036 suidas.
1476 3002 1671 3042 Corrigenda
1695 3002 1766 3034 llaec
1781 3003 1875 3041 sunt,
1890 3002 1989 3043 puto,
2016 3009 2057 3033 ex
2079 3000 2241 3041 Xiphilino

88 3050 189 3088 LXV,
204 3052 221 3080 3
231 3072 241 3088 ,
255 3048 310 3080 ubi
326 3050 423 3090 επρὸς
435 3049 560 3081 πάντων
574 3050 690 3090 ὁμοίως
703 3050 902 3091 ὡμολόγηται
917 3051 972 3083 δύο
987 3062 1020 3083 τε
1037 3050 1131 3082 αὐτὸν
1148 3049 1294 3091 μυριάδας
1312 3049 1468 3091 μυριάδων
1482 3049 1535 3080 καὶ
1550 3049 1703 3090 δισχιλίας
1716 3049 1926 3086 πεντακοσίας
1950 3049 1981 3080 ἐν
2006 3050 2053 3088 τῷ
2076 3051 2129 3085 τῆς
2145 3047 2240 3088 ἀρχῆς

87 3095 190 3137 χρόνῳ
204 3096 234 3133 ἐς
252 3096 292 3127 τὰ
305 3096 415 3128 δεῖπνα
431 3097 678 3134 δεδαπανηκέναι
691 3120 700 3137 ,
715 3096 737 3129 i.
750 3106 780 3129 e.
796 3100 914 3129 novies
928 3098 1024 3130 mille
1037 3100 1255 3133 sestertium,
1271 3097 1319 3129 uti
1336 3099 1384 3129 est
1399 3105 1450 3137 ap.
1469 3095 1570 3128 Tacit.
1593 3099 1620 3128 ll
1634 3121 1643 3136 ,
1662 3101 1714 3130 95.
1729 3116 1771 3124 -
1784 3095 1939 3138 ἐξερευγ.]
1957 3096 2046 3137 ἀπερ.
2063 3094 2186 3127 suidas.
2199 3113 2240 3119 -

91 3141 219 3183 Βίὸιος]
233 3142 341 3179 Βέὸιος
354 3145 434 3175 Exo.
451 3144 484 3175 et
505 3143 631 3187 suidas.
653 3146 695 3176 V.
718 3143 816 3184 Xiph.
839 3146 945 3184 XLV,
969 3149 1007 3184 2,
1024 3145 1080 3177 ubi
1101 3145 1239 3181 Οὒίὸιος.
1255 3143 1304 3176 cf.
1318 3143 1413 3175 Dion.
1433 3145 1512 3175 Exc.
1534 3144 1605 3174 Vat.
1625 3152 1657 3184 p.
1677 3147 1748 3176 218.
1763 3163 1803 3170 -
1817 3140 2057 3182 συσσιτίου]
2076 3142 2121 3172 sic
2143 3140 2238 3173 etiam

88 3188 229 3229 Xiphil.;
245 3190 424 3230 συμποσίου
440 3190 564 3224 Suidas.
576 3210 616 3217 —
629 3194 763 3232 γοῦν...
778 3190 950 3232 ἀδελφῷ]
967 3192 1046 3224 Haec
1058 3192 1149 3224 uncis
1162 3191 1290 3223 inclusit
1304 3190 1448 3222 Valesius
1457 3201 1466 3229 ;
1482 3189 1632 3221 videntur
1655 3190 1752 3230 igitur
1765 3189 1938 3223 desiderari
1953 3189 1985 3221 in
2000 3188 2073 3221 cod.
2089 3190 2168 3219 Exc.
2180 3211 2188 3225 ‚
2207 3189 2239 3217 et

88 3243 107 3267 e
122 3236 219 3268 Suida
234 3237 336 3270 accita
348 3246 435 3277 esse3
451 3246 650 3279 quamquam
666 3238 698 3270 in
712 3238 796 3270 notis
810 3239 955 3271 Valesius
971 3238 1011 3271 de
1023 3238 1120 3271 suida
1133 3247 1173 3270 ne
1186 3238 1320 3269 verbum
1334 3237 1463 3278 quidem
1478 3237 1587 3270 habet.
1604 3240 1652 3270 De
1665 3246 1700 3270 re
1713 3238 1755 3270 cf.
1774 3239 1908 3278 Eutrop.
1924 3238 2000 3269 vm
2010 3259 2019 3275 ‚
2045 3239 2081 3267 12
2099 3244 2106 3264 :
2123 3235 2236 3266 Notis-

88 3283 180 3314 sima
201 3285 295 3316 certe
309 3293 406 3317 coena
423 3286 595 3317 memoriae
605 3284 753 3326 prodita
774 3287 845 3325 est,
865 3294 972 3327 quam
987 3287 1017 3317 ei
1028 3285 1152 3325 frater
1177 3284 1334 3317 Vitellius
1351 3283 1526 3320 exhibeam
1552 3286 1588 3316 tn
1611 3292 1682 3324 qua.
1705 3292 1807 3325 super
1823 3286 1950 3316 ceteros
1963 3283 2140 3321 sumptus,
2167 3277 2235 3309 duo

87 3329 207 3362 millia
219 3332 388 3371 piscium,
404 3333 534 3372 septem
549 3333 671 3364 avium
687 3332 807 3364 millia
820 3334 983 3373 apposita
1001 3331 1207 3364 traduntur.
1227 3333 1290 3362 Hic
1306 3338 1416 3372 quum
1439 3332 1567 3362 Neroni
1591 3331 1716 3363 similis
1733 3339 1803 3363 esse
1821 3330 1948 3369 vellet,
1966 3330 2070 3369 atque
2092 3324 2130 3357 id
2150 3323 2234 3355 adeo

88 3385 166 3418 prae
181 3385 216 3409 se
226 3376 346 3417 ferret
357 3401 366 3416 ‚
380 3381 422 3410 ut
437 3379 543 3410 etiam
564 3380 748 3420 exsequias
763 3376 928 3418 Neronis,
946 3387 1022 3420 quae
1036 3378 1218 3411 humiliter
1234 3378 1379 3418 sepultae
1387 3376 1561 3417 juerant,
1582 3377 1770 3410 honoraret
1787 3388 1797 3409 :
1824 3385 1845 3408 a
1879 3374 2073 3416 Vespasiani
2089 3370 2233 3403 ducibus

233 3443 430 3470 FRAGMENTA
449 3442 572 3466 illSTon.
594 3441 648 3465 GR·
669 3450 700 3455 -
722 3440 795 3464 VOL.
816 3438 857 3462 ΙΨ.
2033 3451 2066 3477 37
