2326 3724
102 200 148 231 82
970 193 1135 232 P'RISCI

99 278 133 316 δὲ
152 279 314 331 πρότερον
335 278 393 317 καὶ
411 278 467 317 τὸν
486 278 677 329 Μαξιμῖνον
693 280 880 330 ἐπιμένειν,
897 282 942 324 ὡς
962 280 1003 318 δι’
1022 282 1127 318 αὐτοῦ

98 336 176 387 περὶ
197 340 262 374 τῶν
282 336 533 388 γεγραμμένων
561 337 850 389 ἀποκρινούμενος
874 339 1026 389 βασιλεῖ,
1053 338 1135 376 ἐπέ-

98 410 202 444 τρεπε
221 395 265 433 τὰ
289 397 396 447 δῶρα.
421 395 543 438 Δόντες
563 395 675 434 τοίνυν
705 395 764 434 καὶ
790 396 984 440 ἐπανιόντες
1013 399 1046 441 ἐς
1071 396 1133 443 τὴν

98 453 238 500 σκηνὴν,
251 452 398 491 ἑκάστου
407 456 475 491 τῶν
485 453 673 504 λεχθέντων
683 453 762 506 πέρι
774 454 1047 506 ἰδιολογούμεθα.
1065 454 1134 494 Καὶ

100 511 222 562 Βιγίλα
249 511 480 561 θαυμάζοντος
506 511 597 555 ὅπως
618 513 727 550 πάλαι
751 514 844 564 αὐτῷ
869 512 1134 565 πρεσίῗευομένῳ

95 568 196 614 ἤπιός
213 584 249 606 τε
269 569 328 606 καὶ
351 575 458 622 πρᾶος
485 569 654 619 νομισθεὶς
677 570 754 608 τότε
776 571 940 621 χαλεπῶς
959 568 1134 622 ἐλοιδορήζ

97 641 194 673 σατο,
203 626 332 677 ἔλεγον,
342 627 390 676 μή
401 626 484 664 ποτέ
492 643 578 670 τινες
589 630 656 665 τῶν
667 627 852 679 βαρέοίρων
861 631 928 665 τῶν
939 630 972 666 ἐν
983 630 1132 680 Σερδικῇ

97 685 321 723 ἑστιαθέντων
341 685 402 723 σὺν
420 686 502 734 ἡμῖν
521 687 673 738 δυσμενῇ
691 687 785 738 αὐτῷ
801 686 857 724 τὸν
880 686 1047 732 Ἀττήλαν
1065 702 1131 724 πα-

98 744 324 794 ρεσκεύασαν,
341 743 624 794 ἀπαγγείλαντες,
636 747 680 786 ὥς
695 744 767 782 θεὸν
786 744 847 793 μὲν
866 745 922 782 τὸν
942 745 1130 795 Ῥωμαίων

97 801 210 843 ἐκάλει
227 801 371 853 βασιλέα
382 831 391 848 ,
407 801 584 852 ἄνθρωπον
598 801 632 839 δὲ
648 801 704 839 τὸν
720 802 902 848 Ἀττήλαν.
921 805 1056 841 Τοῦτον
1073 802 1131 840 τὸν

96 859 195 910 λόγον
213 863 231 898 6
248 859 440 906 Μαξιμῗνος
455 863 500 902 ὡς
513 860 654 897 πιθανὸν
665 859 816 911 ἐδέχετο,
834 854 888 897 οἶα
906 860 947 906 δὴ
964 860 1134 912 ἀμέτοχος

95 915 142 954 ὢν
158 921 218 964 τῆς
238 917 456 966 συνωμοσίας
475 917 516 964 ἢν
546 917 637 955 κατὰ
656 921 715 955 τοῦ
738 917 917 970 βαρὸάρου
937 921 954 956 6
975 920 1134 969 εὐνοῦχος

96 975 295 1022 ἐποιήσατο.
319 976 364 1014 ‘O
395 976 429 1014 δὲ
456 976 598 1026 Βιγίλας
619 975 810 1028 ἀμφίὸολός
828 992 865 1014 τε
891 971 948 1023 ἧν,
973 976 1032 1014 καὶ
1053 976 1127 1025 ἐμοὶ

67 1042 70 1045 “
97 1033 205 1072 ἐδόκει
233 1034 438 1086 προφάσεως
472 1035 627 1085 ἀπορεῖν,
660 1033 702 1070 δι’
721 1033 762 1079 ἣν
793 1035 887 1086 αὐτῷ
919 1036 937 1071 6
966 1033 1133 1079 Ἀττήλας

97 1091 354 1144 ἐλοιδορήσατο·
387 1091 463 1127 οὔτε
490 1089 556 1141 γὰρ
579 1089 621 1127 τὰ
647 1092 681 1127 ἐν
708 1092 882 1142 Σερδικῇ,
914 1093 959 1134 ὡς
990 1090 1132 1143 ὕστερον

95 1153 177 1199 ἡμῖν
207 1151 377 1199 διηγεῖτο,
411 1148 487 1185 οὔτε
519 1147 562 1184 τὰ
591 1151 652 1194 τῆς
681 1148 867 1195 ἓπιὸουλῆς
897 1150 1053 1199 εἰρῆσθαι
1083 1152 1133 1202 τῷ

95 1207 243 1259 Ἄττήλα
265 1207 430 1253 ἐνόμιζεν,
446 1204 590 1254 μηδενὸς
612 1204 673 1255 μὲν
691 1206 808 1258 ἑτέρου
822 1208 891 1244 τῶν
908 1208 947 1244 ἐκ
961 1210 1020 1244 τοῦ
1041 1206 1132 1253 πλή·

94 1271 168 1309 θους
197 1265 252 1303 διὰ
273 1265 330 1303 τὸν
349 1267 599 1314 ἐπικρατοῦντα
620 1263 711 1302 κατὰ
731 1264 871 1302 πάντων
898 1264 1003 1318 φόὸον
1021 1266 1054 1308 ἐς
1073 1266 1131 1302 λό-

94 1340 171 1373 γους
198 1325 291 1374 αὐτῷ
324 1325 528 1373 θαρροῦντος
556 1323 677 1368 ἐλθεῖν,
711 1322 901 1366 Ἐδέκωνος
929 1323 963 1361 δὲ
995 1323 1133 1367 πάντως

93 1381 362 1433 ἔχεμυθήσοντος
379 1380 434 1417 διά
454 1395 490 1417 τε
505 1379 581 1423 τοὺς
600 1380 721 1431 ὅρκους
741 1380 801 1418 καὶ
819 1380 880 1427 τὴν
902 1381 1049 1428 ἀδηλίαν
1071 1385 1130 1419 τοῦ

93 1441 317 1493 πράγματος,
340 1438 389 1488 μή
403 1454 487 1476 ποτε
506 1438 564 1476 καὶ
589 1438 707 1482 αὐτὸς,
731 1441 776 1483 ὡς
795 1438 957 1477 τοιούτων
980 1440 1130 1492 μέτοχος

93 1499 215 1549 λόγων,
243 1498 432 1544 ἐπιτήδειος
460 1496 652 1546 νομισθεὶς,
685 1496 830 1536 θάνατον
858 1497 970 1550 ὑφέξει
988 1498 1129 1548 ζημίαν.

95 1558 155 1596 Ἔν
172 1556 314 1607 τοιαύτῃ
338 1550 394 1593 οὖν
415 1555 608 1608 ἀμφιὸολίᾳ
627 1556 857 1607 τυγχάνουσιν
874 1555 1017 1600 ἐπιστὰς
1032 1557 1129 1596 Ἐδέ-

92 1632 173 1662 κων,
205 1614 265 1653 καὶ
293 1614 349 1652 τὸν
378 1614 521 1663 Βιγίλαν
552 1613 616 1658 ἔξω
651 1617 712 1660 τῆς
739 1614 909 1666 ἡμετέρας
939 1614 1132 1666 ἀπαγαγὼν

94 1673 254 1720 συνόδου,
272 1671 540 1724 ὑποκρινάμενός
553 1687 590 1710 τε
609 1671 828 1718 ἀληθίζεσθαι
845 1675 912 1711 τῶν
938 1674 1054 1717 αὐτοῖς
1079 1677 1132 1726 βε-

93 1730 331 1781 ὅουλευμένων
349 1730 449 1768 ἕνεκα
462 1760 471 1776 ,
487 1729 547 1767 καὶ
563 1730 601 1768 τὸ
621 1731 764 1783 χρυσίον
781 1734 991 1781 κομισθῆναι
1013 1747 1132 1784 παρα-

93 1788 346 1840 κελευσάμενος
363 1788 401 1826 τὸ
425 1788 654 1838 δοθησόμενον
676 1794 746 1833 τοῖς
768 1789 842 1839 ἅμα
861 1792 954 1841 αὐτῷ
972 1790 1052 1842 περὶ
1070 1789 1132 1837 τὴν

93 1848 215 1901 πρᾶξιν
248 1847 484 1898 ε’λευσομένοις
497 1876 507 1894 ,
542 1847 723 1900 ἀνεχώρει.
761 1849 1129 1900 Πολυπραγμονοῧντα

1167 193 1370 233 PANlTAE

1207 281 1242 317 δὲ
1262 280 1348 322 τίνες
1377 281 1407 317 οἱ
1426 282 1486 317 τοῦ
1510 278 1699 320 Ἐδέκωνος
1727 278 1811 330 πρὸς
1831 278 1932 316 αὐτὸν
1958 279 2070 329 λόγοι,
2097 283 2235 319 ἀπατᾶν

1210 338 1373 375 ἔσπευδεν
1402 337 1624 386 ἠπατημένος
1657 336 1774 383 αὐτὸς,
1804 336 1865 374 καὶ
1893 335 1955 383 τὴν
1982 339 2093 384 ἀληθῆ
2122 339 2235 376 αἰτίαν

1201 397 1488 449 ἀποκρυψάμενος
1503 395 1630 447 ἔφασκε
1643 396 1726 446 παρ’
1742 395 1846 432 αὐτοῦ
1862 394 2054 438 Ἔδέκωνος
2064 397 2233 447 εἰρῆσθαι,

1200 456 1245 496 ὡς
1264 454 1324 491 καὶ
1342 455 1436 506 αὐτῷ
1450 456 1468 490 ὃ
1486 453 1516 492 Ἀ
1524 452 1648 499 ττήλας
1661 452 1740 504 περὶ
1754 454 1822 490 τῶν
1837 452 1997 504 φυγάδων
2012 453 2234 504 χαλεπαίνοι·

1195 509 1262 548 ἔδει
1278 511 1344 563 γὰρ
1364 509 1385 557 ἢ
1403 510 1535 553 πάντας
1554 509 1758 557 ἀπολαὸεῒν,
1777 509 1799 556 ἢ
1815 510 1978 563 πρέσὸεις
1998 512 2036 548 ἐκ
2052 514 2112 558 τῆς
2129 511 2233 563 μεγί-

1195 584 1278 615 στης
1290 568 1441 613 ἐξουσίας
1456 567 1637 621 ἀφικέσθαι
1651 567 1737 619 πρὸς
1755 567 1872 607 αὐτόν.
1890 571 2014 608 Ταῦτα
2034 568 2235 620 διαλεγομέ-

1196 642 1263 670 νοις
1293 626 1568 679 παραγενόμενοί
1587 641 1674 669 τινες
1698 629 1766 664 τῶν
1796 626 1946 674 Ἀττήλα
1978 626 2110 678 ἔλεγον,
2146 626 2236 677 μήτε

1198 684 1354 734 Βιγίλαν,
1385 684 1474 734 μήτε
1506 687 1599 734 ἡμᾶς
1627 683 1804 732 Ῥωμαῖον
1833 684 2060 735 αἰχμάλωτον
2091 682 2114 731 ἢ
2147 684 2235 737 βάρ-

1196 741 1301 794 ὅαρον
1339 741 1552 794 ἀνδράποδον
1584 741 1607 788 ἢ
1631 739 1759 785 ἵππους
1786 741 1810 788 ἢ
1839 741 1954 794 ἕτερόν
1976 758 2008 780 τι
2041 742 2133 789 πλὴν
2163 745 2234 780 τ’ῶν

1194 802 1241 843 εἷς
1262 801 1391 852 τροφὴν
1411 802 1591 846 ὠνεῖσθαι,
1615 800 1714 852 ἄχρις
1733 799 1811 838 ὅτου
1829 804 1873 839 τὰ
1894 800 2021 851 μεταξὺ
2039 800 2231 852 ‘Pomorum

1195 859 1254 896 καὶ
1288 858 1431 898 Οὕννων
1464 859 1643 911 ἀμφίὸολα
1669 858 1874 911 διακριθείη.
1910 858 2174 912 Σεσοφισμένως
2197 859 2235 898 δὲ

1197 921 1309 955 ταῦτα
1330 918 1389 956 καὶ
1414 917 1505 956 κατὰ
1532 918 1656 970 τέχνην
1691 918 1826 968 ἐγένετο
1851 919 1901 969 τῷ
1930 918 2118 971 βαρὸοίρῳ,
2145 917 2236 957 ὥστε

1195 976 1253 1014 τὸν
1272 976 1333 1026 μὲν
1350 977 1495 1028 Βιγίλαν
1513 977 1638 1030 ῥᾳδίως
1658 976 1715 1014 ἐπὶ
1729 979 1770 1027 τῇ
1784 976 1862 1015 κατ’
1883 978 1987 1015 αὐτοῦ
2001 977 2132 1016 ἁλῶναι
2145 977 2237 1029 πρά-

1195 1034 1242 1079 ξει
1269 1037 1465 1087 ἀποροῦντα
1495 1035 1624 1082 αἰτίας,
1653 1034 1703 1087 ἐφ’
1733 1029 1822 1087 ᾗπερ
1842 1034 1880 1072 τὸ
1907 1036 2050 1086 χρυσίον
2081 1035 2237 1086 κομίζοι,

1194 1096 1287 1143 ’ἡμᾶς
1308 1092 1343 1131 δὲ
1361 1092 1534 1145 προφάσει
1549 1093 1763 1144 ἀποκρίσεως
1779 1093 1836 1131 ἐπὶ
1851 1092 2075 1146 τῇπρεσὸείᾳ
2094 1093 2237 1140 δοθησο-

1195 1150 1300 1200 μένης
1320 1150 1529 1200 Ὀνηγήσιον
1546 1150 1799 1188 ἀπεκδέῖασθαι
1810 1181 1819 1196 ,
1835 1149 1879 1187 τὰ
1895 1151 1989 1202 δῶρα
2007 1150 2237 1200 κομιούμενον

1197 1207 1284 1260 ἅπερ
1306 1211 1406 1258 ἡμεῖς
1425 1223 1463 1246 τε
1482 1207 1609 1246 διδόναι
1638 1207 1850 1258 ἐδουλόμεθα
1875 1207 1933 1246 καὶ
1966 1207 2126 1260 βασιλεὺς
2147 1210 2237 1247 ἀπε·

1195 1266 1352 1305 στάλκει.
1372 1265 1560 1305 Συνέὸαινε
1577 1266 1642 1319 γὰρ
1659 1266 1761 1317 αὐτὸν
1779 1265 1841 1304 σὺν
1856 1268 1904 1319 τῷ
1923 1265 2150 1319 πρεσὸυτέρῳ
2165 1269 2236 1305 τῶν

1195 1324 1344 1371 Ἀττήλα
1366 1324 1500 1362 παίδων
1521 1326 1553 1368 ἐς
1574 1324 1613 1362 τὸ
1629 1327 1696 1362 τῶν
1721 1324 1943 1376 Ἀκατιζίρων
1963 1325 2007 1375 (l.
2028 1324 2236 1378 Ἀκατίρων)

1194 1384 1284 1426 ἔθνος
1307 1383 1490 1430 ἐστάλθαι,
1507 1383 1527 1420 ὅ
1545 1385 1618 1421 ἐστι
1639 1383 1806 1422 Σκυθικὸν
1822 1382 1934 1429 ἔθνος,
1955 1382 2111 1435 παρέστη
2132 1383 2168 1421 δὲ
2187 1385 2238 1434 τῷ

1198 1440 1347 1493 Ἀττήλᾳ
1363 1441 1396 1485 ἐξ
1413 1440 1523 1484 αἰτίας
1535 1443 1684 1479 τοιᾶσδε.
1703 1442 1851 1480 Πολλῶν
1864 1441 1954 1479 κατὰ
1970 1443 2062 1493 φῦλα
2074 1441 2135 1480 καὶ
2150 1441 2232 1492 γένη

1198 1499 1376 1551 ἀρχόντων
1395 1503 1453 1537 τοῦ
1480 1498 1614 1546 ἔθνους,
1640 1498 1823 1542 Θεοδόσιος
1847 1501 1864 1536 6
1884 1498 2044 1551 βασιλεὺς
2066 1499 2240 1550 ἐκπέμπει

1196 1559 1310 1611 δῶρα,
1329 1557 1418 1596 ὥστε
1438 1557 1578 1610 ὁμονοίᾳ
1598 1557 1745 1610 σφετέρα
1767 1548 2090 1610 ἀπαγορεῦσαιύμὲν
2109 1562 2152 1611 τῇ
2172 1563 2233 1596 τοῦ

1195 1616 1343 1663 Ἀττήλα
1358 1616 1566 1670 συμμαχίᾳ,
1584 1616 1647 1663 τὴν
1664 1617 1699 1654 δὲ
1714 1616 1797 1667 πρὸς
1814 1616 2014 1667 Ῥωμαίους
2027 1617 2237 1670 συμμαχίαν

1195 1674 1351 1728 (εἰρήνην
1380 1676 1556 1725 Hoesch.)
1580 1674 1807 1719 ἀσπάζεσθαι.
1828 1674 1874 1714 Ὁ
1895 1675 1931 1713 δὲ
1969 1675 2013 1713 τὰ
2034 1677 2128 1727 δῶρα
2148 1677 2239 1713 ἀπο-

1196 1733 1348 1782 κομίζων
1364 1734 1402 1771 οὐ
1419 1732 1509 1771 κατὰ
1527 1732 1620 1777 τάξιν
1637 1732 1775 1785 ἑκάστῳ
1787 1735 1856 1770 τῶν
1871 1732 2042 1785 βασιλέων
2055 1735 2115 1772 τοῦ
2126 1732 2240 1776 ἔθνους

1196 1791 1346 1839 δίδωσιν,
1379 1791 1468 1829 ὥστε
1496 1790 1555 1829 τὸν
1584 1791 1803 1843 Κουρίδαχον
1823 1790 2057 1844 πρεσδύτερον
2090 1791 2173 1830 ὄντα
2194 1795 2236 1843 τῇ

1195 1851 1287 1901 ἀρχῇ
1303 1878 1313 1896 ,
1325 1849 1369 1888 τὰ
1383 1851 1476 1902 δῶρα
1491 1849 1674 1900 δεξάμενον
1690 1849 1860 1901 δεύτερον,
1883 1843 1939 1887 οἶα
1956 1848 1998 1896 δὴ
2011 1849 2238 1902 περιοφθέντα

93 1981 147 2011 ea,
164 1980 237 2010 quae
254 1971 423 2011 imperator
436 1971 615 2011 scripserat,
630 1979 684 2011 per
699 1979 733 2002 se
745 1980 930 2012 responsum
947 1971 1049 2009 daret,
1061 1980 1134 2002 mu-

93 2032 168 2055 nera
178 2022 277 2064 petiit.
291 2025 371 2060 Quae
392 2024 560 2062 postquam
574 2022 722 2055 dedimus
733 2047 742 2063 ,
753 2023 786 2054 in
799 2023 974 2055 tentorium
985 2025 1130 2055 nostrum

93 2085 150 2107 nos
163 2075 356 2116 recepimus,
374 2077 405 2107 ct
424 2075 463 2106 de
479 2075 620 2116 singulis,
631 2084 704 2116 quae
720 2076 806 2107 dicta
821 2076 957 2115 fuerant,
978 2076 1060 2107 inter
1081 2084 1138 2107 nos

94 2126 311 2158 disseruimus.
337 2128 445 2163 Quum
473 2129 582 2158 antem
606 2127 720 2167 Bigilas
744 2125 956 2158 admiraretur
971 2128 1028 2167 qui
1049 2126 1139 2158 fieret

94 2181 130 2210 ut
147 2178 276 2216 Attilas,
295 2177 350 2217 qui
364 2177 423 2209 sibi
440 2177 631 2218 jampridem
644 2201 653 2216 ‚
673 2187 774 2218 quum
791 2178 912 2218 legatus
925 2178 965 2210 ad
982 2179 1073 2210 illum
1086 2186 1139 2210 ve-

94 2230 207 2269 nisset,
225 2228 325 2260 comis
349 2230 381 2260 et
402 2229 618 2268 perhumanus
630 2229 717 2261 visus
743 2230 845 2269 esset,
864 2231 943 2261 tunc
969 2238 1003 2261 se
1018 2229 1140 2262 acerbis

94 2280 294 2312 contumeliis
303 2280 476 2320 affecisset,
493 2280 578 2319 dixi,
593 2281 696 2312 vereri
711 2290 781 2319 me,
797 2289 838 2312 ne
849 2281 903 2321 qui
920 2289 962 2312 ex
975 2280 1139 2320 barbaris,

95 2333 149 2373 qni
172 2334 204 2364 in
232 2333 360 2364 Serdica
376 2333 541 2364 nobiscum
559 2333 678 2373 epulati
693 2335 802 2373 erant,
827 2333 956 2365 Attilam
981 2332 1138 2365 infensum

95 2385 186 2416 nobis
214 2384 438 2421 reddidissent,
463 2386 495 2415 et
510 2384 642 2424 Bigilam
668 2387 885 2416 Romanorum
913 2386 1139 2425 imperatorem

95 2436 191 2467 deum
202 2460 210 2475 ,
223 2435 353 2467 Attilam
363 2444 437 2466 vero
448 2436 610 2467 hominem
623 2436 798 2476 appellasse
807 2460 815 2475 ,
827 2437 1020 2468 retulissent.
1035 2438 1139 2472 Quam

95 2487 271 2519 orationem
291 2487 486 2518 Maximinus
501 2488 538 2519 ut
555 2487 758 2519 verisimilem
785 2490 833 2519 est
857 2487 1035 2528 amplexus,
1065 2487 1140 2527 quia

96 2538 323 2579 conjurationis
344 2538 376 2569 in
397 2539 525 2570 Attilam
545 2538 585 2570 ab
610 2539 759 2570 eunucho
779 2539 865 2571 initae
888 2539 1045 2580 particeps
1071 2547 1136 2570 non

98 2593 210 2623 luerat.
228 2591 289 2623 Sed
303 2591 416 2629 Bigilas
433 2591 600 2630 ambiguus
615 2591 712 2622 animi
729 2592 815 2630 erat,
830 2600 932 2631 neque
945 2599 1075 2622 causam
1091 2599 1141 2622 su·

95 2644 208 2684 spicari
226 2652 316 2684 posse
330 2642 511 2682 videbatur,
523 2652 622 2683 quare
633 2643 744 2675 Attilas
757 2652 830 2674 eum
847 2646 912 2675 tam
926 2643 1048 2675 acerbis
1061 2651 1138 2675 con-

97 2695 187 2727 viciis
199 2695 369 2727 insectatus
381 2696 472 2726 esset.
491 2697 557 2726 Nec
571 2695 655 2726 enim
670 2695 703 2726 in
720 2695 863 2726 animum
879 2704 974 2726 suum
991 2695 1141 2727 inducere

97 2749 238 2788 poterat,
255 2749 291 2779 ut
315 2747 406 2778 nobis
419 2748 527 2787 postea
549 2747 680 2785 retulit,
697 2748 863 2779 enuntiata
884 2747 991 2787 fuisse,
1006 2756 1079 2787 quac
1106 2748 1139 2778 in

97 2799 244 2831 conv‘ivio
261 2799 292 2830 in
309 2798 436 2831 Serdica
452 2798 535 2829 dicta
550 2798 691 2838 fuerant,
706 2807 764 2830 nec
778 2799 1028 2838 conjurationem
1043 2799 1075 2830 in
1086 2799 1143 2830 At..

98 2853 187 2884 tilam
207 2851 364 2883 detectam
374 2874 382 2889 ,
397 2860 497 2891 quum
513 2859 607 2882 nemo
624 2860 660 2882 ex
675 2851 763 2882 omni
778 2851 984 2882 multitudine
997 2860 1070 2891 quae
1083 2852 1140 2883 At·

99 2905 188 2936 tilam
213 2902 457 2942 circumstabat,
474 2904 607 2942 excepto
622 2902 781 2940 Edecone,
802 2911 867 2943 prae
882 2904 984 2941 metu,
1006 2902 1061 2942 qui
1074 2911 1142 2934 om⁴

99 2957 188 2988 nium
206 2955 326 2987 mentes
341 2955 540 2995 pervaserat,
555 2963 630 2986 cum
655 2955 755 2989 Attila
778 2964 956 2987 sermonem
977 2955 1142 2988 instituere

99 3005 252 3047 auderet3
269 3006 449 3038 Edeconem
465 3006 572 3038 antem
587 3005 727 3038 studiose
744 3015 872 3046 operam
892 3007 1044 3038 daturum
1066 3016 1141 3039 cen-¹

100 3060 199 3098 seret,
210 3058 316 3090 omnia
328 3057 454 3089 silentio
467 3057 649 3096 transigere,
666 3059 736 3088 tum
751 3059 880 3097 propter
893 3057 1119 3097 Jusjurandum
1131 3082 1140 3098 ‚

100 3113 171 3142 tum
194 3111 323 3150 propter
349 3108 464 3148 negotii
480 3108 669 3147 gravitatem
691 3117 699 3138 :
724 3117 777 3146 ne,
795 3109 869 3148 quia
892 3109 1094 3141 clandestinis
1109 3109 1141 3141 in

102 3162 232 3194 Attilam
245 3160 382 3192 consiliis
399 3160 604 3196 interfuerat,
622 3168 694 3191 reus
710 3159 871 3199 judicatus
882 3184 890 3199 ‚
921 3170 1014 3200 poena
1030 3162 1143 3194 mortis

101 3214 292 3246 afficeretur.
310 3215 386 3244 Hoec
410 3221 510 3252 quum
527 3212 674 3251 ambigua
694 3214 802 3243 mente
822 3213 1037 3252 volveremus,
1064 3214 1141 3245 Ede·

102 3275 163 3297 con
173 3264 414 3305 supervenit,et
440 3263 579 3294 abducto
594 3272 613 3294 a
629 3264 738 3294 nostro
755 3265 839 3294 coetu
860 3263 957 3303 Bigila
981 3264 992 3303 (
1008 3265 1143 3305 tingebat

105 3317 188 3347 enim
205 3317 286 3348 velle
299 3324 372 3347 vere
393 3316 426 3347 et
444 3315 526 3347 serio
548 3315 587 3346 de
602 3315 827 3355 praemeditatis
856 3316 936 3347 inter
954 3325 1009 3348 eos
1024 3317 1143 3349 insidiis

104 3377 195 3409 agere
211 3370 220 3409 )
235 3392 244 3409 ‚
261 3368 314 3400 ubi
333 3375 451 3400 aurum>
465 3368 568 3400 afferri
586 3369 736 3408 praecepit
749 3393 758 3406 ‚
772 3368 857 3408 quod
871 3368 918 3401 liis
930 3369 1071 3408 daretur,
1087 3370 1142 3409 qui

1202 1972 1406 2012 exsequendo
1436 1972 1567 2004 facinori
1598 1980 1727 2013 operam
1755 1971 1906 2004 navaturi
1934 1972 2056 2010 essent,
2086 1971 2240 2004 discessit.

1199 2025 1265 2063 Ego
1303 2032 1380 2055 vero
1417 2032 1518 2064 quum
1553 2023 1687 2064 Bigilam
1722 2023 1879 2055 curiosius
1913 2023 2124 2064 inquirerem,
2159 2031 2242 2064 quos

1199 2083 1360 2106 sermones
1380 2083 1490 2106 secum
1508 2074 1638 2107 Edecon
1655 2074 1834 2114 habuisset,
1851 2074 1998 2115 decipere
2018 2075 2152 2107 conatus
2171 2077 2240 2112 est,

1198 2126 1350 2167 deceptus
1362 2128 1395 2158 et
1413 2127 1496 2167 ipse,
1517 2128 1550 2159 et
1575 2135 1685 2159 veram
1710 2135 1838 2159 causam
1854 2123 2020 2159 occultans
2042 2129 2243 2160 commentus

1200 2180 1247 2210 est
1278 2178 1336 2209 sibi
1364 2177 1543 2210 Edeconem
1570 2178 1704 2216 dixisse,
1724 2177 1856 2210 Attilam
1884 2177 1931 2210 illi
1956 2186 2085 2219 quoque
2114 2179 2243 2219 propter

1200 2229 1382 2269 transfugas
1403 2229 1629 2262 succensuisse.
1655 2230 1841 2270 oportuisse
1867 2228 1951 2260 enim
1974 2230 2031 2261 aut
2059 2237 2170 2261 omnes
2189 2238 2240 2262 re·v

1198 2282 1306 2321 stitui,
1333 2285 1390 2313 aut
1418 2282 1536 2320 legatos
1551 2291 1677 2314 summa
1703 2281 1894 2314 auctoritate
1909 2281 2060 2322 praeditos
2079 2281 2120 2314 ad
2149 2282 2241 2314 illum

1199 2333 1319 2365 venire.
1346 2335 1421 2364 Haec
1443 2333 1519 2364 dum
1547 2334 1769 2374 loquebamur,
1797 2332 1954 2365 advenere
1977 2332 2018 2364 ab
2043 2332 2160 2372 Attila,
2184 2333 2242 2374 qui

1203 2385 1333 2425 Bigilam
1350 2386 1382 2416 et
1408 2393 1466 2416 nos
1482 2384 1704 2425 prohiberent,
1721 2384 1882 2424 captivum
1898 2385 2078 2416 Romanum
2098 2385 2156 2416 aut
2170 2383 2242 2416 bar-

1201 2437 1315 2469 barum
1340 2437 1534 2477 mancipium
1551 2438 1607 2469 aut
1631 2445 1730 2478 equos
1754 2438 1811 2468 aut
1824 2437 1997 2477 quicquam
2021 2435 2108 2468 aliud
2123 2445 2240 2477 emere,

1200 2491 1410 2531 praeterquam
1421 2499 1493 2530 quae
1509 2490 1549 2521 ad
1564 2490 1687 2521 victum
1706 2489 1882 2522 necessaria
1897 2490 2002 2521 essent
2013 2513 2022 2528 ‚
2040 2488 2143 2520 donec
2158 2489 2242 2522 inter

1198 2545 1355 2575 Romanos
1365 2543 1397 2574 et
1408 2544 1540 2574 Hunnos
1553 2543 1594 2574 de
1610 2543 1704 2574 rebus
1716 2542 1927 2574 controversis
1942 2540 2150 2574 convenisset.
2165 2543 2243 2574 Haec

1199 2595 1312 2627 callide
1325 2596 1357 2627 et
1374 2595 1597 2636 praemeditato
1613 2595 1744 2626 consilio
1765 2594 1920 2626 barbarus
1934 2593 2091 2633 faciebat,
2105 2602 2170 2634 quo
2193 2594 2243 2626 sa-

1200 2646 1291 2679 cilius
1307 2646 1438 2686 Bigilam
1461 2646 1492 2676 in
1512 2646 1643 2677 consilio
1657 2647 1768 2677 contra
1787 2654 1820 2677 se
1841 2643 2044 2685 exsequendo
2061 2644 2239 2685 deprehen·

1200 2698 1308 2737 deret,
1334 2705 1436 2737 quum
1461 2697 1584 2728 nullam
1613 2697 1688 2728 satis
1717 2696 1862 2728 idoneam
1887 2704 2017 2728 causam
2045 2696 2243 2728 comminisci

1201 2751 1316 2791 posset,
1343 2758 1402 2781 cur
1432 2758 1549 2780 aurum
1579 2749 1720 2780 afferret.
1757 2750 1821 2780 Nos
1848 2757 1943 2789 porro
1968 2748 2124 2788 praetenta
2147 2756 2243 2780 causa

1200 2802 1362 2844 responsi,
1393 2801 1479 2842 quod
1500 2801 1540 2833 ad
1560 2801 1749 2841 legationem
1771 2800 1916 2833 editurus
1943 2801 2029 2840 erat,
2052 2799 2243 2840 Onegesium

1200 2854 1339 2895 opperiri
1366 2853 1486 2894 coegit,
1520 2853 1557 2884 ut
1582 2861 1732 2892 munera,
1748 2860 1822 2892 quae
1843 2851 1882 2882 ad
1899 2860 1974 2883 eum
1996 2851 2168 2891 imperator
2179 2851 2242 2883 mi-

1200 2907 1301 2946 serat,
1323 2907 1356 2937 et
1378 2905 1504 2937 tradere
1518 2904 1718 2943 volebamus,
1732 2903 1900 2943 acciperet.
1927 2901 2054 2934 Etenim
2068 2903 2138 2934 tum
2160 2902 2243 2935 sorte

1201 2957 1373 2998 Onegesius
1394 2965 1456 2988 una
1477 2965 1552 2987 cum
1570 2955 1692 2987 seniore
1704 2964 1745 2987 ex
1767 2954 1875 2986 Attilae
1895 2953 2004 2985 liberis
2027 2953 2067 2985 ad
2097 2954 2242 2986 Acatiros

1201 3010 1315 3040 missus
1330 3009 1443 3040 tuerat.
1490 3007 1547 3039 llla
1571 3015 1647 3047 gens
1662 3007 1710 3038 est
1729 3005 1893 3046 Scythica,
1909 3013 1983 3045 quae
2000 3004 2034 3036 in
2051 3005 2240 3045 potestatem

1201 3061 1308 3093 Attilae
1331 3061 1390 3092 bac
1402 3060 1442 3092 de
1453 3068 1546 3091 causa
1563 3059 1660 3091 venit.
1676 3061 1711 3092 ln
1721 3067 1791 3090 eam
1807 3058 1931 3098 gentem
1948 3057 2054 3098 plures
2063 3057 2241 3090 secundum

1202 3113 1335 3153 populos
1356 3113 1388 3144 et
1410 3112 1514 3143 tribus
1538 3111 1706 3151 imperium
1728 3109 1939 3147 exercebant,
1964 3117 2047 3148 quos
2066 3108 2240 3149 imperator

1201 3164 1407 3202 Theodosius,
1425 3163 1551 3195 firmata
1563 3163 1646 3194 inter
1654 3170 1710 3193 eos
1721 3160 1891 3192 concordia
1900 3184 1909 3198 ,
1920 3160 1960 3191 ab
1974 3159 2079 3191 Attilae
2090 3160 2242 3192 societate

1201 3216 1242 3247 ad
1255 3215 1420 3247 colendam
1433 3223 1507 3246 cum
1523 3214 1674 3246 Romanis
1687 3221 1796 3253 pacem
1812 3213 1844 3243 et
1856 3210 2040 3242 societatem
2053 3211 2242 3244 muneribus

1200 3267 1368 3299 traducere
1381 3268 1514 3298 conatus
1525 3267 1583 3298 est.
1602 3265 1665 3303 Qui
1678 3273 1715 3296 ea
1726 3270 1859 3295 munera
1874 3262 2025 3294 attulerat
2040 3269 2103 3292 non
2117 3269 2174 3301 pro
2185 3269 2239 3292 cn·

1199 3319 1314 3359 jusque
1331 3318 1431 3357 gentis
1443 3317 1523 3357 regis
1535 3316 1649 3348 merito
1661 3317 1693 3348 et
1707 3314 1807 3355 gradu
1825 3322 1863 3345 ea
1881 3313 2093 3344 distribuerat.
2110 3311 2238 3344 Curida-

1201 3370 1279 3401 clius
1292 3369 1374 3401 enim
1387 3368 1604 3402 secundoloco
1613 3367 1790 3408 acceperat,
1801 3366 1855 3406 qui
1869 3373 1976 3405 regum
1990 3364 2162 3405 antiquior,
2178 3363 2239 3404 pri-
