2372 3704
134 262 209 294 54«)

132 342 237 388 λησεν
265 341 409 394 [φωνῇ]
441 340 665 393 ἀνθρωπίνῃ,
683 339 719 378 ὃν
749 338 926 386 Σαὸάκων
956 341 974 376 6
1004 338 1179 378 Αἰθιόπων

135 400 296 452 βασιλεὺς
314 400 539 452 αἰχμάλωτον
559 399 692 447 λαόὼν,
708 402 818 444 ζῶντα
837 397 1052 437 κατέκαυσεν
1068 413 1076 421 ·
1097 399 1128 435 οἱ
1145 396 1181 435 δέ

77 463 79 466 ’
133 473 236 511 φασιν
253 461 299 502 ὡς
317 458 495 510 ἐξέδειρεν.

186 531 236 556 25.
269 517 438 560 Σέλευκός
454 533 504 560 τις
522 516 730 570 ψευδόμενος
751 518 789 553 ἐκ
806 514 923 566 γένους
937 509 1024 553 εἶναι
1043 517 1103 552 τοῦ
1121 529 1183 563 με·

133 574 242 626 γάλου
258 575 433 615 Σελεύκου
450 578 492 628 τῇ
512 575 700 627 βασιλίσσῃ
723 573 888 626 Βερενίκῃ
907 572 1182 611 συνεὸασίλευεν·

135 633 276 686 ὕστερον
299 632 335 671 δὲ
354 633 518 683 γνωσθεὶς
537 632 675 679 ἰδιώτης
694 626 798 679 εἶναι,
816 632 874 669 ὑπ’
895 633 1002 678 αὐτῆς
1017 630 1180 683 ἀνῃρέθη.

187 705 237 730 20.
264 691 348 729 Ἀπὸ
376 690 572 741 Αἰγιαλέως
602 691 772 742 βασιλέως
794 692 969 732 Σικυῶνος
998 689 1184 740 Αἰγιάλεια

137 752 158 796 ἡ
176 753 234 788 νῦν
254 749 551 797 Πελοπόννησοςη

190 821 242 848 27.
258 808 434 854 Λεωνίδης
449 808 548 856 μόνος
565 807 625 846 καὶ
638 810 774 860 πρῶτος
791 806 848 845 ἐπὶ
865 806 1039 859 τέσσαρας
1050 807 1184 856 Ὀλυμ-

138 868 266 911 πιάδας
286 867 473 920 στεφάνους
488 867 569 918 ἔσχε
590 865 736 904 δώδεκα.
755 866 880 905 Χιόνου
899 869 957 903 τοῦ
970 865 1134 908 Λάκωνος
1148 864 1186 902 τὸ

139 925 236 975 ἅλμα
252 928 365 964 ποδῶν
383 920 425 972 ἦν
439 925 506 965 v6'.
526 924 792 977 Πολυμνήστωρ
807 927 824 962 ὃ
837 924 1008 970 Μιλήσιος
1021 925 1060 962 ἐκ
1070 924 1186 961 ποδῶν

138 984 313 1022 κατέλαὸε
333 985 466 1034 λαγών.
496 984 565 1023 Καὶ
587 983 752 1027 Ἰουδαῖός
770 999 821 1027 τις
842 984 1030 1034 ἱστορεῖται
1054 984 1187 1034 ταχίων

140 1043 305 1095 δορκάδος
337 1043 507 1093 γενέσθαι.
545 1042 668 1081 Μίλων
704 1045 721 1079 6
753 1041 1000 1094 Κροτωνιάτης
1031 1041 1188 1087 ἐνίκησεν

142 1099 323 1150 Ὀλύμπια
345 1100 474 1146 ἑξάκις,
494 1099 640 1150 Ἴσθμια
660 1099 814 1146 δεκάκις,
835 1100 956 1149 Νέμεα
977 1099 1123 1143 ἐννάκις.

193 1172 242 1197 28.
265 1158 309 1197 Ὁ
323 1158 537 1211 Ὁλοφέρνης
553 1163 613 1196 τοῦ
631 1158 789 1211 δευτέρου
806 1158 1136 1211 Ναὸουχοδονόσορ,
1153 1158 1190 1197 ὃν

141 1214 315 1263 εΈλληνες
338 1217 537 1267 Καμὸύσην
555 1221 735 1268 καλοῦσιν,
754 1211 796 1263 ἦν
812 1216 1016 1269 στρατηγός.

650 1326 686 1348 2.

195 1395 325 1432 Codex
342 1397 457 1433 Paris.
478 1397 540 1431 ΝΟ.
566 1396 684 1441 1630,
707 1396 773 1431 fol.
800 1397 874 1439 234
901 1409 907 1431 :

199 1467 225 1491 ῐ.
256 1452 351 1491 Ἀπὸ
376 1456 451 1500 τῆς
480 1452 687 1496 ἐκθέσεως
715 1452 920 1492 Ἰωάννου
946 1452 1195 1505 Ἀντιοχέως

144 1514 218 1556 τῆς
245 1511 347 1563 περὶ
369 1511 532 1563 χρόνων
563 1511 634 1549 καὶ
662 1511 845 1556 κτίσεως
872 1512 1032 1560 κόσμου
1058 1527 1195 1558 πονη-

145 1569 310 1616 θείσης,
333 1568 382 1613 ὥς
400 1585 540 1622 φησιν,
558 1569 641 1608 ἀπὸ
659 1569 821 1621 βίὸλων
839 1570 1043 1618 Μωσέως,
1065 1571 1195 1623 Ἀφρι-

145 1628 548 1678 κανοῦ,Ἐῦσε6ίου,
571 1628 782 1667 Παππίου
806 1629 877 1667 καὶ
909 1628 1104 1679 Διδύμου
1125 1636 1196 1668 καὶ

146 1687 314 1739 ἑτέρων.

200 1759 230 1783 2.
265 1746 408 1797 Πρῶτος
427 1748 466 1784 ἐκ
488 1749 551 1797 γῆς
574 1746 752 1798 ἄνθρωπος
772 1746 938 1789 πλασθεὶς
959 1749 976 1783 6
997 1746 1108 1797 Ἀδὰμ
1128 1746 1196 1785 ἀπὸ

148 1806 224 1842 θεοῦ
242 1798 314 1855 εἶχε
335 1803 458 1856 μέτρον
474 1804 613 1850 ἡλικίας
632 1807 746 1843 ποδῶν
766 1805 799 1848 ς’
822 1805 911 1855 μετὰ
930 1809 992 1852 τῆς
1012 1807 1118 1843 αὐτοῦ
1138 1821 1195 1844 κε·

148 1863 278 1915 φαλῆς,
297 1864 343 1905 ὡς
365 1857 453 1900 εἶναι
473 1863 534 1908 τὴν
554 1865 658 1902 αὐτοῦ
676 1863 814 1909 ἡλικίαν
836 1865 1016 1901 δακτύλων
1035 1863 1099 1914 4ς’·
1117 1867 1140 1911 ἦ
1161 1864 1197 1902 δὲ

149 1919 306 1969 σπιθαμὴ
329 1920 432 1958 αὗτοῦ
458 1916 530 1972 εἶχε
557 1920 747 1964 δακτύλους
767 1921 827 1968 ις’,
854 1924 871 1959 6
891 1922 926 1959 δὲ
955 1925 1071 1973 πῆχυς
1093 1924 1198 1961 αὐτοῦ

149 1977 338 2021 δακτύλους
354 1978 422 2025 κδ’,
439 1981 457 2016 6
474 1979 510 2016 δὲ
526 1983 609 2021 ποῦς
628 1979 689 2022 ις’.
707 1978 839 2027 Ἔζησε
855 1980 890 2018 δὲ
909 1980 969 2027 ἔτη
991 1981 1079 2020 πλ’.
1099 1980 1145 2019 ‘H
1164 1982 1199 2019 δὲ

149 2035 271 2073 τούτου
287 2035 372 2085 γυνὴ
388 2036 524 2087 ἐλέγετο
542 2037 632 2085 Εὕα,
643 2037 702 2076 καὶ
721 2038 901 2089 ἐγέννησεν
914 2037 1004 2081 υἱοὺς
1017 2038 1074 2076 τὸν
1091 2039 1197 2083 Κάϊν,

136 2088 207 2125 τὸν
226 2086 333 2126 Ἄὸελ
345 2089 405 2126 καὶ
423 2090 480 2127 τὸν
495 2089 589 2138 Σὴθ,
605 2090 664 2128 καὶ
681 2091 870 2142 θυγατέρας
883 2090 945 2137 τὴν
963 2091 1125 2143 Ἀζουρὰν
1141 2092 1200 2130 καὶ

150 2145 213 2193 τὴν
233 2146 398 2198 Ἇσουοίμ.

932 252 1147 291 JOANNIS
1178 251 1494 291 ANTIOCHENI

2266 268 2290 303 k.

1296 352 1325 377 3.
1347 338 1391 377 ‘O
1407 338 1443 376 δὲ
1458 336 1567 389 Ἀδὰμ
1580 336 1687 389 [κατὰ
1702 336 1856 375 κέλευσιν
1873 337 1982 389 Θεοῦ]
1999 335 2118 383 ἔθηκεν
2135 335 2289 386 ὀνόματα

1243 403 1330 435 πᾶσι
1349 403 1418 440 τοῖς
1438 397 1661 449 τετραπόδοις
1680 396 1740 435 καὶ
1761 402 1929 440 πετεινοῖς
1949 396 2009 434 καὶ
2030 395 2211 447 ἀμφιὸίοις
2230 395 2292 434 καὶ

1245 458 1398 507 ἑρπετοῖς
1416 455 1475 493 καὶ
1500 457 1616 507 ἷχθῦσι
1645 454 1706 493 καὶ
1734 455 1803 498 τοῖς
1831 457 1952 493 ἑαυτοῦ
1972 454 2122 498 τέκνοις·
2152 454 2192 492 τὸ
2222 453 2291 506 γὰρ

1245 517 1368 552 ἑαυτοῦ
1397 513 1506 563 ὄνομα
1526 513 1586 551 καὶ
1607 514 1793 566 τῆς1αὐτοῦ
1813 513 1972 563 γυναικὸς
1995 512 2138 563 ἅγγελος
2163 513 2292 566 Κυρίου

1246 566 1339 610 εἶπεν
1354 573 1481 615 αὐτοῖς.
1521 572 1561 622 (4)
1577 570 1622 610 ‘O
1640 570 1674 609 δὲ
1693 572 1763 615 υἱὸς
1781 574 1887 610 αὐτοῦ
1903 571 1979 618 Σὴθ
1995 567 2067 623 εἶχε
2082 571 2204 624 σοφίαν
2223 571 2293 611 ἀπὸ

1246 635 1323 669 θεοῦ
1335 662 1345 682 ‚
1378 630 1438 669 καὶ
1466 629 1558 668 κατὰ
1592 630 1750 668 κέλευσιν
1782 634 1859 668 θεοῦ
1892 630 2013 677 ἔθηκεν
2042 631 2199 681 ὀνόματα
2225 635 2296 675 τοῖς

1247 690 1384 742 ἄστροις
1399 695 1487 726 πᾶσι
1506 688 1566 726 καὶ
1585 689 1654 732 τοῖς
1674 687 1777 727 πέντε
1796 689 1990 735 πλανήταις
2010 691 2056 732 εἷς
2072 689 2112 727 τὸ
2130 688 2295 740 γνωρίζε-

1247 751 1326 785 σθαι
1348 747 1413 785 ὑπὸ
1434 749 1503 784 τῶν
1526 746 1736 798 ἀνθρώπων·
1765 747 1826 785 καὶ
1855 747 1913 786 τὸν
1946 749 2083 799 πρῶτον
2113 747 2294 795 πλανήτην

1247 806 1392 844 ἐκοίλεσε
1425 805 1570 858 Κρόνον,
1598 805 1654 843 τὸν
1684 805 1760 858 [β’]
1794 808 1910 854 Ζῆνα,
1939 806 1997 844 τὸν
2025 806 2057 857 γ’
2088 805 2213 859 Ἄρεα,
2238 806 2308 850 τὸν,

1248 864 1275 902 δ’
1294 863 1510 916 Ἀφροδίτην,
1530 864 1588 902 τὸν
1606 863 1632 900 ε’
1647 862 1787 915 Ἑρμῆν
1800 880 1807 887 ·
1828 863 1905 908 τοὺς
1920 864 1956 902 δὲ
1971 862 2002 914 β’
2021 867 2206 916 φωστῆρας
2221 864 2297 908 τοὺς

1249 923 1418 972 μεγάλους
1439 922 1540 965 αὐτὸς
1553 924 1570 959 6
1589 921 1679 966 Θεὸς
1698 921 1876 962 ἐκάλεσεν.
1895 921 1940 961 Ὁ
1959 921 2060 966 αὐτὸς
2075 921 2111 960 δὲ
2129 923 2204 970 Σὴθ
2221 917 2298 975 εὗρε

1248 980 1308 1018 καὶ
1330 980 1373 1018 τὰ
1394 980 1421 1026 ζ’
1439 980 1621 1031 φωνήεντα
1641 982 1681 1018 ἐκ
1697 983 1766 1018 τῶν
1787 981 1813 1018 ε’
1832 980 1988 1033 ἀστέρων
2008 981 2067 1019 καὶ
2086 983 2154 1019 τῶν
2177 981 2208 1033 β’
2226 997 2298 1036 φω-

1250 1041 1400 1094 στήρων,
1421 1040 1481 1079 καὶ
1500 1039 1544 1078 τὰ
1566 1039 1743 1091 Ἓὸραϊκὰ
1762 1039 1973 1092 γράμματα.
2033 1041 2074 1091 (5)
2097 1038 2237 1080 Ἔλαὸε
2263 1040 2299 1080 δὲ

1251 1100 1325 1146 Σὴθ
1345 1105 1494 1149 γυναῖκα
1513 1098 1690 1150 Ἀζουρὰν,
1710 1098 1771 1137 καὶ
1791 1098 1926 1149 ἐγένετο
1940 1099 2053 1137 αὒτῶν
2069 1098 2170 1150 γενεὰ
2186 1099 2299 1146 πολλὴ

1252 1160 1285 1196 ἐν
1302 1162 1344 1210 τῇ
1365 1162 1410 1211 γῇ
1431 1159 1564 1210 ἀνδρῶν
1582 1174 1619 1196 τε
1636 1157 1695 1196 καὶ
1714 1159 1901 1207 γυναικῶν.
1961 1158 2003 1207 (o)
2023 1157 2084 1197 Ἐν
2097 1159 2168 1202 τοῖς
2183 1157 2301 1208 μέσοις

1251 1211 1309 1255 οῧν
1336 1219 1450 1255 αὐτῶν
1469 1216 1605 1269 χρόνοις
1627 1217 1792 1267 μετετέθη
1821 1215 1957 1268 Ἑνὼχ,
1985 1214 2133 1266 ἕὸδομος
2151 1216 2201 1255 ὢν
2230 1217 2300 1256 ἀπὸ

1252 1276 1378 1325 Ἀδάμ.
1406 1277 1448 1327 (7)
1466 1295 1482 1308 «ι
1497 1275 1642 1319 Ἰδόντες
1660 1275 1695 1314 δὲ
1712 1277 1743 1314 οἳ
1764 1275 1828 1313 υἱοὶ
1845 1278 1905 1313 τοῦ
1925 1277 2020 1314 Θεοῦ
2034 1274 2095 1318 τὰς
2112 1275 2303 1327 θυγατέρας

1255 1337 1322 1371 τῶν
1341 1333 1544 1387 ἀνθρώπων,
1563 1333 1615 1372 ὅτι
1635 1333 1742 1372 καλαί
1759 1335 1860 1382 εἰσιν,
1882 1332 2010 1371 ἔλαὸον
2030 1334 2164 1376 ἑαυτοῖς
2182 1338 2302 1384 γυναῖ-

1256 1409 1320 1436 κας
1336 1392 1406 1431 ἀπὸ
1423 1395 1557 1439 πασῶν,
1577 1387 1625 1431 ὧν
1645 1392 1861 1443 ἐξελέξαντο,
1883 1409 1898 1426 ν
1918 1391 1964 1436 ὥς
1983 1407 2069 1446 φησι
2087 1391 2224 1438 Μώσης
2246 1393 2304 1441 (I,

1255 1465 1292 1498 6,
1314 1453 1366 1501 2).
1398 1451 1471 1490 Καὶ
1505 1451 1692 1502 ἐγέννησαν
1726 1453 1860 1493 ἑαυτοῖς
1889 1449 1981 1493 υἱοὺς
2010 1451 2088 1493 τοὺς
2122 1450 2302 1501 γίγαντας.

1259 1510 1298 1563 (8)
1319 1509 1411 1556 Ἔτη
1433 1509 1495 1561 [δὲ
1515 1510 1585 1547 ἀπὸ
1602 1509 1714 1560 Ἀδὰμ
1731 1509 1794 1552 ἕως
1808 1513 1867 1547 τοῦ
1885 1511 2100 1558 ἐπιθυμῆσαι
2118 1508 2197 1552 τοὺς
2215 1507 2308 1552 υἱοὺς

1259 1572 1316 1606 τοῦ
1338 1571 1414 1606 θεοῦ
1435 1567 1496 1610 τὰς
1513 1568 1703 1620 θυγατέρας
1723 1570 1790 1605 τῶν
1812 1566 2002 1619 ἀνθρώπων
2017 1567 2051 1618 ],
2067 1567 2197 1620 Ιβρκβ’.

1310 1639 1340 1665 9.
1373 1626 1436 1666 Ἐν
1458 1627 1528 1670 τοῖς
1548 1627 1682 1679 χρόνοις
1703 1626 1835 1669 τούτοις
1855 1631 2005 1678 σφαῖραν
2026 1625 2132 1678 πυρὸς
2153 1625 2308 1678 ἔπεμψεν

1259 1687 1276 1723 6
1293 1685 1366 1728 θεὸς
1385 1687 1424 1723 ἐκ
1443 1689 1502 1724 τοῦ
1525 1687 1670 1738 οὐρανοῦ
1697 1685 1788 1723 κατὰ
1811 1686 1879 1722 τῶν
1900 1683 2007 1722 ὄντων
2032 1685 2066 1721 ἐν
2085 1686 2128 1734 τῇ
2153 1685 2308 1734 Κελτικῇ

1258 1743 1358 1796 χώρᾳ
1378 1743 1564 1794 γιγάντων,
1594 1743 1654 1781 καὶ
1677 1743 1824 1781 ἔκαυσεν
1851 1742 1959 1788 αὐτὴν
1979 1742 2038 1780 καὶ
2071 1741 2206 1786 αὐτούς.
2238 1741 2310 1781 Καὶ

1260 1804 1306 1846 εἷς
1326 1802 1383 1840 τὸν
1409 1801 1594 1852 Ἠριδανὸν
1621 1801 1778 1850 ποταμὸν
1799 1802 1976 1853 ἐνεχθεῖσα
1996 1804 2018 1847 ἡ
2048 1806 2178 1853 σφαῖρα
2207 1799 2311 1838 ἐσδέ-

1261 1862 1340 1905 σθη.
1366 1859 1423 1910 (10)
1448 1862 1562 1898 Τοῦτο
1581 1861 1757 1910 ἱστοροῦσι
1777 1859 1817 1897 τὸ
1839 1863 1908 1910 πῦρ
1928 1860 1988 1910 [οἱ
2003 1857 2223 1910 “Ἐλληνες],
2251 1858 2311 1896 καὶ

1260 1917 1399 1968 λέγουσι
1418 1918 1475 1955 τὸν
1498 1918 1569 1956 υἱὸν
1589 1922 1648 1955 τοῦ
1672 1918 1794 1957 Ἡλίου
1817 1911 1924 1964 εἶναι,
1943 1917 1979 1955 ὃν
2000 1917 2187 1956 Φαέθοντα
2202 1910 2312 1963 εἷπον,

1261 1976 1472 2015 πεπτωκότα
1490 1978 1529 2014 ἐκ
1547 1980 1608 2015 τοῦ
1627 1975 1782 2029 ἅρματος
1801 1978 1848 2019 εἷς
1860 1975 1923 2022 τὴν
1938 1978 2017 2025 γῆν.
2043 1976 2114 2015 Καὶ
2126 1978 2314 2023 ποιητικῶς

1263 2035 1325 2085 μὲν
1346 2035 1436 2073 οὕτω
1457 2034 1519 2082 τὴν
1541 2035 1697 2087 ἱστορίαν
1723 2034 1963 2088 συνεγράψατο
1982 2034 2156 2081 Ὀὃίδιος,
2185 2035 2314 2081 ἀληθέ-

1263 2109 1382 2145 στερον
1399 2094 1434 2132 δὲ
1453 2088 1548 2132 εἶπεν
1563 2097 1582 2132 6
1601 2092 1802 2148 Χαιρωνεὺς
1821 2093 2061 2145 Πλούταρχος.
2085 2094 2144 2144 (11)
2160 2092 2316 2136 Τούτους

1265 2152 1391 2196 ἰδόντες
1410 2155 1441 2190 οἱ
1461 2152 1756 2204 λοιποὶιγίγαντες
1779 2151 2156 2204 κεραυνοὸοληθέντας,
2176 2151 2316 2202 ἔμειναν

151 2257 265 2298 πίνῃ...
288 2259 429 2298 ἐξέδειρεν
443 2267 494 2299 ap.
515 2260 651 2300 Syncell.
672 2262 703 2292 et
722 2261 838 2292 Euseb.
859 2270 924 2292 non
941 2261 1100 2301 leguntur.
1116 2261 1188 2302 -ἓ
1206 2267 1256 2294 25.
1277 2262 1487 2303 Σέλευκος]
1507 2273 1550 2295 sc.
1567 2264 1728 2296 Seleucus
1747 2264 1972 2304 Cybiosactes.
1987 2265 2028 2295 V.
2047 2262 2163 2295 Strabo
2179 2271 2210 2304 p.
2229 2265 2314 2295 7965

152 2305 214 2336 Dio
231 2307 318 2337 cass.
335 2307 469 2337 XXXlX
481 2330 489 2344 ,
506 2310 555 2339 57.
571 2324 608 2329 —
624 2306 644 2347 ξ
658 2310 708 2339 27.
724 2308 926 2345 Λεωνίδης
942 2309 1007 2340 κτλ.
1022 2308 1034 2349 ]
1051 2309 1128 2341 Ead.
1144 2309 1260 2342 Euseb.
1277 2318 1308 2349 p.
1330 2314 1398 2342 155.
1414 2314 1454 2342 At
1469 2311 1553 2342 male
1566 2310 1694 2342 habent.
1713 2312 1794 2342 Nam
1814 2310 1967 2342 Leonides
1980 2309 2012 2341 in
2027 2311 2182 2351 quattuor
2201 2309 2316 2350 Olym-

157 2347 306 2392 piadibus
326 2351 335 2392 (
351 2353 507 2391 154-157)
529 2353 655 2384 nonnisi
674 2356 828 2394 quattuor
848 2363 983 2386 coronas
1002 2355 1098 2395 tulit3
1117 2356 1287 2388 duodecim
1302 2366 1378 2389 vero
1395 2358 1471 2389 tulit
1489 2367 1529 2390 ex
1543 2358 1592 2389 his
1607 2359 1639 2390 et
1657 2366 1695 2389 ex
1718 2357 1848 2397 reliquis
1870 2357 1936 2389 suis
1947 2357 2100 2388 victoriis.
2116 2358 2156 2388 V.
2173 2358 2310 2388 Pausan.

153 2400 215 2437 VI,
239 2399 295 2435 13,
309 2401 346 2475 33
368 2399 551 2431 Philostrat.
574 2400 698 2432 Heroic.
720 2411 748 2433 c.
774 2404 822 2433 19.
844 2419 885 2424 —
908 2402 1074 2443 Χιόνου]
1101 2405 1141 2434 V.
1165 2403 1279 2435 Euseb.
1302 2404 1428 2446 olymp.
1449 2408 1501 2437 29.
1527 2404 1620 2436 -ἐκ
1635 2406 1740 2436 ποδῶν
1750 2406 1760 2445 j
1781 2405 1919 2436 αἰπολῶ-ι
1948 2403 2063 2444 legitur
2082 2402 2168 2444 apud
2193 2402 2312 2435 Euseb.

155 2454 186 2485 p.
211 2446 269 2476 146
289 2453 307 2475 a
350 2446 479 2486 Olymp.
499 2449 550 2477 46.

198 2492 278 2526 Quae
295 2490 460 2531 hucusque
475 2491 515 2523 de
528 2492 638 2531 priscis
653 2494 839 2524 Graecorum
861 2494 1137 2535 barbarorumque
1156 2496 1353 2536 temporibus
1366 2497 1501 2536 legimus
1520 2498 1640 2537 optime
1654 2497 1851 2529 conveniunt
1867 2505 1941 2528 cum
1959 2496 2099 2528 melioris
2117 2496 2204 2527 notae
2221 2494 2318 2527 chro-

158 2536 238 2568 nicis
254 2537 411 2576 Africani,
431 2539 574 2578 Eusebii‚
593 2539 741 2579 syncelli.
757 2541 1002 2581 Exspectaveris
1019 2544 1244 2583 excerptorum
1261 2545 1396 2575 istorum
1413 2545 1526 2576 seriem
1544 2545 1655 2577 iisdem
1672 2545 1809 2576 ducibus
1822 2545 1890 2584 jam
1907 2544 1945 2575 ad
1963 2544 2134 2576 certiorem
2154 2542 2319 2574 historiam

158 2593 217 2615 nos
235 2583 447 2616 deducturam
466 2594 543 2617 esse.
566 2587 607 2617 At
627 2595 691 2617 non
711 2587 755 2618 ita
770 2596 804 2619 se
830 2597 879 2619 res
903 2588 1008 2620 habet.
1027 2590 1106 2619 Nam
1121 2598 1194 2628 quae
1208 2589 1356 2630 deinceps
1369 2591 1400 2621 in
1422 2588 1567 2624 'salmasii
1584 2592 1693 2624 codice
1718 2593 1869 2632 leguntur
1887 2591 1950 2632 (fr.
1971 2591 2009 2630 3)
2022 2615 2031 2630 ,
2050 2589 2157 2622 denuo
2182 2589 2319 2621 redeunt

158 2629 201 2661 ad
217 2630 470 2670 antiquissimam
491 2633 712 2672 Assyriorum,
733 2635 974 2674 AEgyptiorum,
995 2636 1185 2667 Graecorum
1205 2637 1393 2668 memoriam
1406 2662 1415 2677 ,
1439 2646 1575 2679 eamque
1595 2638 1707 2670 eodem
1728 2639 1822 2679 plane
1841 2637 1938 2669 modo
1957 2637 2139 2677 explicant,
2160 2643 2257 2676 quem
2276 2643 2319 2666 ex

158 2676 324 2708 deterioris
343 2678 452 2709 sarinae
473 2679 690 2719 chronologis,
712 2689 752 2711 ex
781 2681 916 2721 Malala,
937 2681 1100 2720 cedreno,
1122 2682 1299 2721 similibus,
1324 2683 1406 2716 bene
1424 2686 1586 2717 novimus.
1614 2686 1662 2718 Ad
1684 2686 1892 2726 posteriorem
1912 2685 1996 2716 hanc
2018 2683 2159 2723 antiqnae
2179 2682 2319 2714 historia&

160 2724 391 2763 expositionem
411 2725 586 2764 pertinent,
610 2735 684 2766 quac
703 2735 745 2758 ex
771 2728 895 2758 Joanne
914 2731 1065 2768 excerpta
1095 2728 1240 2767 praebent
1259 2729 1357 2762 Tituli
1377 2733 1543 2764 Constant.
1573 2735 1647 2774 Περὶ
1670 2734 1777 2773 ἀρετῆς
1804 2734 1835 2764 et
1861 2733 1934 2773 Περὶ
1961 2731 2152 2768 ἐπιδουλῶν,
2174 2738 2233 2761 nec
2251 2737 2317 2760 non

162 2770 263 2802 codex
280 2772 377 2803 Paris.
392 2776 482 2803 1630.
501 2775 581 2809 Quae
595 2781 697 2813 quum
712 2774 757 2805 ita
769 2774 845 2813 sint,
862 2774 947 2805 haud
961 2776 1083 2806 temere
1093 2776 1285 2808 contendere
1299 2777 1374 2809 mihi
1392 2779 1499 2811 videor
1513 2781 1671 2820 Excerpta
1688 2781 1747 2811 ista
1760 2779 1955 2810 salmasiana
1969 2787 2009 2809 ex
2022 2777 2150 2809 duobus
2163 2775 2321 2808 chronicis

161 2817 308 2858 fluxisse,
329 2827 506 2858 eorumque
524 2821 647 2859 partem
666 2820 822 2859 priorem,
843 2830 940 2861 quam
962 2821 1058 2852 modo
1077 2823 1229 2862 apposui,
1250 2825 1291 2855 ab
1309 2827 1433 2857 Joanne
1452 2828 1562 2858 nostro
1580 2828 1716 2859 alienam
1736 2835 1815 2858 esse.

204 2866 256 2896 Fr.
285 2870 314 2896 2.
338 2865 466 2897 Codicis
486 2866 581 2906 hujus
599 2867 777 2906 chartacei,
811 2868 919 2906 in-8⁰‚
939 2877 1013 2899 saec.
1041 2869 1132 2907 ΚΝ,
1154 2869 1284 2902 minutis
1303 2872 1402 2904 literis
1421 2873 1549 2913 scripti,
1579 2873 1725 2905 meminit
1749 2874 1782 2904 et
1804 2872 1958 2903 nonnulla
1977 2880 2015 2902 ex
2045 2878 2082 2901 eo
2107 2869 2321 2908 transscripsit

163 2912 334 2942 cramerus
354 2911 385 2942 in
405 2912 523 2943 Anecd.
545 2914 642 2944 Paris.
667 2916 714 2951 ll,
739 2923 771 2954 p.
801 2917 872 2946 379.
896 2916 1054 2955 Excerpta
1081 2915 1150 2946 haec
1169 2925 1209 2947 ex
1233 2918 1357 2950 Joannc
1376 2919 1479 2950 obiter
1497 2922 1625 2950 tantum
1653 2919 1824 2957 delibavit,
1854 2917 1940 2958 quod
1962 2926 1999 2948 ea
2022 2916 2153 2948 Joannis
2173 2915 2318 2955 Malalae,

162 2968 260 2998 quem
278 2959 450 2999 habemus,
467 2969 531 2991 non
554 2970 629 2992 vero
649 2962 748 2993 nostri
767 2963 900 2994 Joannis
927 2972 995 2995 esse
1016 2964 1159 3004 putabat.
1178 2965 1238 2997 Sed
1258 2965 1368 2997 fefellit
1387 2967 1494 2996 virum
1517 2965 1644 2997 doctiss.
1672 2965 1791 3004 opinio.
1812 2966 1892 2995 Sane
1920 2962 2049 3003 quidem
2070 2961 2188 2993 Matala
2208 2961 2320 2994 eodem

164 3007 229 3038 fere
248 3006 362 3045 modo,
382 3007 556 3048 iisdemque
575 3018 659 3048 saepe
679 3010 783 3042 verbis
804 3019 853 3042 res
872 3012 1020 3051 exponit,
1042 3011 1138 3052 idque
1158 3012 1257 3052 magis
1273 3012 1370 3044 etiam
1390 3014 1576 3052 appareret,
1597 3013 1622 3044 si
1642 3021 1700 3052 pro
1720 3012 1852 3043 minutis
1871 3010 2029 3050 excerptis
2048 3008 2151 3040 codex
2167 3009 2322 3049 integram

163 3053 304 3085 auctoris
327 3054 374 3085 sui
398 3055 611 3086 narrationem
625 3056 809 3096 exhiheret;
834 3067 946 3089 verum
967 3058 1028 3090 hoc
1048 3059 1126 3090 nihil
1141 3059 1271 3100 probat;
1287 3067 1360 3090 nam
1376 3059 1456 3090 alter
1482 3059 1579 3098 huJus
1603 3058 1727 3098 generis
1742 3058 1877 3098 scriptor
1890 3056 2020 3088 alterius
2033 3056 2113 3087 solet
2128 3063 2196 3087 esse
2211 3054 2321 3093 simia;

165 3110 260 3142 porro
280 3101 515 3133 Antiochenam
532 3103 683 3134 seriorem
700 3113 740 3135 ex
766 3106 889 3136 seniore
905 3114 962 3137 sua
989 3106 1130 3138 hausisse
1152 3115 1208 3146 per
1224 3114 1257 3137 se
1272 3104 1436 3146 probabile
1451 3105 1515 3144 est;
1536 3104 1674 3145 deniqne
1695 3104 1813 3135 codicis
1831 3103 1916 3135 illius
1935 3104 2092 3143 Excerpta
2108 3101 2149 3133 ad
2169 3103 2321 3134 Nostrum

165 3149 331 3181 reserenda
349 3158 416 3180 esse
444 3149 517 3180 inde
542 3151 713 3190 colligitur,
728 3152 814 3192 qnod
833 3153 999 3193 complura
1014 3153 1051 3185 iis
1066 3154 1194 3193 insunt,
1214 3162 1287 3193 qum
1308 3153 1340 3184 in
1358 3151 1451 3184 editis
1474 3152 1606 3183 Joannis
1623 3151 1748 3183 Malalae
1764 3150 1931 3183 Chronicis
1946 3158 2010 3181 non
2027 3150 2195 3189 leguntur;
2209 3149 2267 3188 sic,
2288 3151 2324 3180 ut

165 3204 266 3227 unum
284 3196 415 3226 afferam
428 3219 436 3234 ,
461 3196 577 3226 frustra
591 3198 621 3227 in
642 3197 679 3228 iis
693 3199 809 3237 quaeris
824 3200 1040 3231 narrationem
1057 3200 1096 3232 de
1111 3202 1248 3232 Hercule
1260 3224 1268 3239 ,
1283 3208 1380 3240 quam
1395 3198 1508 3230 iisdem
1530 3198 1636 3230 verbis
1651 3197 1804 3229 exhibent
1820 3197 1971 3236 excerpta
1985 3195 2094 3227 const.
2113 3194 2188 3234 Περὶ
2203 3193 2322 3235 ἀρετῆς.

166 3242 233 3283 —§
245 3246 270 3274 t.
291 3243 318 3274 n
328 3253 348 3273 α
359 3242 499 3283 ππίου]
516 3242 602 3274 Idem
617 3244 703 3275 haud
716 3245 811 3278 dubie
823 3249 870 3278 est
885 3249 1016 3287 Papias
1026 3248 1089 3286 (vel
1100 3248 1266 3288 Pappias)
1281 3256 1321 3279 ex
1332 3255 1396 3287 quo
1410 3247 1502 3286 plura
1515 3245 1633 3276 habent
1647 3244 1804 3284 Anonymi
1819 3242 2007 3284 Παρατάξεις
2021 3241 2168 3281 σύντομοι
2183 3240 2324 3281 χρονικαὶ

168 3287 208 3320 ad
228 3288 349 3320 calcem
364 3289 489 3329 Georgii
503 3289 617 3321 codini
633 3292 679 3322 De
698 3292 820 3332 antiqq.
843 3294 952 3325 const.
972 3303 1001 3334 p.
1022 3297 1078 3326 175
1098 3302 1167 3334 sqq.
1190 3295 1240 3326 ed.
1262 3298 1358 3325 Bonn.
1378 3295 1468 3325 1843.
1488 3291 1678 3332 Didymum
1697 3291 1728 3324 in
1743 3291 1957 3331 explicatione
1976 3289 2159 3320 tabularum
2183 3287 2224 3319 (le
2239 3288 2324 3318 Tan-

167 3336 251 3375 talo,
267 3335 403 3367 Hercule
419 3337 451 3367 et
465 3338 606 3375 Antoeo,
625 3338 797 3378 Diomede,
812 3340 921 3371 laudat
944 3342 1084 3372 Joannes
1105 3342 1219 3373 Malaln
1241 3351 1276 3382 p.
1295 3345 1329 3374 81
1349 3347 1375 3372 8.
1389 3365 1398 3380 ‚
1419 3344 1478 3379 86,
1502 3342 1553 3371 17.
1581 3343 1657 3378 166,
1678 3343 1716 3370 22
1738 3340 1840 3370 Bonn.
1855 3354 1896 3361 —
1914 3335 1934 3376 ξ
1948 3340 1976 3367 3.
2003 3336 2100 3367 κατὰ
2119 3333 2325 3375 κέλευσιν]

169 3393 187 3414 e
206 3383 320 3415 Malala
335 3392 368 3423 p.
389 3388 447 3415 232
461 3408 470 3422 ‚
488 3388 505 3415 3
521 3384 553 3415 in
567 3384 684 3416 Anecd.
706 3387 866 3426 Crameri,
894 3387 949 3427 qui
965 3388 1087 3428 primus
1106 3389 1232 3420 initium
1252 3389 1485 3422 Chronicorum
1501 3387 1626 3419 Malalae
1642 3396 1683 3418 ex
1702 3386 1774 3417 cod.
1798 3385 1895 3417 Paris.
1920 3388 1996 3416 1336
2010 3383 2119 3415 edidit.
2142 3399 2181 3404 —
2197 3380 2215 3422 §
2229 3385 2257 3413 8.
2275 3383 2324 3413 ln-

171 3430 260 3461 clusa
278 3439 295 3462 e
318 3430 431 3462 Malaia
450 3439 481 3470 p.
500 3435 578 3470 232,
601 3436 639 3463 26
659 3433 812 3473 supplevi.
834 3451 873 3456 --
893 3434 1116 3477 Ἠριδανὸν]
1137 3437 1292 3478 Ἰορδάνην
1311 3435 1413 3467 codex
1427 3459 1436 3474 ,
1458 3435 1616 3475 Κρηδανὸν
1641 3434 1715 3466 Mal.
1741 3434 1832 3470 cod.;
1858 3442 1920 3463 em.
1946 3433 2087 3463 Cramer.
2113 3449 2154 3456 —
2175 3428 2194 3469 §
2218 3433 2264 3460 lo.
2287 3429 2322 3459 οἶ

170 3476 294 3518 ”Ε).λ.]
317 3476 388 3508 add.
406 3486 423 3508 e
440 3478 563 3509 Malala.
583 3479 663 3515 Qum
682 3479 757 3510 mox
776 3481 918 3520 seqnitur
937 3482 1063 3522 Ovidii,
1087 3484 1228 3515 Pisandri
1248 3485 1304 3524 (l'r.
1326 3486 1361 3515 24
1383 3482 1432 3514 ed.
1458 3482 1597 3514 Dubner.
1612 3483 1643 3522 )‚
1663 3483 1693 3512 ct
1712 3481 1809 3513 Servii
1832 3479 1949 3511 mentio
1974 3478 2057 3519 apud
2074 3477 2222 3510 Malalam
2239 3475 2325 3507 nulla
