<?xml version="1.0" encoding="UTF-8"?>
<!DOCTYPE html PUBLIC "-//W3C//DTD XHTML 1.0 Transitional//EN"
    "http://www.w3.org/TR/xhtml1/DTD/xhtml1-transitional.dtd">
<html xmlns="http://www.w3.org/1999/xhtml" xml:lang="en" lang="en">
 <head>
  <title>
</title>
<meta http-equiv="Content-Type" content="text/html;charset=utf-8" />
  <meta name='ocr-system' content='tesseract 3.04.00' />
  <meta name='ocr-capabilities' content='ocr_page ocr_carea ocr_par ocr_line ocrx_word'/>
</head>
<body>
  <div class='ocr_page' id='page_1' title='image "./fragmentahistori04mueluoft/fragmentahistori04mueluoft_0615.png"; bbox 0 0 2372 3704; ppageno 0'>
   <div class='ocr_carea' id='block_1_1' title="bbox 1043 249 1370 290">
    <p class='ocr_par' dir='ltr' id='par_1_1' title="bbox 1043 249 1370 290">
     <span class='ocr_line' id='line_1_1' title="bbox 1043 249 1370 290; baseline 0.006 -2"><span class='ocrx_word' id='word_1_1' title='bbox 1043 249 1370 290; x_wconf 84' lang='lat' dir='ltr'><strong>FRAGMENTA.</strong></span> 
     </span>
    </p>
   </div>
   <div class='ocr_carea' id='block_1_2' title="bbox 127 333 1175 1205">
    <p class='ocr_par' dir='ltr' id='par_1_2' title="bbox 127 333 1175 1205">
     <span class='ocr_line' id='line_1_2' title="bbox 128 333 1169 387; baseline 0.002 -14"><span class='ocrx_word' id='word_1_2' title='bbox 128 335 308 375; x_wconf 87' lang='grc' dir='ltr'>σταντίνου</span> <span class='ocrx_word' id='word_1_3' title='bbox 321 365 332 383; x_wconf 91' lang='grc'>,</span> <span class='ocrx_word' id='word_1_4' title='bbox 363 335 531 382; x_wconf 75' lang='grc' dir='ltr'>κηδεστοῦ</span> <span class='ocrx_word' id='word_1_5' title='bbox 566 334 680 382; x_wconf 81' lang='grc' dir='ltr'>ὄντος,</span> <span class='ocrx_word' id='word_1_6' title='bbox 715 333 920 378; x_wconf 80' lang='grc' dir='ltr'>ἀνυπόπτως</span> <span class='ocrx_word' id='word_1_7' title='bbox 948 336 1169 387; x_wconf 78' lang='grc' dir='ltr'>ὑποδεχθείη.</span> 
     </span>
     <span class='ocr_line' id='line_1_3' title="bbox 128 392 1170 446; baseline -0.002 -13"><span class='ocrx_word' id='word_1_8' title='bbox 128 393 278 445; x_wconf 82' lang='grc' dir='ltr'>Γνώμην</span> <span class='ocrx_word' id='word_1_9' title='bbox 298 393 334 433; x_wconf 79' lang='grc' dir='ltr'>δὲ</span> <span class='ocrx_word' id='word_1_10' title='bbox 356 395 502 433; x_wconf 83' lang='grc' dir='ltr'>ἐποιεῖτο</span> <span class='ocrx_word' id='word_1_11' title='bbox 517 397 639 446; x_wconf 78' lang='grc' dir='ltr'>καιροῦ</span> <span class='ocrx_word' id='word_1_12' title='bbox 655 392 740 446; x_wconf 82' lang='grc' dir='ltr'>πρὸς</span> <span class='ocrx_word' id='word_1_13' title='bbox 760 392 946 439; x_wconf 67' lang='grc' dir='ltr'>ἐπιδουλῆν</span> <span class='ocrx_word' id='word_1_14' title='bbox 963 393 1170 446; x_wconf 84' lang='grc' dir='ltr'>ἀφικόμενος</span> 
     </span>
     <span class='ocr_line' id='line_1_4' title="bbox 127 450 1171 498; baseline -0.001 -8"><span class='ocrx_word' id='word_1_15' title='bbox 127 456 188 490; x_wconf 89' lang='grc' dir='ltr'>τοῦ</span> <span class='ocrx_word' id='word_1_16' title='bbox 208 458 434 492; x_wconf 84' lang='grc' dir='ltr'>κατακτεῖναι</span> <span class='ocrx_word' id='word_1_17' title='bbox 452 452 510 491; x_wconf 85' lang='grc' dir='ltr'>τὸν</span> <span class='ocrx_word' id='word_1_18' title='bbox 529 451 807 492; x_wconf 85' lang='grc' dir='ltr'>Κωνσταντῖνον.</span> <span class='ocrx_word' id='word_1_19' title='bbox 839 450 962 498; x_wconf 83' lang='grc' dir='ltr'>Πολλὴ</span> <span class='ocrx_word' id='word_1_20' title='bbox 983 451 1020 489; x_wconf 89' lang='grc' dir='ltr'>δέ</span> <span class='ocrx_word' id='word_1_21' title='bbox 1038 466 1089 495; x_wconf 90' lang='grc' dir='ltr'>τις</span> <span class='ocrx_word' id='word_1_22' title='bbox 1105 467 1171 489; x_wconf 87' lang='grc' dir='ltr'>κα-</span> 
     </span>
     <span class='ocr_line' id='line_1_5' title="bbox 128 508 1173 563; baseline -0.001 -15"><span class='ocrx_word' id='word_1_23' title='bbox 128 517 243 563; x_wconf 85' lang='grc' dir='ltr'>τεῖχεν</span> <span class='ocrx_word' id='word_1_24' title='bbox 272 510 386 550; x_wconf 89' lang='grc' dir='ltr'>εὔνοια</span> <span class='ocrx_word' id='word_1_25' title='bbox 402 509 481 555; x_wconf 79' lang='grc' dir='ltr'>τοὺς</span> <span class='ocrx_word' id='word_1_26' title='bbox 501 510 719 563; x_wconf 89' lang='grc' dir='ltr'>στρατιώτας</span> <span class='ocrx_word' id='word_1_27' title='bbox 740 511 787 554; x_wconf 82' lang='grc' dir='ltr'>εἷς</span> <span class='ocrx_word' id='word_1_28' title='bbox 809 508 868 548; x_wconf 84' lang='grc' dir='ltr'>τὸν</span> <span class='ocrx_word' id='word_1_29' title='bbox 893 510 1173 558; x_wconf 87' lang='grc' dir='ltr'>Κωνσταντῒνον,</span> 
     </span>
     <span class='ocr_line' id='line_1_6' title="bbox 129 567 1174 621; baseline -0.002 -13"><span class='ocrx_word' id='word_1_30' title='bbox 129 569 186 608; x_wconf 80' lang='grc' dir='ltr'>διά</span> <span class='ocrx_word' id='word_1_31' title='bbox 213 585 251 608; x_wconf 88' lang='grc' dir='ltr'>τε</span> <span class='ocrx_word' id='word_1_32' title='bbox 272 569 317 608; x_wconf 81' lang='grc' dir='ltr'>τὰ</span> <span class='ocrx_word' id='word_1_33' title='bbox 338 569 429 608; x_wconf 82' lang='grc' dir='ltr'>ἄλλα</span> <span class='ocrx_word' id='word_1_34' title='bbox 451 569 511 608; x_wconf 88' lang='grc' dir='ltr'>καὶ</span> <span class='ocrx_word' id='word_1_35' title='bbox 529 567 591 616; x_wconf 84' lang='grc' dir='ltr'>τὴν</span> <span class='ocrx_word' id='word_1_36' title='bbox 612 570 646 607; x_wconf 83' lang='grc' dir='ltr'>ἐν</span> <span class='ocrx_word' id='word_1_37' title='bbox 663 567 829 618; x_wconf 84' lang='grc' dir='ltr'>πολέμοις</span> <span class='ocrx_word' id='word_1_38' title='bbox 848 567 1023 619; x_wconf 80' lang='grc' dir='ltr'>εὐτυχίαν.</span> <span class='ocrx_word' id='word_1_39' title='bbox 1046 570 1174 621; x_wconf 84' lang='grc' dir='ltr'>Φραγ-</span> 
     </span>
     <span class='ocr_line' id='line_1_7' title="bbox 127 625 1173 682; baseline -0.004 -15"><span class='ocrx_word' id='word_1_40' title='bbox 127 627 208 672; x_wconf 79' lang='grc' dir='ltr'>κοὺς</span> <span class='ocrx_word' id='word_1_41' title='bbox 225 628 293 682; x_wconf 82' lang='grc' dir='ltr'>γάρ</span> <span class='ocrx_word' id='word_1_42' title='bbox 311 643 348 667; x_wconf 88' lang='grc' dir='ltr'>τε</span> <span class='ocrx_word' id='word_1_43' title='bbox 362 627 423 666; x_wconf 81' lang='grc' dir='ltr'>καὶ</span> <span class='ocrx_word' id='word_1_44' title='bbox 442 627 658 678; x_wconf 79' lang='grc' dir='ltr'>Ἀλαμανοὺς</span> <span class='ocrx_word' id='word_1_45' title='bbox 671 657 682 678; x_wconf 86' lang='grc'>,</span> <span class='ocrx_word' id='word_1_46' title='bbox 709 625 740 665; x_wconf 84' lang='grc' dir='ltr'>οἳ</span> <span class='ocrx_word' id='word_1_47' title='bbox 768 628 908 666; x_wconf 86' lang='grc' dir='ltr'>Κελτῶν</span> <span class='ocrx_word' id='word_1_48' title='bbox 930 625 995 669; x_wconf 80' lang='grc' dir='ltr'>εἰσὶ</span> <span class='ocrx_word' id='word_1_49' title='bbox 1021 625 1173 664; x_wconf 80' lang='grc' dir='ltr'>δυνατώ·</span> 
     </span>
     <span class='ocr_line' id='line_1_8' title="bbox 127 684 1174 741; baseline -0.003 -15"><span class='ocrx_word' id='word_1_50' title='bbox 127 702 218 739; x_wconf 86' lang='grc' dir='ltr'>τεροι</span> <span class='ocrx_word' id='word_1_51' title='bbox 229 717 240 738; x_wconf 85' lang='grc'>,</span> <span class='ocrx_word' id='word_1_52' title='bbox 257 692 475 741; x_wconf 75' lang='grc' dir='ltr'>πανστρατιᾷ</span> <span class='ocrx_word' id='word_1_53' title='bbox 491 686 704 739; x_wconf 83' lang='grc' dir='ltr'>διαφθείρας,</span> <span class='ocrx_word' id='word_1_54' title='bbox 726 686 786 724; x_wconf 80' lang='grc' dir='ltr'>καὶ</span> <span class='ocrx_word' id='word_1_55' title='bbox 804 684 882 730; x_wconf 78' lang='grc' dir='ltr'>τοὺς</span> <span class='ocrx_word' id='word_1_56' title='bbox 901 684 1074 736; x_wconf 81' lang='grc' dir='ltr'>ἡγεμόνας</span> <span class='ocrx_word' id='word_1_57' title='bbox 1091 684 1174 724; x_wconf 87' lang='grc' dir='ltr'>τού-</span> 
     </span>
     <span class='ocr_line' id='line_1_9' title="bbox 127 742 1174 799; baseline -0.002 -15"><span class='ocrx_word' id='word_1_58' title='bbox 127 761 196 784; x_wconf 88' lang='grc' dir='ltr'>των</span> <span class='ocrx_word' id='word_1_59' title='bbox 207 745 306 795; x_wconf 84' lang='grc' dir='ltr'>ἑλὼν,</span> <span class='ocrx_word' id='word_1_60' title='bbox 316 747 351 784; x_wconf 91' lang='grc' dir='ltr'>ἐν</span> <span class='ocrx_word' id='word_1_61' title='bbox 364 748 407 799; x_wconf 86' lang='grc' dir='ltr'>τῇ</span> <span class='ocrx_word' id='word_1_62' title='bbox 423 748 491 784; x_wconf 88' lang='grc' dir='ltr'>τῶν</span> <span class='ocrx_word' id='word_1_63' title='bbox 503 744 678 784; x_wconf 83' lang='grc' dir='ltr'>ἐπινικίων</span> <span class='ocrx_word' id='word_1_64' title='bbox 692 742 884 795; x_wconf 81' lang='grc' dir='ltr'>πανηγύρει</span> <span class='ocrx_word' id='word_1_65' title='bbox 901 742 1174 794; x_wconf 84' lang='grc' dir='ltr'>διαγωνίσασθαι</span> 
     </span>
     <span class='ocr_line' id='line_1_10' title="bbox 127 796 1173 856; baseline -0.003 -14"><span class='ocrx_word' id='word_1_66' title='bbox 127 803 214 856; x_wconf 84' lang='grc' dir='ltr'>πρὸς</span> <span class='ocrx_word' id='word_1_67' title='bbox 243 803 344 856; x_wconf 86' lang='grc' dir='ltr'>θηρία</span> <span class='ocrx_word' id='word_1_68' title='bbox 370 802 646 856; x_wconf 84' lang='grc' dir='ltr'>παρεσκεύασεν.</span> <span class='ocrx_word' id='word_1_69' title='bbox 675 802 908 854; x_wconf 85' lang='grc' dir='ltr'>Ἀνοιχθείσης</span> <span class='ocrx_word' id='word_1_70' title='bbox 926 796 985 840; x_wconf 76' lang='grc' dir='ltr'>οῧν</span> <span class='ocrx_word' id='word_1_71' title='bbox 1005 804 1068 848; x_wconf 85' lang='grc' dir='ltr'>τ’ἧς</span> <span class='ocrx_word' id='word_1_72' title='bbox 1093 803 1173 839; x_wconf 89' lang='grc' dir='ltr'>ἐπι-</span> 
     </span>
     <span class='ocr_line' id='line_1_11' title="bbox 130 858 1175 911; baseline -0.004 -11"><span class='ocrx_word' id='word_1_73' title='bbox 130 860 257 907; x_wconf 75' lang='grc' dir='ltr'>ὅουλῆς</span> <span class='ocrx_word' id='word_1_74' title='bbox 287 860 344 900; x_wconf 79' lang='grc' dir='ltr'>διὰ</span> <span class='ocrx_word' id='word_1_75' title='bbox 372 860 543 907; x_wconf 87' lang='grc' dir='ltr'>Φαύστης</span> <span class='ocrx_word' id='word_1_76' title='bbox 572 863 634 907; x_wconf 77' lang='grc' dir='ltr'>τῆς</span> <span class='ocrx_word' id='word_1_77' title='bbox 661 864 721 898; x_wconf 89' lang='grc' dir='ltr'>τοῦ</span> <span class='ocrx_word' id='word_1_78' title='bbox 751 860 974 910; x_wconf 82' lang='grc' dir='ltr'>Μαξιμιανοῦ</span> <span class='ocrx_word' id='word_1_79' title='bbox 1010 858 1175 911; x_wconf 86' lang='grc' dir='ltr'>θυγατρός</span> 
     </span>
     <span class='ocr_line' id='line_1_12' title="bbox 131 917 1175 972; baseline -0.003 -15"><span class='ocrx_word' id='word_1_80' title='bbox 131 918 248 970; x_wconf 82' lang='grc' dir='ltr'>(αὐτὴ</span> <span class='ocrx_word' id='word_1_81' title='bbox 273 919 341 972; x_wconf 81' lang='grc' dir='ltr'>γὰρ</span> <span class='ocrx_word' id='word_1_82' title='bbox 372 922 582 958; x_wconf 81' lang='grc' dir='ltr'>συνοικοῦσα</span> <span class='ocrx_word' id='word_1_83' title='bbox 604 921 654 972; x_wconf 85' lang='grc' dir='ltr'>τῷ</span> <span class='ocrx_word' id='word_1_84' title='bbox 678 917 936 970; x_wconf 86' lang='grc' dir='ltr'>Κωνσταντίνῳ</span> <span class='ocrx_word' id='word_1_85' title='bbox 955 917 1175 968; x_wconf 82' lang='grc' dir='ltr'>κατεμήνυσε</span> 
     </span>
     <span class='ocr_line' id='line_1_13' title="bbox 127 975 1172 1030; baseline -0.003 -14"><span class='ocrx_word' id='word_1_86' title='bbox 127 976 186 1016; x_wconf 78' lang='grc' dir='ltr'>τὸν</span> <span class='ocrx_word' id='word_1_87' title='bbox 198 981 260 1015; x_wconf 86' lang='grc' dir='ltr'>τοῦ</span> <span class='ocrx_word' id='word_1_88' title='bbox 280 977 410 1030; x_wconf 82' lang='grc' dir='ltr'>πατρὸς</span> <span class='ocrx_word' id='word_1_89' title='bbox 431 977 528 1016; x_wconf 90' lang='grc' dir='ltr'>δόλον</span> <span class='ocrx_word' id='word_1_90' title='bbox 545 978 557 1027; x_wconf 92' lang='grc'>)</span> <span class='ocrx_word' id='word_1_91' title='bbox 574 1007 585 1026; x_wconf 85' lang='grc'>,</span> <span class='ocrx_word' id='word_1_92' title='bbox 607 976 725 1029; x_wconf 81' lang='grc' dir='ltr'>φεύγει</span> <span class='ocrx_word' id='word_1_93' title='bbox 747 975 810 1026; x_wconf 84' lang='grc' dir='ltr'>μὲν</span> <span class='ocrx_word' id='word_1_94' title='bbox 828 978 846 1014; x_wconf 82' lang='grc' dir='ltr'>ὁ</span> <span class='ocrx_word' id='word_1_95' title='bbox 863 975 1088 1028; x_wconf 73' lang='grc' dir='ltr'>Ἐρκούλιος,</span> <span class='ocrx_word' id='word_1_96' title='bbox 1110 991 1172 1014; x_wconf 88' lang='grc' dir='ltr'>κα-</span> 
     </span>
     <span class='ocr_line' id='line_1_14' title="bbox 127 1033 1174 1087; baseline -0.001 -14"><span class='ocrx_word' id='word_1_97' title='bbox 127 1034 313 1087; x_wconf 87' lang='grc' dir='ltr'>ταληφθεὶς</span> <span class='ocrx_word' id='word_1_98' title='bbox 325 1034 360 1073; x_wconf 84' lang='grc' dir='ltr'>δὲ</span> <span class='ocrx_word' id='word_1_99' title='bbox 376 1035 455 1087; x_wconf 79' lang='grc' dir='ltr'>περὶ</span> <span class='ocrx_word' id='word_1_100' title='bbox 469 1035 699 1082; x_wconf 86' lang='grc' dir='ltr'>Μασσαλίαν,</span> <span class='ocrx_word' id='word_1_101' title='bbox 715 1037 761 1078; x_wconf 83' lang='grc' dir='ltr'>ὡς</span> <span class='ocrx_word' id='word_1_102' title='bbox 774 1033 858 1087; x_wconf 85' lang='grc' dir='ltr'>πρὸς</span> <span class='ocrx_word' id='word_1_103' title='bbox 873 1033 931 1071; x_wconf 88' lang='grc' dir='ltr'>τὸν</span> <span class='ocrx_word' id='word_1_104' title='bbox 946 1036 1055 1071; x_wconf 86' lang='grc' dir='ltr'>παῖδα</span> <span class='ocrx_word' id='word_1_105' title='bbox 1069 1034 1174 1072; x_wconf 81' lang='grc' dir='ltr'>πάλιν</span> 
     </span>
     <span class='ocr_line' id='line_1_15' title="bbox 129 1090 1175 1145; baseline 0.001 -14"><span class='ocrx_word' id='word_1_106' title='bbox 129 1093 291 1144; x_wconf 84' lang='grc' dir='ltr'>ἀπαίρειν</span> <span class='ocrx_word' id='word_1_107' title='bbox 320 1094 368 1136; x_wconf 86' lang='grc' dir='ltr'>εἷς</span> <span class='ocrx_word' id='word_1_108' title='bbox 397 1092 551 1132; x_wconf 86' lang='grc' dir='ltr'>Ἰταλίαν</span> <span class='ocrx_word' id='word_1_109' title='bbox 577 1091 782 1143; x_wconf 85' lang='grc' dir='ltr'>διεγνώκει,</span> <span class='ocrx_word' id='word_1_110' title='bbox 809 1090 982 1145; x_wconf 84' lang='grc' dir='ltr'>τιμωρίαν</span> <span class='ocrx_word' id='word_1_111' title='bbox 1009 1090 1175 1142; x_wconf 81' lang='grc' dir='ltr'>ἐξέτισεν,</span> 
     </span>
     <span class='ocr_line' id='line_1_16' title="bbox 130 1151 478 1205; baseline 0 -16"><span class='ocrx_word' id='word_1_112' title='bbox 130 1151 317 1205; x_wconf 79' lang='grc' dir='ltr'>ἀναιρεθεὶς</span> <span class='ocrx_word' id='word_1_113' title='bbox 330 1153 364 1190; x_wconf 81' lang='grc' dir='ltr'>ἐν</span> <span class='ocrx_word' id='word_1_114' title='bbox 385 1151 478 1204; x_wconf 86' lang='grc' dir='ltr'>δίκῃ.</span> 
     </span>
    </p>
   </div>
   <div class='ocr_carea' id='block_1_3' title="bbox 616 1236 702 1269">
    <p class='ocr_par' dir='ltr' id='par_1_3' title="bbox 616 1236 702 1269">
     <span class='ocr_line' id='line_1_17' title="bbox 616 1236 702 1269; baseline 0.012 -10"><span class='ocrx_word' id='word_1_115' title='bbox 616 1236 702 1269; x_wconf 89' lang='lat'>170.</span> 
     </span>
    </p>
   </div>
   <div class='ocr_carea' id='block_1_4' title="bbox 440 1314 903 1363">
    <p class='ocr_par' dir='ltr' id='par_1_4' title="bbox 440 1314 903 1363">
     <span class='ocr_line' id='line_1_18' title="bbox 440 1314 903 1363; baseline 0 -10"><span class='ocrx_word' id='word_1_116' title='bbox 440 1314 855 1354; x_wconf 81' lang='grc' dir='ltr'><strong>ΚΩΝΣΤΑΝΤΙΝΟΣ.</strong></span> <span class='ocrx_word' id='word_1_117' title='bbox 879 1315 882 1363; x_wconf 67' lang='lat'>1</span> <span class='ocrx_word' id='word_1_118' title='bbox 899 1328 903 1333; x_wconf 71' lang='grc'><strong>’</strong></span> 
     </span>
    </p>
   </div>
   <div class='ocr_carea' id='block_1_5' title="bbox 129 1391 1178 2263">
    <p class='ocr_par' dir='ltr' id='par_1_5' title="bbox 129 1391 1178 2263">
     <span class='ocr_line' id='line_1_19' title="bbox 182 1391 1177 1445; baseline -0.002 -13"><span class='ocrx_word' id='word_1_119' title='bbox 182 1397 273 1433; x_wconf 84' lang='lat' dir='ltr'><em>Exc.</em></span> <span class='ocrx_word' id='word_1_120' title='bbox 302 1397 359 1432; x_wconf 88' lang='lat' dir='ltr'>De</span> <span class='ocrx_word' id='word_1_121' title='bbox 383 1396 472 1433; x_wconf 81' lang='lat' dir='ltr'><em>virt.</em></span> <span class='ocrx_word' id='word_1_122' title='bbox 493 1408 534 1445; x_wconf 87' lang='lat' dir='ltr'>p.</span> <span class='ocrx_word' id='word_1_123' title='bbox 567 1395 643 1432; x_wconf 86' lang='lat'>838</span> <span class='ocrx_word' id='word_1_124' title='bbox 665 1408 674 1431; x_wconf 70' lang='grc' dir='ltr'>ε</span> <span class='ocrx_word' id='word_1_125' title='bbox 704 1391 790 1432; x_wconf 63' lang='grc' dir='ltr'>*Ὀτι</span> <span class='ocrx_word' id='word_1_126' title='bbox 823 1395 1108 1443; x_wconf 86' lang='grc' dir='ltr'>Κωνσταντῖνος,</span> <span class='ocrx_word' id='word_1_127' title='bbox 1130 1391 1177 1437; x_wconf 83' lang='grc' dir='ltr'>ὥς</span> 
     </span>
     <span class='ocr_line' id='line_1_20' title="bbox 130 1447 1174 1505; baseline -0.001 -14"><span class='ocrx_word' id='word_1_128' title='bbox 130 1467 233 1505; x_wconf 83' lang='grc' dir='ltr'>φησιν</span> <span class='ocrx_word' id='word_1_129' title='bbox 249 1447 346 1496; x_wconf 64' lang='grc' dir='ltr'>οἶτος</span> <span class='ocrx_word' id='word_1_130' title='bbox 365 1454 382 1490; x_wconf 83' lang='grc' dir='ltr'>ὁ</span> <span class='ocrx_word' id='word_1_131' title='bbox 399 1451 583 1499; x_wconf 84' lang='grc' dir='ltr'>Ἰωάννης,</span> <span class='ocrx_word' id='word_1_132' title='bbox 600 1454 660 1498; x_wconf 75' lang='grc' dir='ltr'>τῆς</span> <span class='ocrx_word' id='word_1_133' title='bbox 677 1452 826 1504; x_wconf 75' lang='grc' dir='ltr'>ἀδελφῆς</span> <span class='ocrx_word' id='word_1_134' title='bbox 845 1453 903 1490; x_wconf 85' lang='grc' dir='ltr'>τὸν</span> <span class='ocrx_word' id='word_1_135' title='bbox 921 1451 993 1490; x_wconf 78' lang='grc' dir='ltr'>υἱὸν</span> <span class='ocrx_word' id='word_1_136' title='bbox 1024 1451 1174 1501; x_wconf 80' lang='grc' dir='ltr'>Κομμά-</span> 
     </span>
     <span class='ocr_line' id='line_1_21' title="bbox 130 1508 1176 1564; baseline -0.002 -16"><span class='ocrx_word' id='word_1_137' title='bbox 130 1511 190 1556; x_wconf 87' lang='grc' dir='ltr'>δης</span> <span class='ocrx_word' id='word_1_138' title='bbox 208 1509 394 1564; x_wconf 83' lang='grc' dir='ltr'>διαφθείρει</span> <span class='ocrx_word' id='word_1_139' title='bbox 415 1509 504 1562; x_wconf 88' lang='grc' dir='ltr'>δόλῳ</span> <span class='ocrx_word' id='word_1_140' title='bbox 517 1539 527 1557; x_wconf 94' lang='grc'>,</span> <span class='ocrx_word' id='word_1_141' title='bbox 542 1509 602 1547; x_wconf 80' lang='grc' dir='ltr'>καὶ</span> <span class='ocrx_word' id='word_1_142' title='bbox 615 1512 683 1547; x_wconf 86' lang='grc' dir='ltr'>τῶν</span> <span class='ocrx_word' id='word_1_143' title='bbox 698 1509 804 1562; x_wconf 82' lang='grc' dir='ltr'>φίλων</span> <span class='ocrx_word' id='word_1_144' title='bbox 818 1508 966 1553; x_wconf 78' lang='grc' dir='ltr'>πολλοὺς</span> <span class='ocrx_word' id='word_1_145' title='bbox 979 1509 1039 1547; x_wconf 83' lang='grc' dir='ltr'>καὶ</span> <span class='ocrx_word' id='word_1_146' title='bbox 1059 1511 1176 1557; x_wconf 87' lang='grc' dir='ltr'>ἐπιτη-</span> 
     </span>
     <span class='ocr_line' id='line_1_22' title="bbox 130 1562 1175 1621; baseline -0.002 -14"><span class='ocrx_word' id='word_1_147' title='bbox 130 1568 242 1609; x_wconf 87' lang='grc' dir='ltr'>δείων.</span> <span class='ocrx_word' id='word_1_148' title='bbox 263 1568 326 1608; x_wconf 85' lang='grc' dir='ltr'>Διὸ</span> <span class='ocrx_word' id='word_1_149' title='bbox 346 1567 387 1615; x_wconf 83' lang='grc' dir='ltr'>δὴ</span> <span class='ocrx_word' id='word_1_150' title='bbox 409 1567 452 1606; x_wconf 80' lang='grc' dir='ltr'>τὰ</span> <span class='ocrx_word' id='word_1_151' title='bbox 469 1570 592 1621; x_wconf 89' lang='grc' dir='ltr'>πρῶτα</span> <span class='ocrx_word' id='word_1_152' title='bbox 613 1567 711 1612; x_wconf 83' lang='grc' dir='ltr'>δόξας</span> <span class='ocrx_word' id='word_1_153' title='bbox 729 1567 866 1621; x_wconf 82' lang='grc' dir='ltr'>ἄριστος</span> <span class='ocrx_word' id='word_1_154' title='bbox 887 1562 973 1606; x_wconf 70' lang='grc' dir='ltr'>εἶναι</span> <span class='ocrx_word' id='word_1_155' title='bbox 993 1567 1175 1620; x_wconf 73' lang='grc' dir='ltr'>βασιλεὺς,</span> 
     </span>
     <span class='ocr_line' id='line_1_23' title="bbox 129 1626 1174 1679; baseline -0.002 -13"><span class='ocrx_word' id='word_1_156' title='bbox 129 1627 190 1666; x_wconf 88' lang='grc' dir='ltr'>καὶ</span> <span class='ocrx_word' id='word_1_157' title='bbox 209 1633 278 1671; x_wconf 88' lang='grc' dir='ltr'>τοῖς</span> <span class='ocrx_word' id='word_1_158' title='bbox 298 1629 486 1671; x_wconf 82' lang='grc' dir='ltr'>ἐπαινετοῖς</span> <span class='ocrx_word' id='word_1_159' title='bbox 505 1629 573 1665; x_wconf 86' lang='grc' dir='ltr'>τῶν</span> <span class='ocrx_word' id='word_1_160' title='bbox 595 1626 858 1679; x_wconf 81' lang='grc' dir='ltr'>αὐτοκρατόρων</span> <span class='ocrx_word' id='word_1_161' title='bbox 879 1626 969 1671; x_wconf 87' lang='grc' dir='ltr'>ἄξιος</span> <span class='ocrx_word' id='word_1_162' title='bbox 986 1626 1174 1679; x_wconf 72' lang='grc' dir='ltr'>παραὸάλ-</span> 
     </span>
     <span class='ocr_line' id='line_1_24' title="bbox 130 1683 1178 1738; baseline -0.001 -14"><span class='ocrx_word' id='word_1_163' title='bbox 130 1687 251 1724; x_wconf 88' lang='grc' dir='ltr'>λεσθαι</span> <span class='ocrx_word' id='word_1_164' title='bbox 262 1715 272 1733; x_wconf 96' lang='grc'>,</span> <span class='ocrx_word' id='word_1_165' title='bbox 291 1686 367 1736; x_wconf 89' lang='grc' dir='ltr'>μετ’</span> <span class='ocrx_word' id='word_1_166' title='bbox 382 1685 497 1736; x_wconf 82' lang='grc' dir='ltr'>ὀλίγον</span> <span class='ocrx_word' id='word_1_167' title='bbox 514 1690 583 1728; x_wconf 86' lang='grc' dir='ltr'>τοῖς</span> <span class='ocrx_word' id='word_1_168' title='bbox 602 1683 794 1737; x_wconf 81' lang='grc' dir='ltr'>εἰρημένοις</span> <span class='ocrx_word' id='word_1_169' title='bbox 807 1684 1078 1735; x_wconf 86' lang='grc' dir='ltr'>μειονεκτήμασι</span> <span class='ocrx_word' id='word_1_170' title='bbox 1094 1687 1178 1738; x_wconf 82' lang='grc' dir='ltr'>πρὸς</span> 
     </span>
     <span class='ocr_line' id='line_1_25' title="bbox 131 1743 1178 1798; baseline -0.001 -16"><span class='ocrx_word' id='word_1_171' title='bbox 131 1745 170 1784; x_wconf 85' lang='grc' dir='ltr'>τὸ</span> <span class='ocrx_word' id='word_1_172' title='bbox 189 1750 305 1798; x_wconf 81' lang='grc' dir='ltr'>χεῖρον</span> <span class='ocrx_word' id='word_1_173' title='bbox 329 1748 391 1791; x_wconf 76' lang='grc' dir='ltr'>τῆς</span> <span class='ocrx_word' id='word_1_174' title='bbox 411 1743 507 1791; x_wconf 84' lang='grc' dir='ltr'>δόξης</span> <span class='ocrx_word' id='word_1_175' title='bbox 529 1743 803 1795; x_wconf 67' lang='grc' dir='ltr'>μεταὸέὸληκεψ</span> <span class='ocrx_word' id='word_1_176' title='bbox 825 1743 938 1783; x_wconf 83' lang='grc' dir='ltr'>καίτοι</span> <span class='ocrx_word' id='word_1_177' title='bbox 957 1747 1018 1791; x_wconf 78' lang='grc' dir='ltr'>τῆς</span> <span class='ocrx_word' id='word_1_178' title='bbox 1045 1743 1178 1796; x_wconf 89' lang='grc' dir='ltr'>φύσεως</span> 
     </span>
     <span class='ocr_line' id='line_1_26' title="bbox 131 1801 1176 1856; baseline -0.002 -14"><span class='ocrx_word' id='word_1_179' title='bbox 131 1803 233 1842; x_wconf 78' lang='grc' dir='ltr'>αὐτὸν</span> <span class='ocrx_word' id='word_1_180' title='bbox 249 1833 259 1850; x_wconf 93' lang='grc'>,</span> <span class='ocrx_word' id='word_1_181' title='bbox 273 1803 332 1842; x_wconf 76' lang='grc' dir='ltr'>καὶ</span> <span class='ocrx_word' id='word_1_182' title='bbox 351 1805 419 1842; x_wconf 88' lang='grc' dir='ltr'>τῶν</span> <span class='ocrx_word' id='word_1_183' title='bbox 437 1801 502 1840; x_wconf 79' lang='grc' dir='ltr'>ὅσα</span> <span class='ocrx_word' id='word_1_184' title='bbox 519 1803 615 1855; x_wconf 84' lang='grc' dir='ltr'>παρὰ</span> <span class='ocrx_word' id='word_1_185' title='bbox 631 1806 690 1841; x_wconf 89' lang='grc' dir='ltr'>τοῦ</span> <span class='ocrx_word' id='word_1_186' title='bbox 710 1802 888 1852; x_wconf 86' lang='grc' dir='ltr'>δαιμονίου</span> <span class='ocrx_word' id='word_1_187' title='bbox 905 1809 1024 1855; x_wconf 82' lang='grc' dir='ltr'>φοιτᾶν</span> <span class='ocrx_word' id='word_1_188' title='bbox 1046 1803 1176 1856; x_wconf 85' lang='grc' dir='ltr'>ἀνθρώ-</span> 
     </span>
     <span class='ocr_line' id='line_1_27' title="bbox 133 1860 1176 1914; baseline -0.001 -14"><span class='ocrx_word' id='word_1_189' title='bbox 133 1877 208 1906; x_wconf 88' lang='grc' dir='ltr'>ποις</span> <span class='ocrx_word' id='word_1_190' title='bbox 225 1860 362 1910; x_wconf 81' lang='grc' dir='ltr'>εἴωθεν,</span> <span class='ocrx_word' id='word_1_191' title='bbox 384 1861 524 1914; x_wconf 81' lang='grc' dir='ltr'>ἅριστον</span> <span class='ocrx_word' id='word_1_192' title='bbox 550 1861 798 1912; x_wconf 69' lang='grc' dir='ltr'>ἀναμφιὸόλως</span> <span class='ocrx_word' id='word_1_193' title='bbox 827 1861 1100 1913; x_wconf 86' lang='grc' dir='ltr'>ἀποφαινόντων.</span> <span class='ocrx_word' id='word_1_194' title='bbox 1123 1863 1176 1901; x_wconf 84' lang='grc' dir='ltr'>Οὐ</span> 
     </span>
     <span class='ocr_line' id='line_1_28' title="bbox 131 1919 1177 1974; baseline -0.001 -16"><span class='ocrx_word' id='word_1_195' title='bbox 131 1919 198 1973; x_wconf 80' lang='grc' dir='ltr'>γὰρ</span> <span class='ocrx_word' id='word_1_196' title='bbox 216 1919 329 1974; x_wconf 77' lang='grc' dir='ltr'>ῥᾴδιον</span> <span class='ocrx_word' id='word_1_197' title='bbox 343 1921 450 1958; x_wconf 84' lang='grc' dir='ltr'>εἰπεῖν</span> <span class='ocrx_word' id='word_1_198' title='bbox 466 1919 593 1958; x_wconf 85' lang='grc' dir='ltr'>ὁπόσαι</span> <span class='ocrx_word' id='word_1_199' title='bbox 606 1923 669 1967; x_wconf 72' lang='grc' dir='ltr'>τῆς</span> <span class='ocrx_word' id='word_1_200' title='bbox 684 1923 799 1973; x_wconf 72' lang='grc' dir='ltr'>ψυχῆς</span> <span class='ocrx_word' id='word_1_201' title='bbox 814 1936 851 1958; x_wconf 92' lang='grc' dir='ltr'>τε</span> <span class='ocrx_word' id='word_1_202' title='bbox 865 1920 925 1958; x_wconf 85' lang='grc' dir='ltr'>καὶ</span> <span class='ocrx_word' id='word_1_203' title='bbox 942 1924 1000 1958; x_wconf 86' lang='grc' dir='ltr'>τοῦ</span> <span class='ocrx_word' id='word_1_204' title='bbox 1015 1919 1177 1969; x_wconf 82' lang='grc' dir='ltr'>σώματος</span> 
     </span>
     <span class='ocr_line' id='line_1_29' title="bbox 133 1978 1177 2032; baseline 0 -16"><span class='ocrx_word' id='word_1_205' title='bbox 133 1978 323 2029; x_wconf 87' lang='grc' dir='ltr'>διέλαμπον</span> <span class='ocrx_word' id='word_1_206' title='bbox 349 1978 470 2032; x_wconf 76' lang='grc' dir='ltr'>ἀρεταὶ</span> <span class='ocrx_word' id='word_1_207' title='bbox 497 1978 555 2016; x_wconf 86' lang='grc' dir='ltr'>τὸν</span> <span class='ocrx_word' id='word_1_208' title='bbox 576 1978 702 2031; x_wconf 84' lang='grc' dir='ltr'>ἄνδρα,</span> <span class='ocrx_word' id='word_1_209' title='bbox 731 1978 794 2025; x_wconf 84' lang='grc' dir='ltr'>τὴν</span> <span class='ocrx_word' id='word_1_210' title='bbox 824 1981 863 2016; x_wconf 89' lang='grc' dir='ltr'>ἐκ</span> <span class='ocrx_word' id='word_1_211' title='bbox 887 1981 954 2016; x_wconf 88' lang='grc' dir='ltr'>τῶν</span> <span class='ocrx_word' id='word_1_212' title='bbox 978 1979 1177 2028; x_wconf 83' lang='grc' dir='ltr'>πολεμικῶν</span> 
     </span>
     <span class='ocr_line' id='line_1_30' title="bbox 132 2035 1177 2090; baseline 0 -17"><span class='ocrx_word' id='word_1_213' title='bbox 132 2035 232 2080; x_wconf 87' lang='grc' dir='ltr'>δόξαν</span> <span class='ocrx_word' id='word_1_214' title='bbox 265 2036 545 2086; x_wconf 83' lang='grc' dir='ltr'>μεταδιώκοντα,</span> <span class='ocrx_word' id='word_1_215' title='bbox 578 2037 639 2075; x_wconf 81' lang='grc' dir='ltr'>καὶ</span> <span class='ocrx_word' id='word_1_216' title='bbox 666 2037 763 2090; x_wconf 82' lang='grc' dir='ltr'>παρὰ</span> <span class='ocrx_word' id='word_1_217' title='bbox 783 2037 844 2080; x_wconf 82' lang='grc' dir='ltr'>τὰς</span> <span class='ocrx_word' id='word_1_218' title='bbox 876 2036 994 2088; x_wconf 83' lang='grc' dir='ltr'>μάχας</span> <span class='ocrx_word' id='word_1_219' title='bbox 1020 2036 1108 2088; x_wconf 83' lang='grc' dir='ltr'>τύχῃ</span> <span class='ocrx_word' id='word_1_220' title='bbox 1140 2052 1177 2074; x_wconf 89' lang='grc' dir='ltr'>τε</span> 
     </span>
     <span class='ocr_line' id='line_1_31' title="bbox 132 2093 1175 2147; baseline -0.002 -14"><span class='ocrx_word' id='word_1_221' title='bbox 132 2097 219 2144; x_wconf 78' lang='grc' dir='ltr'>ὁμοῦ</span> <span class='ocrx_word' id='word_1_222' title='bbox 250 2093 438 2146; x_wconf 83' lang='grc' dir='ltr'>δεξιωτάτῃ</span> <span class='ocrx_word' id='word_1_223' title='bbox 458 2094 518 2133; x_wconf 71' lang='grc' dir='ltr'>καὶ</span> <span class='ocrx_word' id='word_1_224' title='bbox 547 2098 615 2133; x_wconf 88' lang='grc' dir='ltr'>τῶν</span> <span class='ocrx_word' id='word_1_225' title='bbox 646 2097 889 2147; x_wconf 83' lang='grc' dir='ltr'>στρατηγικῶν</span> <span class='ocrx_word' id='word_1_226' title='bbox 925 2093 1102 2144; x_wconf 84' lang='grc' dir='ltr'>ἐπιστήμῃ</span> <span class='ocrx_word' id='word_1_227' title='bbox 1138 2096 1175 2132; x_wconf 80' lang='grc' dir='ltr'>οὐ</span> 
     </span>
     <span class='ocr_line' id='line_1_32' title="bbox 133 2151 1177 2205; baseline -0.001 -15"><span class='ocrx_word' id='word_1_228' title='bbox 133 2153 245 2203; x_wconf 80' lang='grc' dir='ltr'>μείονι</span> <span class='ocrx_word' id='word_1_229' title='bbox 264 2152 458 2204; x_wconf 79' lang='grc' dir='ltr'>χρώμενον.</span> <span class='ocrx_word' id='word_1_230' title='bbox 479 2154 533 2193; x_wconf 80' lang='grc' dir='ltr'>Οὔ</span> <span class='ocrx_word' id='word_1_231' title='bbox 559 2152 626 2205; x_wconf 85' lang='grc' dir='ltr'>γὰρ</span> <span class='ocrx_word' id='word_1_232' title='bbox 654 2155 689 2191; x_wconf 90' lang='grc' dir='ltr'>ἐν</span> <span class='ocrx_word' id='word_1_233' title='bbox 721 2154 789 2196; x_wconf 86' lang='grc' dir='ltr'>τοῖς</span> <span class='ocrx_word' id='word_1_234' title='bbox 817 2152 993 2205; x_wconf 82' lang='grc' dir='ltr'>ἐμφυλίοις</span> <span class='ocrx_word' id='word_1_235' title='bbox 1012 2151 1177 2200; x_wconf 85' lang='grc' dir='ltr'>πολέμοις</span> 
     </span>
     <span class='ocr_line' id='line_1_33' title="bbox 133 2210 1177 2263; baseline -0.002 -14"><span class='ocrx_word' id='word_1_236' title='bbox 133 2211 249 2261; x_wconf 86' lang='grc' dir='ltr'>μόνοις</span> <span class='ocrx_word' id='word_1_237' title='bbox 267 2214 390 2263; x_wconf 79' lang='grc' dir='ltr'>περιῆν</span> <span class='ocrx_word' id='word_1_238' title='bbox 414 2214 483 2250; x_wconf 87' lang='grc' dir='ltr'>τῶν</span> <span class='ocrx_word' id='word_1_239' title='bbox 504 2213 688 2259; x_wconf 87' lang='grc' dir='ltr'>ἐναντίων,</span> <span class='ocrx_word' id='word_1_240' title='bbox 718 2210 808 2249; x_wconf 82' lang='grc' dir='ltr'>ἀλλὰ</span> <span class='ocrx_word' id='word_1_241' title='bbox 836 2211 895 2248; x_wconf 80' lang='grc' dir='ltr'>καὶ</span> <span class='ocrx_word' id='word_1_242' title='bbox 922 2210 1010 2261; x_wconf 83' lang='grc' dir='ltr'>μετὰ</span> <span class='ocrx_word' id='word_1_243' title='bbox 1039 2210 1177 2253; x_wconf 85' lang='grc' dir='ltr'>τούτους</span> 
     </span>
    </p>
   </div>
   <div class='ocr_carea' id='block_1_6' title="bbox 2192 267 2267 300">
    <p class='ocr_par' dir='ltr' id='par_1_6' title="bbox 2192 267 2267 300">
     <span class='ocr_line' id='line_1_34' title="bbox 2192 267 2267 300; baseline 0 0"><span class='ocrx_word' id='word_1_244' title='bbox 2192 267 2267 300; x_wconf 82' lang='grc'>603</span> 
     </span>
    </p>
   </div>
   <div class='ocr_carea' id='block_1_7' title="bbox 1234 338 2277 1149">
    <p class='ocr_par' dir='ltr' id='par_1_7' title="bbox 1234 338 2277 1149">
     <span class='ocr_line' id='line_1_35' title="bbox 1235 338 2270 400; baseline 0.013 -25"><span class='ocrx_word' id='word_1_245' title='bbox 1235 338 1386 382; x_wconf 80' lang='grc' dir='ltr'>Σκύθαις</span> <span class='ocrx_word' id='word_1_246' title='bbox 1412 339 1579 383; x_wconf 85' lang='grc' dir='ltr'>πολλάκις</span> <span class='ocrx_word' id='word_1_247' title='bbox 1606 343 1899 393; x_wconf 66' lang='grc' dir='ltr'>προπολεμήσας</span> <span class='ocrx_word' id='word_1_248' title='bbox 1927 346 2101 400; x_wconf 83' lang='grc' dir='ltr'>ὑποκύψαι</span> <span class='ocrx_word' id='word_1_249' title='bbox 2133 348 2270 393; x_wconf 87' lang='grc' dir='ltr'>τούτους</span> 
     </span>
     <span class='ocr_line' id='line_1_36' title="bbox 1234 397 2270 459; baseline 0.014 -26"><span class='ocrx_word' id='word_1_250' title='bbox 1234 397 1453 448; x_wconf 83' lang='grc' dir='ltr'>ἠνάγκασεν,</span> <span class='ocrx_word' id='word_1_251' title='bbox 1484 397 1516 440; x_wconf 87' lang='grc' dir='ltr'>ἔς</span> <span class='ocrx_word' id='word_1_252' title='bbox 1542 413 1579 436; x_wconf 89' lang='grc' dir='ltr'>τε</span> <span class='ocrx_word' id='word_1_253' title='bbox 1608 401 1763 438; x_wconf 88' lang='grc' dir='ltr'>σπονδῶν</span> <span class='ocrx_word' id='word_1_254' title='bbox 1793 402 1928 449; x_wconf 87' lang='grc' dir='ltr'>αἴτησιν</span> <span class='ocrx_word' id='word_1_255' title='bbox 1953 407 2175 459; x_wconf 78' lang='grc' dir='ltr'>καταφυγεῖν.</span> <span class='ocrx_word' id='word_1_256' title='bbox 2199 401 2270 448; x_wconf 50' lang='grc' dir='ltr'>ῗΩν</span> 
     </span>
     <span class='ocr_line' id='line_1_37' title="bbox 1236 454 2271 517; baseline 0.013 -26"><span class='ocrx_word' id='word_1_257' title='bbox 1236 454 1404 505; x_wconf 74' lang='grc' dir='ltr'>μεταδοὺς</span> <span class='ocrx_word' id='word_1_258' title='bbox 1434 454 1494 492; x_wconf 76' lang='grc' dir='ltr'>καὶ</span> <span class='ocrx_word' id='word_1_259' title='bbox 1524 457 1586 493; x_wconf 82' lang='grc' dir='ltr'>οὐκ</span> <span class='ocrx_word' id='word_1_260' title='bbox 1611 458 1902 509; x_wconf 78' lang='grc' dir='ltr'>ἀποχρησάμενος</span> <span class='ocrx_word' id='word_1_261' title='bbox 1922 467 1993 506; x_wconf 87' lang='grc' dir='ltr'>τοῖς</span> <span class='ocrx_word' id='word_1_262' title='bbox 2011 465 2271 517; x_wconf 77' lang='grc' dir='ltr'>προτερήμασι,</span> 
     </span>
     <span class='ocr_line' id='line_1_38' title="bbox 1236 512 2272 569; baseline 0.014 -21"><span class='ocrx_word' id='word_1_263' title='bbox 1236 512 1402 563; x_wconf 86' lang='grc' dir='ltr'>μεγίστας</span> <span class='ocrx_word' id='word_1_264' title='bbox 1413 512 1510 564; x_wconf 84' lang='grc' dir='ltr'>παρὰ</span> <span class='ocrx_word' id='word_1_265' title='bbox 1524 516 1592 556; x_wconf 87' lang='grc' dir='ltr'>τοῖς</span> <span class='ocrx_word' id='word_1_266' title='bbox 1609 514 1794 567; x_wconf 74' lang='grc' dir='ltr'>βαρὸἄροις</span> <span class='ocrx_word' id='word_1_267' title='bbox 1811 516 1921 556; x_wconf 86' lang='grc' dir='ltr'>ἔθνεσι</span> <span class='ocrx_word' id='word_1_268' title='bbox 1936 521 2149 569; x_wconf 84' lang='grc' dir='ltr'>δικαιοσύνης</span> <span class='ocrx_word' id='word_1_269' title='bbox 2162 539 2199 562; x_wconf 90' lang='grc' dir='ltr'>τε</span> <span class='ocrx_word' id='word_1_270' title='bbox 2212 524 2272 562; x_wconf 86' lang='grc' dir='ltr'>καὶ</span> 
     </span>
     <span class='ocr_line' id='line_1_39' title="bbox 1235 569 2273 627; baseline 0.013 -21"><span class='ocrx_word' id='word_1_271' title='bbox 1235 569 1352 622; x_wconf 80' lang='grc' dir='ltr'>ἰσχύος</span> <span class='ocrx_word' id='word_1_272' title='bbox 1373 570 1512 621; x_wconf 88' lang='grc' dir='ltr'>μνήμας</span> <span class='ocrx_word' id='word_1_273' title='bbox 1531 571 1711 613; x_wconf 86' lang='grc' dir='ltr'>ἀπέλιπεν.</span> <span class='ocrx_word' id='word_1_274' title='bbox 1728 572 1878 627; x_wconf 85' lang='grc' dir='ltr'>Ἔχαιρε</span> <span class='ocrx_word' id='word_1_275' title='bbox 1899 575 1935 613; x_wconf 81' lang='grc' dir='ltr'>δὲ</span> <span class='ocrx_word' id='word_1_276' title='bbox 1957 577 2117 617; x_wconf 84' lang='grc' dir='ltr'>ἀνέκαθεν</span> <span class='ocrx_word' id='word_1_277' title='bbox 2137 582 2273 620; x_wconf 86' lang='grc' dir='ltr'>ἐλευθε-</span> 
     </span>
     <span class='ocr_line' id='line_1_40' title="bbox 1237 628 2274 684; baseline 0.013 -19"><span class='ocrx_word' id='word_1_278' title='bbox 1237 629 1319 680; x_wconf 91' lang='grc' dir='ltr'>ρίοις</span> <span class='ocrx_word' id='word_1_279' title='bbox 1348 628 1534 679; x_wconf 81' lang='grc' dir='ltr'>μαθήμασι</span> <span class='ocrx_word' id='word_1_280' title='bbox 1560 629 1621 668; x_wconf 81' lang='grc' dir='ltr'>καὶ</span> <span class='ocrx_word' id='word_1_281' title='bbox 1646 632 1680 668; x_wconf 89' lang='grc' dir='ltr'>ἐν</span> <span class='ocrx_word' id='word_1_282' title='bbox 1701 632 1832 684; x_wconf 86' lang='grc' dir='ltr'>ἐπαίνῳ</span> <span class='ocrx_word' id='word_1_283' title='bbox 1860 635 2017 672; x_wconf 88' lang='grc' dir='ltr'>παιδείαν</span> <span class='ocrx_word' id='word_1_284' title='bbox 2037 638 2184 677; x_wconf 85' lang='grc' dir='ltr'>ἐποιεῖτο</span> <span class='ocrx_word' id='word_1_285' title='bbox 2214 640 2274 678; x_wconf 80' lang='grc' dir='ltr'>καὶ</span> 
     </span>
     <span class='ocr_line' id='line_1_41' title="bbox 1236 686 2275 747; baseline 0.011 -23"><span class='ocrx_word' id='word_1_286' title='bbox 1236 686 1370 737; x_wconf 88' lang='grc' dir='ltr'>λόγους.</span> <span class='ocrx_word' id='word_1_287' title='bbox 1394 686 1537 726; x_wconf 86' lang='grc' dir='ltr'>Δίκαιόν</span> <span class='ocrx_word' id='word_1_288' title='bbox 1557 703 1594 738; x_wconf 87' lang='grc' dir='ltr'>γε</span> <span class='ocrx_word' id='word_1_289' title='bbox 1616 687 1685 738; x_wconf 83' lang='grc' dir='ltr'>μὴν</span> <span class='ocrx_word' id='word_1_290' title='bbox 1705 688 1739 733; x_wconf 81' lang='grc' dir='ltr'>ἐξ</span> <span class='ocrx_word' id='word_1_291' title='bbox 1760 689 1927 729; x_wconf 86' lang='grc' dir='ltr'>ἁπάντων</span> <span class='ocrx_word' id='word_1_292' title='bbox 1947 692 2060 744; x_wconf 88' lang='grc' dir='ltr'>ἔρωτα</span> <span class='ocrx_word' id='word_1_293' title='bbox 2082 696 2275 747; x_wconf 86' lang='grc' dir='ltr'>θηρώμενος</span> 
     </span>
     <span class='ocr_line' id='line_1_42' title="bbox 1236 745 2275 807; baseline 0.01 -24"><span class='ocrx_word' id='word_1_294' title='bbox 1236 745 1405 797; x_wconf 83' lang='grc' dir='ltr'>ἐτύγχανε</span> <span class='ocrx_word' id='word_1_295' title='bbox 1420 749 1481 792; x_wconf 76' lang='grc' dir='ltr'>τῆς</span> <span class='ocrx_word' id='word_1_296' title='bbox 1497 748 1663 793; x_wconf 79' lang='grc' dir='ltr'>σπουδῆς,</span> <span class='ocrx_word' id='word_1_297' title='bbox 1682 750 1730 800; x_wconf 83' lang='grc' dir='ltr'>τῷ</span> <span class='ocrx_word' id='word_1_298' title='bbox 1746 748 1843 801; x_wconf 81' lang='grc' dir='ltr'>δεξιῷ</span> <span class='ocrx_word' id='word_1_299' title='bbox 1859 765 1896 788; x_wconf 89' lang='grc' dir='ltr'>τε</span> <span class='ocrx_word' id='word_1_300' title='bbox 1908 752 1968 797; x_wconf 73' lang='grc' dir='ltr'>τῆς</span> <span class='ocrx_word' id='word_1_301' title='bbox 1981 751 2113 804; x_wconf 84' lang='grc' dir='ltr'>φύσεως</span> <span class='ocrx_word' id='word_1_302' title='bbox 2125 755 2184 791; x_wconf 82' lang='grc' dir='ltr'>καὶ</span> <span class='ocrx_word' id='word_1_303' title='bbox 2197 756 2275 807; x_wconf 85' lang='grc' dir='ltr'>περὶ</span> 
     </span>
     <span class='ocr_line' id='line_1_43' title="bbox 1237 803 2276 865; baseline 0.009 -23"><span class='ocrx_word' id='word_1_304' title='bbox 1237 805 1296 848; x_wconf 88' lang='grc' dir='ltr'>τὰς</span> <span class='ocrx_word' id='word_1_305' title='bbox 1313 803 1442 858; x_wconf 80' lang='grc' dir='ltr'>δωρεὰς</span> <span class='ocrx_word' id='word_1_306' title='bbox 1461 806 1612 858; x_wconf 80' lang='grc' dir='ltr'>δαψιλεῖ.</span> <span class='ocrx_word' id='word_1_307' title='bbox 1632 805 1694 849; x_wconf 88' lang='grc' dir='ltr'>Ὡς</span> <span class='ocrx_word' id='word_1_308' title='bbox 1712 805 1779 859; x_wconf 81' lang='grc' dir='ltr'>γὰρ</span> <span class='ocrx_word' id='word_1_309' title='bbox 1797 807 1838 854; x_wconf 87' lang='grc' dir='ltr'>δὴ</span> <span class='ocrx_word' id='word_1_310' title='bbox 1856 808 1940 860; x_wconf 87' lang='grc' dir='ltr'>πρός</span> <span class='ocrx_word' id='word_1_311' title='bbox 1957 825 2052 853; x_wconf 90' lang='grc' dir='ltr'>τινας</span> <span class='ocrx_word' id='word_1_312' title='bbox 2069 814 2136 849; x_wconf 87' lang='grc' dir='ltr'>τῶν</span> <span class='ocrx_word' id='word_1_313' title='bbox 2154 815 2276 865; x_wconf 89' lang='grc' dir='ltr'>γνωρί-</span> 
     </span>
     <span class='ocr_line' id='line_1_44' title="bbox 1238 862 2277 923; baseline 0.01 -24"><span class='ocrx_word' id='word_1_314' title='bbox 1238 877 1311 912; x_wconf 88' lang='grc' dir='ltr'>μων</span> <span class='ocrx_word' id='word_1_315' title='bbox 1329 862 1486 906; x_wconf 82' lang='grc' dir='ltr'>ὑπούλως</span> <span class='ocrx_word' id='word_1_316' title='bbox 1501 878 1538 900; x_wconf 90' lang='grc' dir='ltr'>τε</span> <span class='ocrx_word' id='word_1_317' title='bbox 1556 863 1617 901; x_wconf 85' lang='grc' dir='ltr'>καὶ</span> <span class='ocrx_word' id='word_1_318' title='bbox 1636 865 1701 915; x_wconf 76' lang='grc' dir='ltr'>οὐχ</span> <span class='ocrx_word' id='word_1_319' title='bbox 1720 867 1822 916; x_wconf 78' lang='grc' dir='ltr'>ὑγιῶς</span> <span class='ocrx_word' id='word_1_320' title='bbox 1841 865 1962 918; x_wconf 82' lang='grc' dir='ltr'>ἔσχεν,</span> <span class='ocrx_word' id='word_1_321' title='bbox 1985 867 2090 912; x_wconf 75' lang='grc' dir='ltr'>οὕτως</span> <span class='ocrx_word' id='word_1_322' title='bbox 2108 869 2174 921; x_wconf 83' lang='grc' dir='ltr'>ἄρα</span> <span class='ocrx_word' id='word_1_323' title='bbox 2194 872 2277 923; x_wconf 87' lang='grc' dir='ltr'>πρὸς</span> 
     </span>
     <span class='ocr_line' id='line_1_45' title="bbox 1235 919 2276 978; baseline 0.01 -21"><span class='ocrx_word' id='word_1_324' title='bbox 1235 919 1313 963; x_wconf 79' lang='grc' dir='ltr'>τοὺς</span> <span class='ocrx_word' id='word_1_325' title='bbox 1325 920 1472 964; x_wconf 78' lang='grc' dir='ltr'>πολλοὺς</span> <span class='ocrx_word' id='word_1_326' title='bbox 1487 920 1626 972; x_wconf 71' lang='grc' dir='ltr'>βέὸαιος</span> <span class='ocrx_word' id='word_1_327' title='bbox 1642 921 1739 974; x_wconf 89' lang='grc' dir='ltr'>ὤφθη</span> <span class='ocrx_word' id='word_1_328' title='bbox 1756 923 1816 961; x_wconf 84' lang='grc' dir='ltr'>καὶ</span> <span class='ocrx_word' id='word_1_329' title='bbox 1830 925 2048 978; x_wconf 86' lang='grc' dir='ltr'>πιστότατος,</span> <span class='ocrx_word' id='word_1_330' title='bbox 2066 928 2186 966; x_wconf 81' lang='grc' dir='ltr'>οὐδένα</span> <span class='ocrx_word' id='word_1_331' title='bbox 2199 945 2276 967; x_wconf 89' lang='grc' dir='ltr'>και-</span> 
     </span>
     <span class='ocr_line' id='line_1_46' title="bbox 1238 978 2276 1035; baseline 0.01 -20"><span class='ocrx_word' id='word_1_332' title='bbox 1238 978 1294 1030; x_wconf 86' lang='grc' dir='ltr'>ρὸν</span> <span class='ocrx_word' id='word_1_333' title='bbox 1314 978 1453 1031; x_wconf 81' lang='grc' dir='ltr'>παρεὶς,</span> <span class='ocrx_word' id='word_1_334' title='bbox 1473 979 1549 1017; x_wconf 79' lang='grc' dir='ltr'>οὐδὲ</span> <span class='ocrx_word' id='word_1_335' title='bbox 1570 980 1749 1019; x_wconf 86' lang='grc' dir='ltr'>ἀπολιπών</span> <span class='ocrx_word' id='word_1_336' title='bbox 1768 997 1800 1019; x_wconf 90' lang='grc' dir='ltr'>τι</span> <span class='ocrx_word' id='word_1_337' title='bbox 1815 984 2005 1035; x_wconf 85' lang='grc' dir='ltr'>φροντίδος,</span> <span class='ocrx_word' id='word_1_338' title='bbox 2021 987 2066 1029; x_wconf 85' lang='grc' dir='ltr'>ὡς</span> <span class='ocrx_word' id='word_1_339' title='bbox 2085 987 2276 1025; x_wconf 87' lang='grc' dir='ltr'>δυνατωτέ-</span> 
     </span>
     <span class='ocr_line' id='line_1_47' title="bbox 1239 1037 2277 1097; baseline 0.011 -24"><span class='ocrx_word' id='word_1_340' title='bbox 1239 1052 1313 1088; x_wconf 89' lang='grc' dir='ltr'>ρους</span> <span class='ocrx_word' id='word_1_341' title='bbox 1335 1052 1371 1074; x_wconf 91' lang='grc' dir='ltr'>τε</span> <span class='ocrx_word' id='word_1_342' title='bbox 1398 1037 1559 1088; x_wconf 89' lang='grc' dir='ltr'>χρήμασι</span> <span class='ocrx_word' id='word_1_343' title='bbox 1584 1039 1644 1076; x_wconf 80' lang='grc' dir='ltr'>καὶ</span> <span class='ocrx_word' id='word_1_344' title='bbox 1667 1039 1930 1095; x_wconf 85' lang='grc' dir='ltr'>λαμπροτέρους</span> <span class='ocrx_word' id='word_1_345' title='bbox 1954 1044 2029 1088; x_wconf 87' lang='grc' dir='ltr'>ταῖς</span> <span class='ocrx_word' id='word_1_346' title='bbox 2051 1043 2172 1097; x_wconf 87' lang='grc' dir='ltr'>τύχαις</span> <span class='ocrx_word' id='word_1_347' title='bbox 2192 1047 2277 1083; x_wconf 87' lang='grc' dir='ltr'>ἀπο-</span> 
     </span>
     <span class='ocr_line' id='line_1_48' title="bbox 1237 1094 1691 1149; baseline 0.009 -16"><span class='ocrx_word' id='word_1_348' title='bbox 1237 1094 1352 1149; x_wconf 84' lang='grc' dir='ltr'>φαίνοι</span> <span class='ocrx_word' id='word_1_349' title='bbox 1371 1094 1447 1140; x_wconf 77' lang='grc' dir='ltr'>τοὺς</span> <span class='ocrx_word' id='word_1_350' title='bbox 1464 1095 1691 1145; x_wconf 82' lang='grc' dir='ltr'>ἐπιτηδείους.</span> 
     </span>
    </p>
   </div>
   <div class='ocr_carea' id='block_1_8' title="bbox 1717 1189 1802 1222">
    <p class='ocr_par' dir='ltr' id='par_1_8' title="bbox 1717 1189 1802 1222">
     <span class='ocr_line' id='line_1_49' title="bbox 1717 1189 1802 1222; baseline 0.012 -10"><span class='ocrx_word' id='word_1_351' title='bbox 1717 1189 1802 1222; x_wconf 91' lang='lat'><em>171.</em></span> 
     </span>
    </p>
   </div>
   <div class='ocr_carea' id='block_1_9' title="bbox 1237 1250 2280 1957">
    <p class='ocr_par' dir='ltr' id='par_1_9' title="bbox 1237 1250 2279 1467">
     <span class='ocr_line' id='line_1_50' title="bbox 1291 1250 2279 1304; baseline 0.009 -20"><span class='ocrx_word' id='word_1_352' title='bbox 1291 1250 1381 1285; x_wconf 82' lang='lat' dir='ltr'><em>Exc.</em></span> <span class='ocrx_word' id='word_1_353' title='bbox 1404 1250 1516 1288; x_wconf 87' lang='lat' dir='ltr'><em>Salm.</em></span> <span class='ocrx_word' id='word_1_354' title='bbox 1535 1263 1574 1298; x_wconf 92' lang='lat' dir='ltr'>p.</span> <span class='ocrx_word' id='word_1_355' title='bbox 1599 1250 1672 1300; x_wconf 85' lang='lat'>398</span> <span class='ocrx_word' id='word_1_356' title='bbox 1697 1264 1705 1286; x_wconf 90' lang='lat'>:</span> <span class='ocrx_word' id='word_1_357' title='bbox 1726 1251 1988 1295; x_wconf 87' lang='grc' dir='ltr'>Κωνσταντῖνος</span> <span class='ocrx_word' id='word_1_358' title='bbox 2006 1254 2023 1290; x_wconf 84' lang='grc' dir='ltr'>ὁ</span> <span class='ocrx_word' id='word_1_359' title='bbox 2039 1252 2147 1304; x_wconf 89' lang='grc' dir='ltr'>μέγας</span> <span class='ocrx_word' id='word_1_360' title='bbox 2166 1253 2279 1298; x_wconf 88' lang='grc' dir='ltr'>λίθους</span> 
     </span>
     <span class='ocr_line' id='line_1_51' title="bbox 1237 1306 2279 1362; baseline 0.008 -20"><span class='ocrx_word' id='word_1_361' title='bbox 1237 1307 1433 1349; x_wconf 85' lang='grc' dir='ltr'>πολυτελεῖς</span> <span class='ocrx_word' id='word_1_362' title='bbox 1462 1306 1604 1359; x_wconf 79' lang='grc' dir='ltr'>πέμψας</span> <span class='ocrx_word' id='word_1_363' title='bbox 1628 1313 1697 1351; x_wconf 89' lang='grc' dir='ltr'>τοῖς</span> <span class='ocrx_word' id='word_1_364' title='bbox 1721 1308 1829 1361; x_wconf 86' lang='grc' dir='ltr'>πέρας</span> <span class='ocrx_word' id='word_1_365' title='bbox 1855 1306 1995 1362; x_wconf 80' lang='grc' dir='ltr'>Ἴστρου</span> <span class='ocrx_word' id='word_1_366' title='bbox 2025 1309 2170 1359; x_wconf 85' lang='grc' dir='ltr'>ἔθνεσιν,</span> <span class='ocrx_word' id='word_1_367' title='bbox 2195 1314 2279 1350; x_wconf 88' lang='grc' dir='ltr'>ἐπέ-</span> 
     </span>
     <span class='ocr_line' id='line_1_52' title="bbox 1238 1366 2279 1421; baseline 0.007 -19"><span class='ocrx_word' id='word_1_368' title='bbox 1238 1366 1350 1417; x_wconf 82' lang='grc' dir='ltr'>γραψε</span> <span class='ocrx_word' id='word_1_369' title='bbox 1370 1383 1385 1399; x_wconf 89' lang='lat'>«</span> <span class='ocrx_word' id='word_1_370' title='bbox 1410 1367 1471 1417; x_wconf 83' lang='grc' dir='ltr'>Τῷ</span> <span class='ocrx_word' id='word_1_371' title='bbox 1484 1366 1612 1415; x_wconf 88' lang='grc' dir='ltr'>μείζονι</span> <span class='ocrx_word' id='word_1_372' title='bbox 1630 1368 1679 1418; x_wconf 77' lang='grc' dir='ltr'>τῷ</span> <span class='ocrx_word' id='word_1_373' title='bbox 1701 1368 1824 1420; x_wconf 81' lang='grc' dir='ltr'>δῶρον.</span> <span class='ocrx_word' id='word_1_374' title='bbox 1847 1386 1861 1403; x_wconf 84' lang='grc'><em>»</em></span> <span class='ocrx_word' id='word_1_375' title='bbox 1879 1370 1994 1408; x_wconf 79' lang='grc' dir='ltr'>Τοῦτο</span> <span class='ocrx_word' id='word_1_376' title='bbox 2012 1368 2148 1421; x_wconf 87' lang='grc' dir='ltr'>γε’γονεν</span> <span class='ocrx_word' id='word_1_377' title='bbox 2163 1373 2279 1415; x_wconf 84' lang='grc' dir='ltr'>αὐτοῖς</span> 
     </span>
     <span class='ocr_line' id='line_1_53' title="bbox 1239 1421 1557 1467; baseline 0.006 -7"><span class='ocrx_word' id='word_1_378' title='bbox 1239 1421 1346 1461; x_wconf 87' lang='grc' dir='ltr'>αἴτιον</span> <span class='ocrx_word' id='word_1_379' title='bbox 1371 1423 1557 1467; x_wconf 89' lang='grc' dir='ltr'>ἀπωλείας.</span> 
     </span>
    </p>

    <p class='ocr_par' dir='ltr' id='par_1_10' title="bbox 1699 1497 1825 1531">
     <span class='ocr_line' id='line_1_54' title="bbox 1699 1497 1825 1531; baseline 0.024 -11"><span class='ocrx_word' id='word_1_380' title='bbox 1699 1497 1766 1531; x_wconf 85' lang='lat'>171</span> <span class='ocrx_word' id='word_1_381' title='bbox 1791 1497 1825 1523; x_wconf 86' lang='lat' dir='ltr'><em>a.</em></span> 
     </span>
    </p>

    <p class='ocr_par' dir='ltr' id='par_1_11' title="bbox 1239 1553 2280 1957">
     <span class='ocr_line' id='line_1_55' title="bbox 1292 1553 2274 1605; baseline 0.006 -15"><span class='ocrx_word' id='word_1_382' title='bbox 1292 1553 1459 1590; x_wconf 91' lang='lat' dir='ltr'><em>Codinus</em></span> <span class='ocrx_word' id='word_1_383' title='bbox 1472 1556 1528 1590; x_wconf 85' lang='lat' dir='ltr'>De</span> <span class='ocrx_word' id='word_1_384' title='bbox 1546 1555 1644 1593; x_wconf 81' lang='lat' dir='ltr'><em>aedif.</em></span> <span class='ocrx_word' id='word_1_385' title='bbox 1663 1556 1788 1594; x_wconf 85' lang='lat' dir='ltr'><em>const.</em></span> <span class='ocrx_word' id='word_1_386' title='bbox 1810 1569 1849 1605; x_wconf 89' lang='lat' dir='ltr'>p.</span> <span class='ocrx_word' id='word_1_387' title='bbox 1873 1569 1887 1592; x_wconf 94' lang='lat'>1</span> <span class='ocrx_word' id='word_1_388' title='bbox 1899 1557 1943 1593; x_wconf 82' lang='lat'>13</span> <span class='ocrx_word' id='word_1_389' title='bbox 1959 1584 1969 1602; x_wconf 90' lang='lat'>,</span> <span class='ocrx_word' id='word_1_390' title='bbox 1992 1557 2036 1593; x_wconf 93' lang='lat'>16</span> <span class='ocrx_word' id='word_1_391' title='bbox 2053 1557 2113 1595; x_wconf 84' lang='lat' dir='ltr'>ed.</span> <span class='ocrx_word' id='word_1_392' title='bbox 2129 1559 2248 1596; x_wconf 86' lang='lat' dir='ltr'><em>Bonn.</em></span> <span class='ocrx_word' id='word_1_393' title='bbox 2268 1572 2274 1579; x_wconf 86' lang='grc'><strong>’</strong></span> 
     </span>
     <span class='ocr_line' id='line_1_56' title="bbox 1240 1610 2279 1667; baseline 0.002 -17"><span class='ocrx_word' id='word_1_394' title='bbox 1240 1611 1329 1662; x_wconf 82' lang='grc' dir='ltr'>Περὶ</span> <span class='ocrx_word' id='word_1_395' title='bbox 1346 1610 1381 1649; x_wconf 80' lang='grc' dir='ltr'>δὲ</span> <span class='ocrx_word' id='word_1_396' title='bbox 1401 1614 1460 1649; x_wconf 89' lang='grc' dir='ltr'>τοῦ</span> <span class='ocrx_word' id='word_1_397' title='bbox 1477 1612 1670 1664; x_wconf 81' lang='grc' dir='ltr'>Βοσπορίου</span> <span class='ocrx_word' id='word_1_398' title='bbox 1687 1613 1883 1663; x_wconf 89' lang='grc' dir='ltr'>ἐπωνυμίας</span> <span class='ocrx_word' id='word_1_399' title='bbox 1899 1618 2009 1652; x_wconf 85' lang='grc' dir='ltr'>ταῦτα</span> <span class='ocrx_word' id='word_1_400' title='bbox 2028 1615 2130 1667; x_wconf 76' lang='grc' dir='ltr'>φησὶν</span> <span class='ocrx_word' id='word_1_401' title='bbox 2158 1615 2279 1654; x_wconf 82' lang='grc' dir='ltr'>Ἰωάν-</span> 
     </span>
     <span class='ocr_line' id='line_1_57' title="bbox 1239 1669 2280 1725; baseline 0.005 -18"><span class='ocrx_word' id='word_1_402' title='bbox 1239 1685 1299 1715; x_wconf 88' lang='grc' dir='ltr'>νης</span> <span class='ocrx_word' id='word_1_403' title='bbox 1323 1673 1341 1707; x_wconf 87' lang='grc' dir='ltr'>ὁ</span> <span class='ocrx_word' id='word_1_404' title='bbox 1371 1669 1584 1722; x_wconf 72' lang='grc' dir='ltr'>Ἀντιοχεὺς,</span> <span class='ocrx_word' id='word_1_405' title='bbox 1599 1671 1651 1708; x_wconf 81' lang='grc' dir='ltr'>ὅτι</span> <span class='ocrx_word' id='word_1_406' title='bbox 1675 1672 1721 1714; x_wconf 91' lang='grc' dir='ltr'>εἷς</span> <span class='ocrx_word' id='word_1_407' title='bbox 1744 1671 1782 1709; x_wconf 84' lang='grc' dir='ltr'>τὸ</span> <span class='ocrx_word' id='word_1_408' title='bbox 1807 1672 2041 1723; x_wconf 78' lang='grc' dir='ltr'>σιγματοειδὲς</span> <span class='ocrx_word' id='word_1_409' title='bbox 2066 1677 2125 1711; x_wconf 86' lang='grc' dir='ltr'>τοῦ</span> <span class='ocrx_word' id='word_1_410' title='bbox 2147 1674 2280 1725; x_wconf 77' lang='grc' dir='ltr'>τείχους</span> 
     </span>
     <span class='ocr_line' id='line_1_58' title="bbox 1240 1724 2279 1784; baseline 0.004 -18"><span class='ocrx_word' id='word_1_411' title='bbox 1240 1724 1333 1781; x_wconf 73' lang='grc' dir='ltr'>εἶχον</span> <span class='ocrx_word' id='word_1_412' title='bbox 1359 1728 1432 1772; x_wconf 84' lang='grc' dir='ltr'>ἔθος</span> <span class='ocrx_word' id='word_1_413' title='bbox 1451 1731 1579 1767; x_wconf 87' lang='grc' dir='ltr'>πωλεῖν</span> <span class='ocrx_word' id='word_1_414' title='bbox 1596 1730 1672 1773; x_wconf 80' lang='grc' dir='ltr'>τοὺς</span> <span class='ocrx_word' id='word_1_415' title='bbox 1694 1731 1776 1782; x_wconf 88' lang='grc' dir='ltr'>βόας</span> <span class='ocrx_word' id='word_1_416' title='bbox 1804 1731 1813 1780; x_wconf 96' lang='grc'>(</span> <span class='ocrx_word' id='word_1_417' title='bbox 1829 1730 1846 1768; x_wconf 83' lang='grc' dir='ltr'>ὃ</span> <span class='ocrx_word' id='word_1_418' title='bbox 1863 1732 1921 1769; x_wconf 81' lang='grc' dir='ltr'>καὶ</span> <span class='ocrx_word' id='word_1_419' title='bbox 1944 1732 2080 1784; x_wconf 82' lang='grc' dir='ltr'>ἐκράτει</span> <span class='ocrx_word' id='word_1_420' title='bbox 2099 1732 2202 1784; x_wconf 80' lang='grc' dir='ltr'>μέχρι</span> <span class='ocrx_word' id='word_1_421' title='bbox 2219 1737 2279 1771; x_wconf 81' lang='grc' dir='ltr'>τοῦ</span> 
     </span>
     <span class='ocr_line' id='line_1_59' title="bbox 1242 1781 2279 1841; baseline 0.004 -17"><span class='ocrx_word' id='word_1_422' title='bbox 1242 1787 1499 1839; x_wconf 84' lang='grc' dir='ltr'>Κοπρωνύμου)</span> <span class='ocrx_word' id='word_1_423' title='bbox 1512 1819 1522 1834; x_wconf 92' lang='grc'>,</span> <span class='ocrx_word' id='word_1_424' title='bbox 1543 1781 1589 1831; x_wconf 70' lang='grc' dir='ltr'>εἷς</span> <span class='ocrx_word' id='word_1_425' title='bbox 1606 1787 1643 1825; x_wconf 80' lang='grc' dir='ltr'>δέ</span> <span class='ocrx_word' id='word_1_426' title='bbox 1659 1803 1742 1826; x_wconf 90' lang='grc' dir='ltr'>ποτε</span> <span class='ocrx_word' id='word_1_427' title='bbox 1761 1791 1839 1840; x_wconf 82' lang='grc' dir='ltr'>βοῦς</span> <span class='ocrx_word' id='word_1_428' title='bbox 1850 1791 2128 1841; x_wconf 87' lang='grc' dir='ltr'>οἷστρηλατήσας</span> <span class='ocrx_word' id='word_1_429' title='bbox 2144 1791 2279 1837; x_wconf 75' lang='grc' dir='ltr'>εἰσῆλθε</span> 
     </span>
     <span class='ocr_line' id='line_1_60' title="bbox 1239 1845 2280 1900; baseline 0.004 -19"><span class='ocrx_word' id='word_1_430' title='bbox 1239 1845 1301 1888; x_wconf 64' lang='grc' dir='ltr'>τὴν</span> <span class='ocrx_word' id='word_1_431' title='bbox 1334 1846 1513 1883; x_wconf 85' lang='grc' dir='ltr'>θάλασσαν</span> <span class='ocrx_word' id='word_1_432' title='bbox 1539 1846 1598 1884; x_wconf 81' lang='grc' dir='ltr'>καὶ</span> <span class='ocrx_word' id='word_1_433' title='bbox 1619 1846 1785 1898; x_wconf 83' lang='grc' dir='ltr'>ἐπέρασεν</span> <span class='ocrx_word' id='word_1_434' title='bbox 1810 1849 1856 1891; x_wconf 87' lang='grc' dir='ltr'>εἷς</span> <span class='ocrx_word' id='word_1_435' title='bbox 1876 1848 2114 1900; x_wconf 85' lang='grc' dir='ltr'>Χρυσόπολιν,</span> <span class='ocrx_word' id='word_1_436' title='bbox 2143 1847 2202 1886; x_wconf 83' lang='grc' dir='ltr'>καὶ</span> <span class='ocrx_word' id='word_1_437' title='bbox 2223 1847 2280 1886; x_wconf 84' lang='grc' dir='ltr'>διὰ</span> 
     </span>
     <span class='ocr_line' id='line_1_61' title="bbox 1239 1903 1712 1957; baseline 0.002 -16"><span class='ocrx_word' id='word_1_438' title='bbox 1239 1908 1339 1941; x_wconf 83' lang='grc' dir='ltr'>τοῦτο</span> <span class='ocrx_word' id='word_1_439' title='bbox 1356 1903 1483 1951; x_wconf 82' lang='grc' dir='ltr'>ἐκλήθη</span> <span class='ocrx_word' id='word_1_440' title='bbox 1507 1904 1712 1957; x_wconf 83' lang='grc' dir='ltr'>Βοσπόριον.</span> 
     </span>
    </p>
   </div>
   <div class='ocr_carea' id='block_1_10' title="bbox 1376 1998 2141 2040">
    <p class='ocr_par' dir='ltr' id='par_1_12' title="bbox 1376 1998 2141 2040">
     <span class='ocr_line' id='line_1_62' title="bbox 1376 1998 2141 2040; baseline 0.005 -4"><span class='ocrx_word' id='word_1_441' title='bbox 1376 1998 1620 2037; x_wconf 88' lang='grc' dir='ltr'>ΚΩΝΣΤΑΣ</span> <span class='ocrx_word' id='word_1_442' title='bbox 1650 1999 1736 2038; x_wconf 89' lang='grc' dir='ltr'>ΚΑΙ</span> <span class='ocrx_word' id='word_1_443' title='bbox 1764 2000 2141 2040; x_wconf 85' lang='grc' dir='ltr'><strong>Κ-ΩΝΣΤΑΝΤΙΟΣ.</strong></span> 
     </span>
    </p>
   </div>
   <div class='ocr_carea' id='block_1_11' title="bbox 1241 2100 2278 2264">
    <p class='ocr_par' dir='ltr' id='par_1_13' title="bbox 1241 2100 2278 2264">
     <span class='ocr_line' id='line_1_63' title="bbox 1718 2100 1803 2133; baseline 0.035 -11"><span class='ocrx_word' id='word_1_444' title='bbox 1718 2100 1803 2133; x_wconf 83' lang='lat'><em>172.</em></span> 
     </span>
     <span class='ocr_line' id='line_1_64' title="bbox 1292 2152 2277 2202; baseline 0.005 -13"><span class='ocrx_word' id='word_1_445' title='bbox 1292 2155 1384 2192; x_wconf 81' lang='lat' dir='ltr'><em>Exc.</em></span> <span class='ocrx_word' id='word_1_446' title='bbox 1407 2156 1464 2190; x_wconf 91' lang='lat' dir='ltr'>De</span> <span class='ocrx_word' id='word_1_447' title='bbox 1482 2155 1569 2190; x_wconf 84' lang='lat' dir='ltr'><strong>virt.</strong></span> <span class='ocrx_word' id='word_1_448' title='bbox 1590 2167 1631 2202; x_wconf 90' lang='lat' dir='ltr'>p.</span> <span class='ocrx_word' id='word_1_449' title='bbox 1656 2154 1730 2191; x_wconf 79' lang='lat'>838</span> <span class='ocrx_word' id='word_1_450' title='bbox 1753 2168 1762 2193; x_wconf 90' lang='lat'>:</span> <span class='ocrx_word' id='word_1_451' title='bbox 1784 2152 1870 2193; x_wconf 73' lang='grc' dir='ltr'>ςὈτι</span> <span class='ocrx_word' id='word_1_452' title='bbox 1897 2153 2064 2198; x_wconf 83' lang='grc' dir='ltr'>Κώνστας</span> <span class='ocrx_word' id='word_1_453' title='bbox 2086 2157 2104 2192; x_wconf 81' lang='grc' dir='ltr'>ὁ</span> <span class='ocrx_word' id='word_1_454' title='bbox 2119 2157 2199 2198; x_wconf 84' lang='grc' dir='ltr'>παῖς</span> <span class='ocrx_word' id='word_1_455' title='bbox 2217 2159 2277 2194; x_wconf 84' lang='grc' dir='ltr'>τοῦ</span> 
     </span>
     <span class='ocr_line' id='line_1_65' title="bbox 1241 2210 2278 2264; baseline 0.004 -17"><span class='ocrx_word' id='word_1_456' title='bbox 1241 2210 1394 2261; x_wconf 80' lang='grc' dir='ltr'>μεγάλου</span> <span class='ocrx_word' id='word_1_457' title='bbox 1422 2211 1685 2250; x_wconf 87' lang='grc' dir='ltr'>Κωνσταντίνου</span> <span class='ocrx_word' id='word_1_458' title='bbox 1705 2212 1826 2264; x_wconf 80' lang='grc' dir='ltr'>χρόνον</span> <span class='ocrx_word' id='word_1_459' title='bbox 1845 2213 1922 2250; x_wconf 82' lang='grc' dir='ltr'>τινὰ</span> <span class='ocrx_word' id='word_1_460' title='bbox 1945 2212 2100 2264; x_wconf 86' lang='grc' dir='ltr'>προῦστη</span> <span class='ocrx_word' id='word_1_461' title='bbox 2117 2216 2177 2259; x_wconf 80' lang='grc' dir='ltr'>τῆς</span> <span class='ocrx_word' id='word_1_462' title='bbox 2193 2216 2278 2264; x_wconf 80' lang='grc' dir='ltr'>ἡγε-</span> 
     </span>
    </p>
   </div>
   <div class='ocr_carea' id='block_1_12' title="bbox 130 2307 2280 3483">
    <p class='ocr_par' dir='ltr' id='par_1_14' title="bbox 132 2307 2279 2643">
     <span class='ocr_line' id='line_1_66' title="bbox 134 2307 2278 2364; baseline 0.001 -12"><span class='ocrx_word' id='word_1_463' title='bbox 134 2322 321 2362; x_wconf 74' lang='lat' dir='ltr'><em>expulsus,</em></span> <span class='ocrx_word' id='word_1_464' title='bbox 338 2324 380 2354; x_wconf 84' lang='lat' dir='ltr'>ut</span> <span class='ocrx_word' id='word_1_465' title='bbox 401 2307 627 2354; x_wconf 67' lang='lat' dir='ltr'><em>constarftino</em></span> <span class='ocrx_word' id='word_1_466' title='bbox 639 2330 762 2362; x_wconf 81' lang='lat' dir='ltr'><em>qenero</em></span> <span class='ocrx_word' id='word_1_467' title='bbox 771 2322 980 2362; x_wconf 74' lang='lat' dir='ltr'><em>junqeretur</em></span> <span class='ocrx_word' id='word_1_468' title='bbox 997 2333 1004 2352; x_wconf 74' lang='grc' dir='ltr'><strong>ε</strong></span> <span class='ocrx_word' id='word_1_469' title='bbox 1019 2320 1164 2352; x_wconf 82' lang='lat' dir='ltr'><em>moliens</em></span> <span class='ocrx_word' id='word_1_470' title='bbox 1182 2322 1296 2352; x_wconf 84' lang='lat' dir='ltr'><em>tamen</em></span> <span class='ocrx_word' id='word_1_471' title='bbox 1317 2323 1585 2354; x_wconf 86' lang='lat' dir='ltr'><em>Constantinum</em></span> <span class='ocrx_word' id='word_1_472' title='bbox 1599 2324 1736 2362; x_wconf 86' lang='lat' dir='ltr'><em>reperta</em></span> <span class='ocrx_word' id='word_1_473' title='bbox 1753 2325 1925 2355; x_wconf 79' lang='lat' dir='ltr'><em>occasione</em></span> <span class='ocrx_word' id='word_1_474' title='bbox 1939 2323 2146 2363; x_wconf 83' lang='lat' dir='ltr'><em>interficere,</em></span> <span class='ocrx_word' id='word_1_475' title='bbox 2161 2325 2220 2364; x_wconf 85' lang='lat' dir='ltr'>qui</span> <span class='ocrx_word' id='word_1_476' title='bbox 2240 2326 2278 2355; x_wconf 84' lang='lat' dir='ltr'>in</span> 
     </span>
     <span class='ocr_line' id='line_1_67' title="bbox 138 2367 2279 2411; baseline 0 -10"><span class='ocrx_word' id='word_1_477' title='bbox 138 2369 262 2401; x_wconf 84' lang='lat' dir='ltr'><em>Galliis</em></span> <span class='ocrx_word' id='word_1_478' title='bbox 279 2371 314 2401; x_wconf 85' lang='lat' dir='ltr'>et</span> <span class='ocrx_word' id='word_1_479' title='bbox 330 2369 484 2401; x_wconf 87' lang='lat' dir='ltr'><em>militum</em></span> <span class='ocrx_word' id='word_1_480' title='bbox 500 2371 533 2401; x_wconf 87' lang='lat' dir='ltr'>ct</span> <span class='ocrx_word' id='word_1_481' title='bbox 556 2369 826 2410; x_wconf 83' lang='lat' dir='ltr'><em>provincialium</em></span> <span class='ocrx_word' id='word_1_482' title='bbox 843 2368 1063 2408; x_wconf 78' lang='lat' dir='ltr'><em>inqcntijam</em></span> <span class='ocrx_word' id='word_1_483' title='bbox 1073 2367 1201 2407; x_wconf 79' lang='lat' dir='ltr'><em>favore</em></span> <span class='ocrx_word' id='word_1_484' title='bbox 1220 2368 1407 2407; x_wconf 78' lang='lat' dir='ltr'><em>reqnabat,</em></span> <span class='ocrx_word' id='word_1_485' title='bbox 1435 2371 1529 2401; x_wconf 76' lang='lat' dir='ltr'><em>caesis</em></span> <span class='ocrx_word' id='word_1_486' title='bbox 1549 2371 1693 2402; x_wconf 87' lang='lat' dir='ltr'><em>Francis</em></span> <span class='ocrx_word' id='word_1_487' title='bbox 1720 2371 1824 2410; x_wconf 86' lang='lat' dir='ltr'><em>atque</em></span> <span class='ocrx_word' id='word_1_488' title='bbox 1848 2370 2071 2409; x_wconf 89' lang='lat' dir='ltr'><em>Alamannis,</em></span> <span class='ocrx_word' id='word_1_489' title='bbox 2097 2373 2279 2411; x_wconf 88' lang='lat' dir='ltr'><em>captisque</em></span> 
     </span>
     <span class='ocr_line' id='line_1_68' title="bbox 133 2413 2278 2457; baseline -0.001 -9"><span class='ocrx_word' id='word_1_490' title='bbox 133 2424 252 2457; x_wconf 80' lang='lat' dir='ltr'><em>eorum</em></span> <span class='ocrx_word' id='word_1_491' title='bbox 276 2416 436 2456; x_wconf 62' lang='lat' dir='ltr'><em>nvibus,</em></span> <span class='ocrx_word' id='word_1_492' title='bbox 458 2425 542 2457; x_wconf 86' lang='lat' dir='ltr'><em>quos</em></span> <span class='ocrx_word' id='word_1_493' title='bbox 563 2418 668 2447; x_wconf 87' lang='lat' dir='ltr'><em>etiam</em></span> <span class='ocrx_word' id='word_1_494' title='bbox 696 2416 826 2454; x_wconf 87' lang='lat' dir='ltr'><em>bestiis,</em></span> <span class='ocrx_word' id='word_1_495' title='bbox 845 2424 953 2456; x_wconf 85' lang='lat' dir='ltr'><em>quum</em></span> <span class='ocrx_word' id='word_1_496' title='bbox 970 2413 1193 2454; x_wconf 80' lang='lat' dir='ltr'><em>maqnificum</em></span> <span class='ocrx_word' id='word_1_497' title='bbox 1208 2415 1443 2454; x_wconf 85' lang='lat' dir='ltr'><em>spectaculum</em></span> <span class='ocrx_word' id='word_1_498' title='bbox 1468 2417 1622 2446; x_wconf 87' lang='lat' dir='ltr'><em>muneris</em></span> <span class='ocrx_word' id='word_1_499' title='bbox 1639 2417 1819 2456; x_wconf 87' lang='lat' dir='ltr'><em>parasset,</em></span> <span class='ocrx_word' id='word_1_500' title='bbox 1839 2415 1970 2455; x_wconf 72' lang='lat' dir='ltr'><em>obiecit.</em></span> <span class='ocrx_word' id='word_1_501' title='bbox 2001 2417 2146 2447; x_wconf 84' lang='lat' dir='ltr'><em>Detectis</em></span> <span class='ocrx_word' id='word_1_502' title='bbox 2169 2417 2278 2455; x_wconf 78' lang='lat' dir='ltr'><em>iqitur</em></span> 
     </span>
     <span class='ocr_line' id='line_1_69' title="bbox 133 2458 2279 2503; baseline -0.001 -8"><span class='ocrx_word' id='word_1_503' title='bbox 133 2458 271 2495; x_wconf 76' lang='lat' dir='ltr'><strong><em>insidiis</em></strong></span> <span class='ocrx_word' id='word_1_504' title='bbox 286 2471 349 2503; x_wconf 88' lang='lat' dir='ltr'>per</span> <span class='ocrx_word' id='word_1_505' title='bbox 367 2464 537 2494; x_wconf 85' lang='lat' dir='ltr'><em>Faustam</em></span> <span class='ocrx_word' id='word_1_506' title='bbox 552 2462 685 2503; x_wconf 81' lang='lat' dir='ltr'><em>filiam,</em></span> <span class='ocrx_word' id='word_1_507' title='bbox 704 2471 779 2503; x_wconf 79' lang='lat' dir='ltr'>quae</span> <span class='ocrx_word' id='word_1_508' title='bbox 795 2462 913 2494; x_wconf 86' lang='lat' dir='ltr'><em>dolum</em></span> <span class='ocrx_word' id='word_1_509' title='bbox 930 2464 1004 2494; x_wconf 90' lang='lat' dir='ltr'><em>viro</em></span> <span class='ocrx_word' id='word_1_510' title='bbox 1023 2463 1271 2500; x_wconf 85' lang='lat' dir='ltr'><em>nuntiaverat,</em></span> <span class='ocrx_word' id='word_1_511' title='bbox 1286 2460 1442 2502; x_wconf 74' lang='lat' dir='ltr'><em>prosuqit</em></span> <span class='ocrx_word' id='word_1_512' title='bbox 1462 2461 1664 2500; x_wconf 78' lang='lat' dir='ltr'><strong><em>Herculius,</em></strong></span> <span class='ocrx_word' id='word_1_513' title='bbox 1695 2461 1927 2501; x_wconf 60' lang='lat' dir='ltr'><em>Massiliaeque</em></span> <span class='ocrx_word' id='word_1_514' title='bbox 1951 2468 2132 2500; x_wconf 85' lang='lat' dir='ltr'><em>oppressus</em></span> <span class='ocrx_word' id='word_1_515' title='bbox 2150 2461 2216 2501; x_wconf 76' lang='lat' dir='ltr'>(ex</span> <span class='ocrx_word' id='word_1_516' title='bbox 2238 2469 2279 2492; x_wconf 87' lang='lat' dir='ltr'>ea</span> 
     </span>
     <span class='ocr_line' id='line_1_70' title="bbox 132 2507 2276 2549; baseline -0.002 -8"><span class='ocrx_word' id='word_1_517' title='bbox 132 2511 259 2542; x_wconf 83' lang='lat' dir='ltr'><em>etenim</em></span> <span class='ocrx_word' id='word_1_518' title='bbox 274 2510 442 2548; x_wconf 76' lang='lat' dir='ltr'><em>naviqare</em></span> <span class='ocrx_word' id='word_1_519' title='bbox 459 2508 634 2549; x_wconf 87' lang='lat' dir='ltr'><em>adfilium</em></span> <span class='ocrx_word' id='word_1_520' title='bbox 653 2509 880 2549; x_wconf 77' lang='lat' dir='ltr'><em>praeparabat</em></span> <span class='ocrx_word' id='word_1_521' title='bbox 892 2509 902 2549; x_wconf 97' lang='lat'>)</span> <span class='ocrx_word' id='word_1_522' title='bbox 913 2532 922 2548; x_wconf 91' lang='lat'><em>,</em></span> <span class='ocrx_word' id='word_1_523' title='bbox 938 2517 1059 2548; x_wconf 86' lang='lat' dir='ltr'><em>paenas</em></span> <span class='ocrx_word' id='word_1_524' title='bbox 1074 2508 1170 2541; x_wconf 88' lang='lat' dir='ltr'><em>dedit</em></span> <span class='ocrx_word' id='word_1_525' title='bbox 1183 2509 1378 2548; x_wconf 86' lang='lat' dir='ltr'><em>justissimo</em></span> <span class='ocrx_word' id='word_1_526' title='bbox 1390 2510 1500 2540; x_wconf 83' lang='lat' dir='ltr'><em>exitu.</em></span> <span class='ocrx_word' id='word_1_527' title='bbox 1519 2525 1560 2531; x_wconf 90' lang='lat'><strong>—</strong></span> <span class='ocrx_word' id='word_1_528' title='bbox 1579 2507 1794 2549; x_wconf 85' lang='grc' dir='ltr'>Ἀλαμανοὺ</span> <span class='ocrx_word' id='word_1_529' title='bbox 1804 2507 1839 2548; x_wconf 85' lang='grc' dir='ltr'>ς]</span> <span class='ocrx_word' id='word_1_530' title='bbox 1861 2507 2021 2543; x_wconf 68' lang='grc' dir='ltr'>Ἀλὸανοὺς</span> <span class='ocrx_word' id='word_1_531' title='bbox 2035 2507 2104 2538; x_wconf 84' lang='lat' dir='ltr'><em>cod.</em></span> <span class='ocrx_word' id='word_1_532' title='bbox 2120 2526 2161 2532; x_wconf 96' lang='lat'><strong>—</strong></span> <span class='ocrx_word' id='word_1_533' title='bbox 2175 2507 2276 2538; x_wconf 79' lang='grc' dir='ltr'>ἀναι-</span> 
     </span>
     <span class='ocr_line' id='line_1_71' title="bbox 135 2553 2279 2598; baseline -0.002 -9"><span class='ocrx_word' id='word_1_534' title='bbox 135 2557 259 2598; x_wconf 79' lang='grc' dir='ltr'>ρεθεὶς</span> <span class='ocrx_word' id='word_1_535' title='bbox 281 2557 319 2588; x_wconf 84' lang='grc' dir='ltr'>ἐν</span> <span class='ocrx_word' id='word_1_536' title='bbox 341 2555 453 2596; x_wconf 82' lang='grc' dir='ltr'>δίκῃ]</span> <span class='ocrx_word' id='word_1_537' title='bbox 471 2558 546 2588; x_wconf 83' lang='lat' dir='ltr'><strong>Post</strong></span> <span class='ocrx_word' id='word_1_538' title='bbox 564 2556 634 2588; x_wconf 85' lang='lat' dir='ltr'><em>haec</em></span> <span class='ocrx_word' id='word_1_539' title='bbox 650 2556 681 2588; x_wconf 92' lang='lat' dir='ltr'>in</span> <span class='ocrx_word' id='word_1_540' title='bbox 698 2555 769 2588; x_wconf 89' lang='lat' dir='ltr'><em>cod.</em></span> <span class='ocrx_word' id='word_1_541' title='bbox 789 2558 977 2597; x_wconf 84' lang='lat' dir='ltr'><em>sequuntur,</em></span> <span class='ocrx_word' id='word_1_542' title='bbox 994 2555 1147 2597; x_wconf 80' lang='lat' dir='ltr'><em>tanquam</em></span> <span class='ocrx_word' id='word_1_543' title='bbox 1164 2556 1203 2588; x_wconf 87' lang='lat' dir='ltr'><em>ad</em></span> <span class='ocrx_word' id='word_1_544' title='bbox 1223 2556 1357 2589; x_wconf 85' lang='lat' dir='ltr'><em>eandem</em></span> <span class='ocrx_word' id='word_1_545' title='bbox 1382 2563 1449 2587; x_wconf 84' lang='lat' dir='ltr'>rem</span> <span class='ocrx_word' id='word_1_546' title='bbox 1467 2555 1658 2596; x_wconf 80' lang='lat' dir='ltr'>pertinentia</span> <span class='ocrx_word' id='word_1_547' title='bbox 1678 2564 1687 2586; x_wconf 88' lang='lat'>:</span> <span class='ocrx_word' id='word_1_548' title='bbox 1706 2554 1802 2595; x_wconf 85' lang='grc' dir='ltr'>ὀγδόῃ</span> <span class='ocrx_word' id='word_1_549' title='bbox 1818 2553 1877 2595; x_wconf 84' lang='grc' dir='ltr'>γάρ</span> <span class='ocrx_word' id='word_1_550' title='bbox 1893 2565 1953 2585; x_wconf 89' lang='grc' dir='ltr'>που</span> <span class='ocrx_word' id='word_1_551' title='bbox 1977 2554 2029 2585; x_wconf 76' lang='grc' dir='ltr'>καὶ</span> <span class='ocrx_word' id='word_1_552' title='bbox 2055 2554 2180 2594; x_wconf 81' lang='grc' dir='ltr'>εἰκοστῇ</span> <span class='ocrx_word' id='word_1_553' title='bbox 2197 2555 2256 2585; x_wconf 86' lang='lat' dir='ltr'><em>etc.</em></span> <span class='ocrx_word' id='word_1_554' title='bbox 2269 2578 2279 2593; x_wconf 92' lang='lat'><strong>,</strong></span> 
     </span>
     <span class='ocr_line' id='line_1_72' title="bbox 133 2603 638 2643; baseline 0.002 -9"><span class='ocrx_word' id='word_1_555' title='bbox 133 2612 208 2643; x_wconf 75' lang='lat' dir='ltr'><em>quae</em></span> <span class='ocrx_word' id='word_1_556' title='bbox 222 2603 372 2643; x_wconf 80' lang='lat' dir='ltr'><em>leguntur</em></span> <span class='ocrx_word' id='word_1_557' title='bbox 385 2603 417 2633; x_wconf 88' lang='lat' dir='ltr'>in</span> <span class='ocrx_word' id='word_1_558' title='bbox 434 2603 545 2642; x_wconf 81' lang='lat' dir='ltr'>fragm.</span> <span class='ocrx_word' id='word_1_559' title='bbox 567 2603 638 2637; x_wconf 74' lang='lat' dir='ltr'>174.v</span> 
     </span>
    </p>

    <p class='ocr_par' dir='ltr' id='par_1_15' title="bbox 130 2648 2280 3110">
     <span class='ocr_line' id='line_1_73' title="bbox 176 2648 2280 2691; baseline -0.001 -9"><span class='ocrx_word' id='word_1_560' title='bbox 176 2652 229 2682; x_wconf 87' lang='lat' dir='ltr'>Fr.</span> <span class='ocrx_word' id='word_1_561' title='bbox 250 2651 319 2683; x_wconf 90' lang='lat'>170.</span> <span class='ocrx_word' id='word_1_562' title='bbox 342 2649 514 2689; x_wconf 82' lang='lat' dir='ltr'><strong>Eutropius</strong></span> <span class='ocrx_word' id='word_1_563' title='bbox 529 2651 554 2681; x_wconf 89' lang='lat' dir='ltr'>X</span> <span class='ocrx_word' id='word_1_564' title='bbox 566 2673 575 2689; x_wconf 94' lang='lat'>‚</span> <span class='ocrx_word' id='word_1_565' title='bbox 591 2652 607 2681; x_wconf 76' lang='lat'>4</span> <span class='ocrx_word' id='word_1_566' title='bbox 625 2663 633 2682; x_wconf 69' lang='grc' dir='ltr'>ε</span> <span class='ocrx_word' id='word_1_567' title='bbox 656 2652 778 2682; x_wconf 86' lang='lat' dir='ltr'><em>Verum</em></span> <span class='ocrx_word' id='word_1_568' title='bbox 795 2650 983 2682; x_wconf 78' lang='lat' dir='ltr'><em>insolentia</em></span> <span class='ocrx_word' id='word_1_569' title='bbox 999 2658 1119 2683; x_wconf 86' lang='lat' dir='ltr'><em>rerum</em></span> <span class='ocrx_word' id='word_1_570' title='bbox 1137 2649 1372 2682; x_wconf 85' lang='lat' dir='ltr'><em>secundarum</em></span> <span class='ocrx_word' id='word_1_571' title='bbox 1397 2649 1624 2691; x_wconf 87' lang='lat' dir='ltr'><em>aliquantum</em></span> <span class='ocrx_word' id='word_1_572' title='bbox 1650 2650 1918 2682; x_wconf 83' lang='lat' dir='ltr'><em>Constantinum</em></span> <span class='ocrx_word' id='word_1_573' title='bbox 1940 2656 1984 2679; x_wconf 76' lang='lat' dir='ltr'>ex</span> <span class='ocrx_word' id='word_1_574' title='bbox 1998 2648 2074 2680; x_wconf 74' lang='lat' dir='ltr'><em>illa</em></span> <span class='ocrx_word' id='word_1_575' title='bbox 2085 2648 2280 2688; x_wconf 82' lang='lat' dir='ltr'><em>favorabili</em></span> 
     </span>
     <span class='ocr_line' id='line_1_74' title="bbox 134 2696 2276 2738; baseline -0.001 -9"><span class='ocrx_word' id='word_1_576' title='bbox 134 2698 249 2729; x_wconf 84' lang='lat' dir='ltr'><em>animi</em></span> <span class='ocrx_word' id='word_1_577' title='bbox 263 2696 444 2729; x_wconf 79' lang='lat' dir='ltr'><em>docilitate</em></span> <span class='ocrx_word' id='word_1_578' title='bbox 457 2698 617 2728; x_wconf 89' lang='lat' dir='ltr'><em>mutavit.</em></span> <span class='ocrx_word' id='word_1_579' title='bbox 636 2699 796 2728; x_wconf 86' lang='lat' dir='ltr'><em>Primum</em></span> <span class='ocrx_word' id='word_1_580' title='bbox 811 2697 1076 2730; x_wconf 73' lang='lat' dir='ltr'><em>necessitudines</em></span> <span class='ocrx_word' id='word_1_581' title='bbox 1087 2700 1287 2738; x_wconf 88' lang='lat' dir='ltr'><em>persecutus</em></span> <span class='ocrx_word' id='word_1_582' title='bbox 1305 2699 1467 2737; x_wconf 81' lang='lat' dir='ltr'><em>Crispum</em></span> <span class='ocrx_word' id='word_1_583' title='bbox 1475 2697 1617 2737; x_wconf 80' lang='lat' dir='ltr'><em>filium,</em></span> <span class='ocrx_word' id='word_1_584' title='bbox 1631 2699 1801 2737; x_wconf 78' lang='lat' dir='ltr'><em>eqreqium</em></span> <span class='ocrx_word' id='word_1_585' title='bbox 1814 2698 1928 2728; x_wconf 88' lang='lat' dir='ltr'><em>virum</em></span> <span class='ocrx_word' id='word_1_586' title='bbox 1944 2698 1977 2727; x_wconf 89' lang='lat' dir='ltr'>et</span> <span class='ocrx_word' id='word_1_587' title='bbox 1996 2698 2124 2727; x_wconf 83' lang='lat' dir='ltr'><em>sororis</em></span> <span class='ocrx_word' id='word_1_588' title='bbox 2133 2696 2256 2735; x_wconf 85' lang='lat' dir='ltr'><em>fitium</em></span> <span class='ocrx_word' id='word_1_589' title='bbox 2267 2720 2276 2735; x_wconf 87' lang='lat'><em>‚</em></span> 
     </span>
     <span class='ocr_line' id='line_1_75' title="bbox 134 2741 2277 2785; baseline -0 -11"><span class='ocrx_word' id='word_1_590' title='bbox 134 2742 317 2774; x_wconf 67' lang='lat' dir='ltr'><em>commodae</em></span> <span class='ocrx_word' id='word_1_591' title='bbox 330 2741 460 2774; x_wconf 85' lang='lat' dir='ltr'><em>indolis</em></span> <span class='ocrx_word' id='word_1_592' title='bbox 469 2742 632 2782; x_wconf 83' lang='lat' dir='ltr'><em>juvenem</em></span> <span class='ocrx_word' id='word_1_593' title='bbox 647 2743 719 2783; x_wconf 75' lang='grc' dir='ltr'>(τῆς</span> <span class='ocrx_word' id='word_1_594' title='bbox 733 2743 861 2784; x_wconf 69' lang='grc' dir='ltr'>ἀδελφῆς</span> <span class='ocrx_word' id='word_1_595' title='bbox 873 2744 926 2775; x_wconf 88' lang='grc' dir='ltr'>τὸν</span> <span class='ocrx_word' id='word_1_596' title='bbox 938 2744 1006 2775; x_wconf 80' lang='grc' dir='ltr'>υἱὸν</span> <span class='ocrx_word' id='word_1_597' title='bbox 1020 2744 1186 2785; x_wconf 83' lang='grc' dir='ltr'>Κομμόδης</span> <span class='ocrx_word' id='word_1_598' title='bbox 1198 2746 1315 2776; x_wconf 90' lang='lat' dir='ltr'><em>Joann.</em></span> <span class='ocrx_word' id='word_1_599' title='bbox 1328 2743 1353 2784; x_wconf 89' lang='lat'>)‚</span> <span class='ocrx_word' id='word_1_600' title='bbox 1368 2743 1543 2782; x_wconf 77' lang='lat' dir='ltr'><em>interfecit</em></span> <span class='ocrx_word' id='word_1_601' title='bbox 1550 2752 1562 2779; x_wconf 89' lang='lat'><em>;</em></span> <span class='ocrx_word' id='word_1_602' title='bbox 1576 2751 1656 2774; x_wconf 75' lang='lat' dir='ltr'><em>mox</em></span> <span class='ocrx_word' id='word_1_603' title='bbox 1669 2751 1824 2781; x_wconf 64' lang='lat' dir='ltr'><em>uxorem,</em></span> <span class='ocrx_word' id='word_1_604' title='bbox 1836 2744 1912 2782; x_wconf 87' lang='lat' dir='ltr'><em>post</em></span> <span class='ocrx_word' id='word_1_605' title='bbox 1926 2751 2123 2773; x_wconf 84' lang='lat' dir='ltr'><em>numerosos</em></span> <span class='ocrx_word' id='word_1_606' title='bbox 2137 2745 2277 2774; x_wconf 81' lang='lat' dir='ltr'><em>amicos.</em></span> 
     </span>
     <span class='ocr_line' id='line_1_76' title="bbox 141 2790 2278 2831; baseline -0 -10"><span class='ocrx_word' id='word_1_607' title='bbox 141 2791 197 2822; x_wconf 81' lang='lat' dir='ltr'>Vir</span> <span class='ocrx_word' id='word_1_608' title='bbox 211 2790 326 2830; x_wconf 82' lang='lat' dir='ltr'><em>primo</em></span> <span class='ocrx_word' id='word_1_609' title='bbox 345 2790 482 2828; x_wconf 83' lang='lat' dir='ltr'><em>imperii</em></span> <span class='ocrx_word' id='word_1_610' title='bbox 497 2791 650 2829; x_wconf 83' lang='lat' dir='ltr'><em>tempore</em></span> <span class='ocrx_word' id='word_1_611' title='bbox 660 2792 801 2830; x_wconf 86' lang='lat' dir='ltr'><em>optimis</em></span> <span class='ocrx_word' id='word_1_612' title='bbox 819 2790 1054 2831; x_wconf 89' lang='lat' dir='ltr'><em>principibus,</em></span> <span class='ocrx_word' id='word_1_613' title='bbox 1069 2792 1194 2823; x_wconf 84' lang='lat' dir='ltr'><em>ultimo</em></span> <span class='ocrx_word' id='word_1_614' title='bbox 1206 2790 1329 2823; x_wconf 85' lang='lat' dir='ltr'><em>mediis</em></span> <span class='ocrx_word' id='word_1_615' title='bbox 1343 2790 1609 2831; x_wconf 87' lang='lat' dir='ltr'><em>comparandus.</em></span> <span class='ocrx_word' id='word_1_616' title='bbox 1623 2793 1820 2822; x_wconf 61' lang='lat' dir='ltr'><em>Innumerae</em></span> <span class='ocrx_word' id='word_1_617' title='bbox 1835 2791 1870 2820; x_wconf 87' lang='lat' dir='ltr'>in</span> <span class='ocrx_word' id='word_1_618' title='bbox 1884 2798 1921 2820; x_wconf 88' lang='lat' dir='ltr'>eo</span> <span class='ocrx_word' id='word_1_619' title='bbox 1935 2791 2045 2820; x_wconf 86' lang='lat' dir='ltr'><em>animi</em></span> <span class='ocrx_word' id='word_1_620' title='bbox 2060 2792 2278 2830; x_wconf 81' lang='lat' dir='ltr'><em>corporisque</em></span> 
     </span>
     <span class='ocr_line' id='line_1_77' title="bbox 135 2835 2279 2878; baseline 0 -11"><span class='ocrx_word' id='word_1_621' title='bbox 135 2837 283 2867; x_wconf 85' lang='lat' dir='ltr'><em>virtutes</em></span> <span class='ocrx_word' id='word_1_622' title='bbox 298 2835 520 2868; x_wconf 88' lang='lat' dir='ltr'><em>claruerunt.</em></span> <span class='ocrx_word' id='word_1_623' title='bbox 539 2836 708 2868; x_wconf 83' lang='lat' dir='ltr'><em>Militaris</em></span> <span class='ocrx_word' id='word_1_624' title='bbox 724 2837 843 2875; x_wconf 73' lang='lat' dir='ltr'><em>qloriae</em></span> <span class='ocrx_word' id='word_1_625' title='bbox 865 2839 1191 2877; x_wconf 82' lang='lat' dir='ltr'><em>appetentissimus,</em></span> <span class='ocrx_word' id='word_1_626' title='bbox 1203 2837 1359 2878; x_wconf 86' lang='lat' dir='ltr'><em>fortuna</em></span> <span class='ocrx_word' id='word_1_627' title='bbox 1374 2839 1410 2869; x_wconf 88' lang='lat' dir='ltr'>in</span> <span class='ocrx_word' id='word_1_628' title='bbox 1430 2837 1527 2869; x_wconf 84' lang='lat' dir='ltr'><em>bellis</em></span> <span class='ocrx_word' id='word_1_629' title='bbox 1546 2844 1711 2877; x_wconf 82' lang='lat' dir='ltr'><em>prospera</em></span> <span class='ocrx_word' id='word_1_630' title='bbox 1721 2835 1821 2875; x_wconf 86' lang='lat' dir='ltr'><em>suit,</em></span> <span class='ocrx_word' id='word_1_631' title='bbox 1843 2843 1965 2867; x_wconf 84' lang='lat' dir='ltr'><em>verum</em></span> <span class='ocrx_word' id='word_1_632' title='bbox 1982 2837 2034 2866; x_wconf 82' lang='lat' dir='ltr'>ita</span> <span class='ocrx_word' id='word_1_633' title='bbox 2046 2859 2056 2875; x_wconf 90' lang='lat'><em>‚</em></span> <span class='ocrx_word' id='word_1_634' title='bbox 2075 2838 2115 2867; x_wconf 89' lang='lat' dir='ltr'>ut</span> <span class='ocrx_word' id='word_1_635' title='bbox 2133 2844 2198 2867; x_wconf 90' lang='lat' dir='ltr'>non</span> <span class='ocrx_word' id='word_1_636' title='bbox 2222 2844 2279 2867; x_wconf 88' lang='lat' dir='ltr'>su-</span> 
     </span>
     <span class='ocr_line' id='line_1_78' title="bbox 130 2880 2275 2924; baseline 0 -11"><span class='ocrx_word' id='word_1_637' title='bbox 130 2883 275 2922; x_wconf 81' lang='lat' dir='ltr'><em>peraret</em></span> <span class='ocrx_word' id='word_1_638' title='bbox 291 2880 522 2914; x_wconf 86' lang='lat' dir='ltr'><em>industriam.</em></span> <span class='ocrx_word' id='word_1_639' title='bbox 548 2883 641 2914; x_wconf 87' lang='lat' dir='ltr'>Nam</span> <span class='ocrx_word' id='word_1_640' title='bbox 664 2884 772 2915; x_wconf 86' lang='lat' dir='ltr'><em>etiam</em></span> <span class='ocrx_word' id='word_1_641' title='bbox 792 2883 938 2919; x_wconf 78' lang='lat' dir='ltr'><em>Gothos,</em></span> <span class='ocrx_word' id='word_1_642' title='bbox 956 2885 1033 2924; x_wconf 82' lang='lat' dir='ltr'><em>post</em></span> <span class='ocrx_word' id='word_1_643' title='bbox 1047 2885 1149 2916; x_wconf 86' lang='lat' dir='ltr'><em>civile</em></span> <span class='ocrx_word' id='word_1_644' title='bbox 1170 2884 1317 2921; x_wconf 86' lang='lat' dir='ltr'><em>bellum,</em></span> <span class='ocrx_word' id='word_1_645' title='bbox 1335 2885 1433 2916; x_wconf 88' lang='lat' dir='ltr'><em>varie</em></span> <span class='ocrx_word' id='word_1_646' title='bbox 1456 2882 1674 2923; x_wconf 83' lang='lat' dir='ltr'><em>profliqavit,</em></span> <span class='ocrx_word' id='word_1_647' title='bbox 1697 2891 1780 2922; x_wconf 89' lang='lat' dir='ltr'><em>pace</em></span> <span class='ocrx_word' id='word_1_648' title='bbox 1797 2882 1849 2914; x_wconf 85' lang='lat' dir='ltr'>his</span> <span class='ocrx_word' id='word_1_649' title='bbox 1871 2881 1920 2913; x_wconf 86' lang='lat' dir='ltr'><em>ad</em></span> <span class='ocrx_word' id='word_1_650' title='bbox 1936 2884 2147 2922; x_wconf 86' lang='lat' dir='ltr'><em>postremum</em></span> <span class='ocrx_word' id='word_1_651' title='bbox 2171 2882 2275 2918; x_wconf 88' lang='lat' dir='ltr'><em>data,</em></span> 
     </span>
     <span class='ocr_line' id='line_1_79' title="bbox 135 2928 2276 2970; baseline 0 -10"><span class='ocrx_word' id='word_1_652' title='bbox 135 2930 376 2970; x_wconf 79' lang='lat' dir='ltr'><em>inqentemque</em></span> <span class='ocrx_word' id='word_1_653' title='bbox 390 2928 489 2968; x_wconf 87' lang='lat' dir='ltr'><em>apud</em></span> <span class='ocrx_word' id='word_1_654' title='bbox 502 2928 674 2961; x_wconf 85' lang='lat' dir='ltr'><em>barbaras</em></span> <span class='ocrx_word' id='word_1_655' title='bbox 687 2932 802 2969; x_wconf 79' lang='lat' dir='ltr'><em>qentes</em></span> <span class='ocrx_word' id='word_1_656' title='bbox 817 2933 1022 2962; x_wconf 84' lang='lat' dir='ltr'><em>memoriam</em></span> <span class='ocrx_word' id='word_1_657' title='bbox 1035 2933 1159 2970; x_wconf 74' lang='lat' dir='ltr'><em>qratiae</em></span> <span class='ocrx_word' id='word_1_658' title='bbox 1173 2932 1365 2963; x_wconf 81' lang='lat' dir='ltr'><em>collocavit.</em></span> <span class='ocrx_word' id='word_1_659' title='bbox 1383 2929 1548 2962; x_wconf 84' lang='lat' dir='ltr'><em>Civilibus</em></span> <span class='ocrx_word' id='word_1_660' title='bbox 1562 2929 1701 2960; x_wconf 80' lang='lat' dir='ltr'><em>artibus</em></span> <span class='ocrx_word' id='word_1_661' title='bbox 1715 2931 1747 2960; x_wconf 91' lang='lat' dir='ltr'>et</span> <span class='ocrx_word' id='word_1_662' title='bbox 1762 2928 1965 2961; x_wconf 84' lang='lat' dir='ltr'><em>liberalibus</em></span> <span class='ocrx_word' id='word_1_663' title='bbox 1978 2929 2104 2960; x_wconf 84' lang='lat' dir='ltr'><em>studiis</em></span> <span class='ocrx_word' id='word_1_664' title='bbox 2118 2929 2258 2961; x_wconf 86' lang='lat' dir='ltr'><em>deditus</em></span> <span class='ocrx_word' id='word_1_665' title='bbox 2268 2952 2276 2966; x_wconf 91' lang='lat'><strong>‚</strong></span> 
     </span>
     <span class='ocr_line' id='line_1_80' title="bbox 135 2975 2279 3017; baseline 0 -9"><span class='ocrx_word' id='word_1_666' title='bbox 135 2975 331 3015; x_wconf 81' lang='lat' dir='ltr'><em>assectator</em></span> <span class='ocrx_word' id='word_1_667' title='bbox 343 2975 437 3016; x_wconf 88' lang='lat' dir='ltr'><em>justi</em></span> <span class='ocrx_word' id='word_1_668' title='bbox 463 2977 609 3012; x_wconf 86' lang='lat' dir='ltr'><em>amoris,</em></span> <span class='ocrx_word' id='word_1_669' title='bbox 632 2984 734 3017; x_wconf 88' lang='lat' dir='ltr'><em>quem</em></span> <span class='ocrx_word' id='word_1_670' title='bbox 753 2976 797 3008; x_wconf 92' lang='lat' dir='ltr'><em>ab</em></span> <span class='ocrx_word' id='word_1_671' title='bbox 813 2976 969 3009; x_wconf 86' lang='lat' dir='ltr'><em>omnibus</em></span> <span class='ocrx_word' id='word_1_672' title='bbox 985 2976 1050 3009; x_wconf 84' lang='lat' dir='ltr'><em>sibi</em></span> <span class='ocrx_word' id='word_1_673' title='bbox 1068 2980 1100 3010; x_wconf 88' lang='lat' dir='ltr'>et</span> <span class='ocrx_word' id='word_1_674' title='bbox 1117 2978 1329 3010; x_wconf 87' lang='lat' dir='ltr'><em>liberalitate</em></span> <span class='ocrx_word' id='word_1_675' title='bbox 1345 2979 1378 3008; x_wconf 88' lang='lat' dir='ltr'>et</span> <span class='ocrx_word' id='word_1_676' title='bbox 1395 2976 1575 3008; x_wconf 85' lang='lat' dir='ltr'><em>docilitate</em></span> <span class='ocrx_word' id='word_1_677' title='bbox 1597 2978 1767 3017; x_wconf 75' lang='lat' dir='ltr'><em>quaesivit.</em></span> <span class='ocrx_word' id='word_1_678' title='bbox 1786 2977 1882 3008; x_wconf 83' lang='lat' dir='ltr'><em>Sicut</em></span> <span class='ocrx_word' id='word_1_679' title='bbox 1899 2977 1934 3007; x_wconf 91' lang='lat' dir='ltr'>in</span> <span class='ocrx_word' id='word_1_680' title='bbox 1952 2977 2137 3008; x_wconf 89' lang='lat' dir='ltr'><em>nonnullos</em></span> <span class='ocrx_word' id='word_1_681' title='bbox 2153 2979 2279 3008; x_wconf 86' lang='lat' dir='ltr'><em>amicos</em></span> 
     </span>
     <span class='ocr_line' id='line_1_81' title="bbox 136 3022 2274 3066; baseline -0.001 -11"><span class='ocrx_word' id='word_1_682' title='bbox 136 3023 259 3055; x_wconf 82' lang='lat' dir='ltr'><em>dubius</em></span> <span class='ocrx_word' id='word_1_683' title='bbox 269 3043 280 3058; x_wconf 90' lang='lat'>‚</span> <span class='ocrx_word' id='word_1_684' title='bbox 299 3023 352 3054; x_wconf 82' lang='lat' dir='ltr'>ita</span> <span class='ocrx_word' id='word_1_685' title='bbox 365 3023 402 3054; x_wconf 91' lang='lat' dir='ltr'>in</span> <span class='ocrx_word' id='word_1_686' title='bbox 418 3022 569 3066; x_wconf 62' lang='lat' dir='ltr'><em>reliquos</em></span> <span class='ocrx_word' id='word_1_687' title='bbox 583 3023 740 3062; x_wconf 79' lang='lat' dir='ltr'><em>eqreqius</em></span> <span class='ocrx_word' id='word_1_688' title='bbox 759 3033 770 3054; x_wconf 90' lang='grc'>.-</span> <span class='ocrx_word' id='word_1_689' title='bbox 788 3022 883 3054; x_wconf 69' lang='lat' dir='ltr'><em>nillil</em></span> <span class='ocrx_word' id='word_1_690' title='bbox 901 3024 1120 3055; x_wconf 85' lang='lat' dir='ltr'><em>occasionum</em></span> <span class='ocrx_word' id='word_1_691' title='bbox 1136 3025 1422 3063; x_wconf 73' lang='lat' dir='ltr'><em>praetermittens,</em></span> <span class='ocrx_word' id='word_1_692' title='bbox 1438 3030 1503 3063; x_wconf 89' lang='lat' dir='ltr'>quo</span> <span class='ocrx_word' id='word_1_693' title='bbox 1519 3022 1751 3062; x_wconf 85' lang='lat' dir='ltr'><em>opulentiores</em></span> <span class='ocrx_word' id='word_1_694' title='bbox 1764 3031 1816 3053; x_wconf 90' lang='lat' dir='ltr'>eos</span> <span class='ocrx_word' id='word_1_695' title='bbox 1831 3023 2065 3063; x_wconf 82' lang='lat' dir='ltr'><em>clarioresque</em></span> <span class='ocrx_word' id='word_1_696' title='bbox 2078 3025 2274 3062; x_wconf 81' lang='lat' dir='ltr'><em>praestarec.</em></span> 
     </span>
     <span class='ocr_line' id='line_1_82' title="bbox 135 3067 2277 3110; baseline -0 -10"><span class='ocrx_word' id='word_1_697' title='bbox 135 3086 178 3093; x_wconf 91' lang='lat'>—-</span> <span class='ocrx_word' id='word_1_698' title='bbox 190 3067 422 3110; x_wconf 84' lang='grc' dir='ltr'>Κομμόδης]</span> <span class='ocrx_word' id='word_1_699' title='bbox 437 3069 546 3101; x_wconf 85' lang='lat' dir='ltr'><em>Latina</em></span> <span class='ocrx_word' id='word_1_700' title='bbox 562 3069 706 3110; x_wconf 86' lang='lat' dir='ltr'><em>Eutropii</em></span> <span class='ocrx_word' id='word_1_701' title='bbox 722 3078 787 3101; x_wconf 89' lang='lat' dir='ltr'>non</span> <span class='ocrx_word' id='word_1_702' title='bbox 805 3070 881 3101; x_wconf 87' lang='lat' dir='ltr'><em>satis</em></span> <span class='ocrx_word' id='word_1_703' title='bbox 894 3069 1049 3101; x_wconf 85' lang='lat' dir='ltr'><em>intellexit</em></span> <span class='ocrx_word' id='word_1_704' title='bbox 1063 3069 1230 3110; x_wconf 84' lang='lat' dir='ltr'><em>interpres.</em></span> <span class='ocrx_word' id='word_1_705' title='bbox 1246 3088 1287 3096; x_wconf 85' lang='lat'>--</span> <span class='ocrx_word' id='word_1_706' title='bbox 1304 3067 1656 3110; x_wconf 80' lang='grc' dir='ltr'>ἀποχρησάμενος]</span> <span class='ocrx_word' id='word_1_707' title='bbox 1674 3070 1766 3100; x_wconf 87' lang='lat' dir='ltr'><em>Hunc</em></span> <span class='ocrx_word' id='word_1_708' title='bbox 1782 3069 1890 3100; x_wconf 86' lang='lat' dir='ltr'><em>locum</em></span> <span class='ocrx_word' id='word_1_709' title='bbox 1907 3068 1984 3100; x_wconf 83' lang='lat' dir='ltr'><em>citat</em></span> <span class='ocrx_word' id='word_1_710' title='bbox 2006 3069 2122 3101; x_wconf 86' lang='lat' dir='ltr'><em>suidas</em></span> <span class='ocrx_word' id='word_1_711' title='bbox 2141 3078 2172 3100; x_wconf 90' lang='lat' dir='ltr'>v.</span> <span class='ocrx_word' id='word_1_712' title='bbox 2198 3069 2277 3100; x_wconf 85' lang='grc' dir='ltr'>ἀπο-</span> 
     </span>
    </p>

    <p class='ocr_par' dir='ltr' id='par_1_16' title="bbox 136 3127 2276 3437">
     <span class='ocr_line' id='line_1_83' title="bbox 177 3127 343 3154; baseline -0.006 -6"><span class='ocrx_word' id='word_1_713' title='bbox 177 3127 241 3154; x_wconf 92' lang='grc' dir='ltr'>ησα</span> <span class='ocrx_word' id='word_1_714' title='bbox 281 3127 343 3152; x_wconf 85' lang='grc' dir='ltr'>νος.</span> 
     </span>
     <span class='ocr_line' id='line_1_84' title="bbox 137 3127 2276 3202; baseline -0.002 -8"><span class='ocrx_word' id='word_1_715' title='bbox 137 3127 231 3194; x_wconf 72' lang='grc' dir='ltr'><strong>χρΕΓ.</strong></span> <span class='ocrx_word' id='word_1_716' title='bbox 243 3127 323 3195; x_wconf 68' lang='grc' dir='ltr'>μίε71.</span> <span class='ocrx_word' id='word_1_717' title='bbox 343 3170 376 3194; x_wconf 86' lang='lat' dir='ltr'><em>a.</em></span> <span class='ocrx_word' id='word_1_718' title='bbox 393 3161 504 3194; x_wconf 84' lang='lat' dir='ltr'><em>Codex</em></span> <span class='ocrx_word' id='word_1_719' title='bbox 517 3161 615 3194; x_wconf 79' lang='lat' dir='ltr'><em>Paris.</em></span> <span class='ocrx_word' id='word_1_720' title='bbox 631 3165 712 3194; x_wconf 77' lang='lat'>3058</span> <span class='ocrx_word' id='word_1_721' title='bbox 726 3161 795 3193; x_wconf 79' lang='lat' dir='ltr'>hoee</span> <span class='ocrx_word' id='word_1_722' title='bbox 810 3162 855 3194; x_wconf 84' lang='lat' dir='ltr'>ita</span> <span class='ocrx_word' id='word_1_723' title='bbox 869 3161 963 3194; x_wconf 78' lang='lat' dir='ltr'><em>habet</em></span> <span class='ocrx_word' id='word_1_724' title='bbox 978 3174 986 3194; x_wconf 73' lang='grc' dir='ltr'>ε</span> <span class='ocrx_word' id='word_1_725' title='bbox 1000 3162 1074 3194; x_wconf 73' lang='grc' dir='ltr'>’Ότι</span> <span class='ocrx_word' id='word_1_726' title='bbox 1083 3162 1118 3192; x_wconf 91' lang='grc' dir='ltr'>τὸ</span> <span class='ocrx_word' id='word_1_727' title='bbox 1133 3161 1305 3202; x_wconf 76' lang='grc' dir='ltr'>Βοσπόριον</span> <span class='ocrx_word' id='word_1_728' title='bbox 1318 3183 1327 3199; x_wconf 88' lang='grc'>,</span> <span class='ocrx_word' id='word_1_729' title='bbox 1341 3160 1443 3196; x_wconf 83' lang='grc' dir='ltr'>καθώς</span> <span class='ocrx_word' id='word_1_730' title='bbox 1458 3171 1547 3200; x_wconf 85' lang='grc' dir='ltr'>φησιν</span> <span class='ocrx_word' id='word_1_731' title='bbox 1559 3159 1703 3198; x_wconf 82' lang='grc' dir='ltr'>Ἰωάννης</span> <span class='ocrx_word' id='word_1_732' title='bbox 1716 3162 1733 3192; x_wconf 81' lang='grc' dir='ltr'>ὁ</span> <span class='ocrx_word' id='word_1_733' title='bbox 1747 3161 1918 3201; x_wconf 84' lang='grc' dir='ltr'>Ἀντιοχεὺς</span> <span class='ocrx_word' id='word_1_734' title='bbox 1930 3184 1939 3200; x_wconf 85' lang='grc'>,</span> <span class='ocrx_word' id='word_1_735' title='bbox 1951 3161 2001 3192; x_wconf 80' lang='grc' dir='ltr'>ὅτε</span> <span class='ocrx_word' id='word_1_736' title='bbox 2014 3161 2110 3196; x_wconf 83' lang='grc' dir='ltr'>Βύζας</span> <span class='ocrx_word' id='word_1_737' title='bbox 2122 3159 2223 3192; x_wconf 81' lang='grc' dir='ltr'>ἔκτισε</span> <span class='ocrx_word' id='word_1_738' title='bbox 2241 3161 2276 3191; x_wconf 89' lang='grc' dir='ltr'>τὸ</span> 
     </span>
     <span class='ocr_line' id='line_1_85' title="bbox 137 3207 2274 3250; baseline -0.002 -9"><span class='ocrx_word' id='word_1_739' title='bbox 137 3209 300 3246; x_wconf 84' lang='grc' dir='ltr'>Βυζάντιον</span> <span class='ocrx_word' id='word_1_740' title='bbox 313 3233 322 3249; x_wconf 91' lang='grc'>,</span> <span class='ocrx_word' id='word_1_741' title='bbox 338 3210 412 3250; x_wconf 82' lang='grc' dir='ltr'>βοῦν</span> <span class='ocrx_word' id='word_1_742' title='bbox 429 3209 605 3241; x_wconf 87' lang='grc' dir='ltr'>ἀπέστειλεν</span> <span class='ocrx_word' id='word_1_743' title='bbox 625 3209 686 3240; x_wconf 83' lang='grc' dir='ltr'>ἀπὸ</span> <span class='ocrx_word' id='word_1_744' title='bbox 705 3211 761 3241; x_wconf 86' lang='grc' dir='ltr'>τοῦ</span> <span class='ocrx_word' id='word_1_745' title='bbox 781 3208 968 3250; x_wconf 72' lang='grc' dir='ltr'>προσφορίου</span> <span class='ocrx_word' id='word_1_746' title='bbox 990 3208 1197 3250; x_wconf 88' lang='grc' dir='ltr'>(βοοσφορίου</span> <span class='ocrx_word' id='word_1_747' title='bbox 1207 3210 1220 3239; x_wconf 80' lang='lat' dir='ltr'>i’</span> <span class='ocrx_word' id='word_1_748' title='bbox 1231 3209 1242 3248; x_wconf 96' lang='lat'>)</span> <span class='ocrx_word' id='word_1_749' title='bbox 1255 3232 1264 3246; x_wconf 97' lang='lat'>‚</span> <span class='ocrx_word' id='word_1_750' title='bbox 1280 3209 1333 3239; x_wconf 82' lang='grc' dir='ltr'>καὶ</span> <span class='ocrx_word' id='word_1_751' title='bbox 1348 3208 1480 3245; x_wconf 87' lang='grc' dir='ltr'>ἀπῆλθεν</span> <span class='ocrx_word' id='word_1_752' title='bbox 1497 3208 1538 3243; x_wconf 87' lang='grc' dir='ltr'>εἰς</span> <span class='ocrx_word' id='word_1_753' title='bbox 1554 3208 1749 3248; x_wconf 82' lang='grc' dir='ltr'>Χρυσόπολιν</span> <span class='ocrx_word' id='word_1_754' title='bbox 1762 3231 1771 3246; x_wconf 92' lang='grc'>,</span> <span class='ocrx_word' id='word_1_755' title='bbox 1789 3209 1841 3239; x_wconf 81' lang='grc' dir='ltr'>καὶ</span> <span class='ocrx_word' id='word_1_756' title='bbox 1855 3208 1951 3243; x_wconf 81' lang='grc' dir='ltr'>οὕτως</span> <span class='ocrx_word' id='word_1_757' title='bbox 1966 3208 2076 3245; x_wconf 83' lang='grc' dir='ltr'>ἐκλήθη</span> <span class='ocrx_word' id='word_1_758' title='bbox 2091 3207 2274 3246; x_wconf 82' lang='grc' dir='ltr'>Βοσπόριον.</span> 
     </span>
     <span class='ocr_line' id='line_1_86' title="bbox 136 3253 2271 3297; baseline -0.001 -10"><span class='ocrx_word' id='word_1_759' title='bbox 136 3256 223 3288; x_wconf 83' lang='grc' dir='ltr'>Ἐκεῖ</span> <span class='ocrx_word' id='word_1_760' title='bbox 234 3256 267 3288; x_wconf 86' lang='grc' dir='ltr'>δὲ</span> <span class='ocrx_word' id='word_1_761' title='bbox 280 3256 457 3288; x_wconf 82' lang='grc' dir='ltr'>ἐπωλοῦντο</span> <span class='ocrx_word' id='word_1_762' title='bbox 471 3258 500 3287; x_wconf 82' lang='grc' dir='ltr'>οἱ</span> <span class='ocrx_word' id='word_1_763' title='bbox 516 3256 585 3296; x_wconf 84' lang='grc' dir='ltr'>βόες</span> <span class='ocrx_word' id='word_1_764' title='bbox 603 3257 655 3287; x_wconf 85' lang='grc' dir='ltr'>καὶ</span> <span class='ocrx_word' id='word_1_765' title='bbox 669 3257 711 3293; x_wconf 89' lang='grc' dir='ltr'>εἰς</span> <span class='ocrx_word' id='word_1_766' title='bbox 724 3257 759 3288; x_wconf 85' lang='grc' dir='ltr'>τὸ</span> <span class='ocrx_word' id='word_1_767' title='bbox 773 3257 984 3297; x_wconf 78' lang='grc' dir='ltr'>σιγμοιτοειδὲς</span> <span class='ocrx_word' id='word_1_768' title='bbox 996 3260 1096 3296; x_wconf 88' lang='grc' dir='ltr'>τεῖχος</span> <span class='ocrx_word' id='word_1_769' title='bbox 1110 3256 1198 3296; x_wconf 87' lang='grc' dir='ltr'>μέχρι</span> <span class='ocrx_word' id='word_1_770' title='bbox 1220 3257 1275 3286; x_wconf 82' lang='grc' dir='ltr'>τοῦ</span> <span class='ocrx_word' id='word_1_771' title='bbox 1299 3253 1525 3294; x_wconf 84' lang='grc' dir='ltr'>Κοπρωνύμου.</span> <span class='ocrx_word' id='word_1_772' title='bbox 1541 3254 1675 3290; x_wconf 81' lang='grc' dir='ltr'>Ἐκεῖνος</span> <span class='ocrx_word' id='word_1_773' title='bbox 1697 3255 1806 3296; x_wconf 87' lang='grc' dir='ltr'>ὥρισεν</span> <span class='ocrx_word' id='word_1_774' title='bbox 1822 3255 1863 3289; x_wconf 82' lang='grc' dir='ltr'>εἰς</span> <span class='ocrx_word' id='word_1_775' title='bbox 1885 3255 1936 3285; x_wconf 76' lang='grc' dir='ltr'>τὸν</span> <span class='ocrx_word' id='word_1_776' title='bbox 1958 3256 2076 3293; x_wconf 80' lang='grc' dir='ltr'>Ταῦρον</span> <span class='ocrx_word' id='word_1_777' title='bbox 2093 3254 2271 3284; x_wconf 86' lang='grc' dir='ltr'>πωλεῖσθαι.</span> 
     </span>
     <span class='ocr_line' id='line_1_87' title="bbox 137 3299 2274 3344; baseline -0.003 -9"><span class='ocrx_word' id='word_1_778' title='bbox 137 3305 361 3344; x_wconf 81' lang='lat' dir='ltr'><em>copronymus</em></span> <span class='ocrx_word' id='word_1_779' title='bbox 373 3304 422 3334; x_wconf 85' lang='lat' dir='ltr'>est</span> <span class='ocrx_word' id='word_1_780' title='bbox 435 3302 664 3335; x_wconf 83' lang='lat' dir='ltr'><em>constantinus</em></span> <span class='ocrx_word' id='word_1_781' title='bbox 676 3304 704 3334; x_wconf 90' lang='lat' dir='ltr'>V</span> <span class='ocrx_word' id='word_1_782' title='bbox 718 3327 726 3341; x_wconf 91' lang='lat'><strong><em>‚</em></strong></span> <span class='ocrx_word' id='word_1_783' title='bbox 741 3304 854 3334; x_wconf 86' lang='lat' dir='ltr'><em>Leonis</em></span> <span class='ocrx_word' id='word_1_784' title='bbox 868 3303 889 3334; x_wconf 80' lang='lat' dir='ltr'>f.</span> <span class='ocrx_word' id='word_1_785' title='bbox 907 3302 1094 3342; x_wconf 76' lang='lat'>(741-—775</span> <span class='ocrx_word' id='word_1_786' title='bbox 1105 3302 1128 3340; x_wconf 91' lang='lat'>).</span> <span class='ocrx_word' id='word_1_787' title='bbox 1145 3300 1426 3338; x_wconf 80' lang='lat' dir='ltr'><em>Quemadmodum</em></span> <span class='ocrx_word' id='word_1_788' title='bbox 1444 3299 1618 3340; x_wconf 80' lang='lat' dir='ltr'><em>Hesychius</em></span> <span class='ocrx_word' id='word_1_789' title='bbox 1633 3300 1771 3332; x_wconf 83' lang='lat' dir='ltr'><em>Milesius</em></span> <span class='ocrx_word' id='word_1_790' title='bbox 1783 3309 1847 3340; x_wconf 87' lang='lat' dir='ltr'><em>quo</em></span> <span class='ocrx_word' id='word_1_791' title='bbox 1861 3301 1931 3331; x_wconf 86' lang='lat' dir='ltr'><em>loco</em></span> <span class='ocrx_word' id='word_1_792' title='bbox 1945 3300 1985 3331; x_wconf 86' lang='lat' dir='ltr'>de</span> <span class='ocrx_word' id='word_1_793' title='bbox 1996 3300 2072 3330; x_wconf 86' lang='lat' dir='ltr'><em>urbe</em></span> <span class='ocrx_word' id='word_1_794' title='bbox 2085 3308 2102 3329; x_wconf 90' lang='lat' dir='ltr'><em>a</em></span> <span class='ocrx_word' id='word_1_795' title='bbox 2117 3300 2274 3331; x_wconf 75' lang='lat' dir='ltr'><em>constan-</em></span> 
     </span>
     <span class='ocr_line' id='line_1_88' title="bbox 137 3344 2271 3390; baseline -0.003 -9"><span class='ocrx_word' id='word_1_796' title='bbox 137 3350 205 3382; x_wconf 86' lang='lat' dir='ltr'><em>tino</em></span> <span class='ocrx_word' id='word_1_797' title='bbox 221 3349 349 3381; x_wconf 80' lang='lat' dir='ltr'><em>condita</em></span> <span class='ocrx_word' id='word_1_798' title='bbox 363 3349 427 3390; x_wconf 73' lang='lat' dir='ltr'><em>agit</em></span> <span class='ocrx_word' id='word_1_799' title='bbox 438 3373 447 3389; x_wconf 94' lang='lat'>‚</span> <span class='ocrx_word' id='word_1_800' title='bbox 473 3350 568 3381; x_wconf 88' lang='lat' dir='ltr'><em>etiam</em></span> <span class='ocrx_word' id='word_1_801' title='bbox 592 3349 632 3381; x_wconf 88' lang='lat' dir='ltr'>de</span> <span class='ocrx_word' id='word_1_802' title='bbox 647 3349 820 3389; x_wconf 87' lang='lat' dir='ltr'><em>originibus</em></span> <span class='ocrx_word' id='word_1_803' title='bbox 836 3349 979 3389; x_wconf 80' lang='lat' dir='ltr'><em>Byzantii</em></span> <span class='ocrx_word' id='word_1_804' title='bbox 996 3351 1028 3381; x_wconf 86' lang='lat' dir='ltr'>et</span> <span class='ocrx_word' id='word_1_805' title='bbox 1044 3347 1247 3380; x_wconf 84' lang='lat' dir='ltr'><em>incrementis</em></span> <span class='ocrx_word' id='word_1_806' title='bbox 1262 3355 1441 3379; x_wconf 85' lang='lat' dir='ltr'><em>sermonem</em></span> <span class='ocrx_word' id='word_1_807' title='bbox 1457 3346 1613 3385; x_wconf 89' lang='lat' dir='ltr'><em>instituit,</em></span> <span class='ocrx_word' id='word_1_808' title='bbox 1628 3346 1672 3378; x_wconf 86' lang='lat' dir='ltr'>sic</span> <span class='ocrx_word' id='word_1_809' title='bbox 1685 3349 1840 3379; x_wconf 67' lang='lat' dir='ltr'><em>,loannem</em></span> <span class='ocrx_word' id='word_1_810' title='bbox 1857 3354 1985 3386; x_wconf 84' lang='lat' dir='ltr'><em>quoque</em></span> <span class='ocrx_word' id='word_1_811' title='bbox 1999 3345 2106 3376; x_wconf 80' lang='lat' dir='ltr'><em>secisse</em></span> <span class='ocrx_word' id='word_1_812' title='bbox 2121 3344 2271 3384; x_wconf 79' lang='lat' dir='ltr'><em>suspicor.</em></span> 
     </span>
     <span class='ocr_line' id='line_1_89' title="bbox 139 3396 839 3437; baseline -0.001 -9"><span class='ocrx_word' id='word_1_813' title='bbox 139 3399 245 3434; x_wconf 85' lang='lat' dir='ltr'><em>Quare</em></span> <span class='ocrx_word' id='word_1_814' title='bbox 258 3396 343 3428; x_wconf 86' lang='lat' dir='ltr'><em>hunc</em></span> <span class='ocrx_word' id='word_1_815' title='bbox 357 3397 532 3437; x_wconf 80' lang='lat' dir='ltr'><em>fragmento</em></span> <span class='ocrx_word' id='word_1_816' title='bbox 546 3397 652 3428; x_wconf 87' lang='lat' dir='ltr'><em>locum</em></span> <span class='ocrx_word' id='word_1_817' title='bbox 672 3396 839 3436; x_wconf 80' lang='lat' dir='ltr'><em>assignavi.</em></span> 
     </span>
    </p>

    <p class='ocr_par' dir='ltr' id='par_1_17' title="bbox 181 3437 2273 3483">
     <span class='ocr_line' id='line_1_90' title="bbox 181 3437 2273 3483; baseline -0.002 -8"><span class='ocrx_word' id='word_1_818' title='bbox 181 3445 234 3475; x_wconf 87' lang='lat' dir='ltr'>Fr.</span> <span class='ocrx_word' id='word_1_819' title='bbox 262 3445 330 3475; x_wconf 86' lang='lat'>172.</span> <span class='ocrx_word' id='word_1_820' title='bbox 356 3443 529 3483; x_wconf 83' lang='lat' dir='ltr'><em>Eutropius</em></span> <span class='ocrx_word' id='word_1_821' title='bbox 543 3444 567 3474; x_wconf 87' lang='grc' dir='ltr'><strong>Χ</strong></span> <span class='ocrx_word' id='word_1_822' title='bbox 580 3467 588 3482; x_wconf 89' lang='grc'>,</span> <span class='ocrx_word' id='word_1_823' title='bbox 604 3447 621 3475; x_wconf 87' lang='lat'>5</span> <span class='ocrx_word' id='word_1_824' title='bbox 639 3452 646 3473; x_wconf 75' lang='grc' dir='ltr'>ε</span> <span class='ocrx_word' id='word_1_825' title='bbox 667 3444 864 3474; x_wconf 86' lang='lat' dir='ltr'><em>Constantis</em></span> <span class='ocrx_word' id='word_1_826' title='bbox 879 3443 1065 3483; x_wconf 83' lang='lat' dir='ltr'><em>imperium</em></span> <span class='ocrx_word' id='word_1_827' title='bbox 1078 3443 1260 3474; x_wconf 85' lang='lat' dir='ltr'><em>strenuum</em></span> <span class='ocrx_word' id='word_1_828' title='bbox 1275 3439 1500 3482; x_wconf 84' lang='lat' dir='ltr'><em>aliquamdiu</em></span> <span class='ocrx_word' id='word_1_829' title='bbox 1516 3440 1696 3481; x_wconf 76' lang='lat' dir='ltr'><em>etJ&#39;ustum</em></span> <span class='ocrx_word' id='word_1_830' title='bbox 1705 3439 1795 3480; x_wconf 84' lang='lat' dir='ltr'><em>suit.</em></span> <span class='ocrx_word' id='word_1_831' title='bbox 1812 3441 1892 3472; x_wconf 81' lang='lat' dir='ltr'>Mox</span> <span class='ocrx_word' id='word_1_832' title='bbox 1907 3447 2014 3480; x_wconf 85' lang='lat' dir='ltr'><em>quum</em></span> <span class='ocrx_word' id='word_1_833' title='bbox 2030 3440 2063 3471; x_wconf 84' lang='lat' dir='ltr'>et</span> <span class='ocrx_word' id='word_1_834' title='bbox 2076 3437 2273 3470; x_wconf 84' lang='lat' dir='ltr'><em>valetudine</em></span> 
     </span>
    </p>
   </div>
  </div>
 </body>
</html>
