2326 3724
92 223 162 255 122

88 303 213 353 ἀγαθὸς
233 304 292 341 καὶ
312 304 463 357 χρηστὸς
484 304 704 358 φαινόμενος,
727 309 772 350 ὡς
799 305 834 344 δὲ
852 307 886 344 ἐν
904 306 1132 359 Χριστιανοὺς

85 362 219 406 πάντας
240 361 367 415 ἐχούσῃ
388 364 506 411 πόλει,
526 363 564 402 τὸ
592 363 800 412 Ἑλληνικὸν
827 366 933 403 αὐτοῦ
959 369 1019 412 τῆς
1048 369 1130 418 θρη-

86 420 204 464 σκείας
220 422 282 459 οὐκ
307 421 386 473 ἔχον
403 422 596 474 ὑπόκρισιν,
614 422 704 461 ἀλλὰ
723 423 813 473 μετὰ
832 424 1029 476 παρρησίας
1041 439 1132 477 προ-

86 478 198 525 δήλως
214 478 511 530 δεικνύμενον,,εἷς
529 480 592 528 τὴν
610 485 671 519 τοῦ
692 482 751 519 καὶ
778 481 878 534 ἕτερα
899 485 960 529 τῆς
978 483 1130 535 ἀρρήτου

86 536 206 590 σοφίας
236 538 360 576 εἰδέναι
395 538 554 577 ὑπόνοιαν
587 534 662 590 ἦγε.
701 540 926 579 Συσταθέντα
957 540 993 578 δὲ
1029 541 1131 579 αὐτὸν

86 597 104 633 ὂ
122 594 258 639 Ἷλλους
281 595 389 643 ἡδέως
409 597 560 650 δέχεται.
588 597 660 637 Καί
684 614 717 636 τι
746 599 804 637 καὶ
823 599 975 652 δημοσίᾳ
997 599 1131 650 ποίημα

86 654 277 705 ἀναγνόντα
296 656 467 708 λαμπρῶς
488 672 526 694 τε
546 652 711 706 ἐτίμησε,
733 657 794 695 καὶ
815 657 974 702 σύνταξιν
994 657 1101 697 ἔδωκε
1117 689 1128 710 ,

84 713 147 759 τὴν
175 713 237 763 μὲν
258 713 359 756 αὐτὸς
387 714 474 767 ἰδίᾳ,
502 715 564 762 τὴν
585 714 619 754 δὲ
641 718 685 758 ὡς
707 715 907 768 διδασκάλῳ
926 715 985 753 καὶ
1013 717 1052 754 ἐκ
1071 720 1131 754 τοῦ

85 771 266 821 δημοσίου.
290 773 360 811 Καὶ
380 773 585 816 ἀπελθόντος
606 773 640 811 δὲ
659 775 764 812 αὐτοῦ
781 774 839 811 ἐπὶ
855 773 918 820 τὴν
938 774 1130 826 Ἰσαυρίαν,

85 832 115 868 οἳ
142 830 387 882 βασκαίνοντες
414 834 508 882 αὐτῷ
540 831 715 876 συνθέντες
743 827 926 883 διαὸολὴν,
947 832 1010 879 τήν
1033 849 1070 871 τε
1092 835 1131 871 ἐκ

83 892 144 935 τῆς
161 890 369 940 θρησκείας,
389 890 448 927 καὶ
465 890 517 928 ὅτι
540 890 751 942 μαγγανεύοι
773 891 832 928 καὶ
857 891 1061 941 μαντεύοιτο
1080 894 1130 945 τῷ

82 945 191 1000 Ἴλλῳ
220 948 311 986 κατὰ
340 953 400 987 τοῦ
432 950 620 1000 βασιλέως,
638 949 793 988 πείθουσι
814 949 872 987 τὸν
901 949 1046 996 Ζήνωνα
1071 950 1130 989 καὶ

82 1004 144 1052 τὴν
166 1006 318 1058 Βηρίναν
338 1006 414 1044 τότε
433 1007 582 1057 μέγιστα
607 1007 802 1058 δυναμένην
828 1010 889 1055 τῆς
913 1008 1046 1052 πόλεως
1074 1011 1130 1047 ἐκ·

82 1063 237 1118 πέμψαι.
266 1065 336 1104 Καὶ
355 1068 372 1103 ὁ
393 1065 455 1115 μὲν
473 1068 506 1110 ἐς
523 1066 714 1118 Πέργαμον
738 1067 878 1119 ἔρχεται
894 1069 954 1113 τῆς
975 1067 1129 1111 Μυσίας·

82 1122 218 1167 Ἴλλους
237 1123 273 1162 δὲ
295 1124 506 1175 πυθόμενος,
529 1125 698 1172 κατὰτῆν
722 1128 826 1164 αὐτοῦ
852 1125 1025 1179 πρόφασιν
1049 1128 1131 1174 ε’λη-

80 1182 210 1220 λάσθαι
245 1182 303 1221 τὸν
343 1183 471 1235 ἄνδρα,
501 1183 643 1236 πέμψας
680 1184 923 1234 ἀναλαμὸάνει
960 1184 1061 1223 αὐτὸν
1099 1187 1131 1230 ἐς

82 1240 280 1293 Ἰσαυρίαν,
319 1240 378 1279 καὶ
411 1242 617 1292 γσύμὸουλόν
655 1258 692 1280 τε
731 1243 834 1281 αὐτὸν
869 1243 929 1281 καὶ
973 1242 1129 1282 σύνοικον

81 1305 250 1346 ποιεῖται,
270 1300 330 1338 καὶ
349 1294 410 1350 (ἦν
443 1300 510 1353 γὰρ
541 1302 720 1349 πολιτικῆς
749 1302 916 1346 συνέσεως
946 1303 1128 1354 ἔμπλεως)

80 1357 124 1395 τὰ
147 1360 208 1404 τῆς
228 1360 340 1411 ἀρχῆς
365 1361 478 1412 αὐτῷ,
499 1359 585 1412 πρὸς
610 1359 631 1398 ἃ
652 1360 700 1410 μὴ
730 1360 861 1413 σχολὴν
887 1355 969 1411 ἦγε,
990 1362 1128 1399 διοικεῖν

81 1418 281 1470 ἐπέτρεπεν,
299 1418 407 1457 ἐλθών
422 1435 458 1457 τε
471 1422 502 1462 ἐς
517 1419 707 1464 Βυζάντιον
726 1419 998 1472 συμπαρέλαὸεν
1013 1421 1127 1460 αὐτόν.

83 1477 154 1515 Καὶ
179 1477 234 1515 ὅτε
265 1478 398 1528 ἐγένετο
423 1482 445 1526 ἡ
474 1481 679 1531 Μαρκιανοῦ
713 1478 899 1530 σύστασις,
933 1481 1129 1532 ἀποροῦντα

79 1537 139 1574 τὸν
156 1534 293 1576 ’Ὶλλουν
311 1537 414 1580 αὐτὸς
430 1538 654 1589 ἐπεθάρσυνε.
678 1538 750 1577 Καὶ
769 1538 930 1576 τοσοῦτόν
947 1554 984 1589 γε
1004 1539 1126 1591 εἰπὼν,

80 1594 131 1632 ὅτι
151 1614 165 1630 «
181 1595 224 1633 τὰ
237 1599 298 1642 τῆς
314 1597 477 1648 προνοίας
495 1597 569 1647 μεθ’
583 1599 685 1647 ἡμῶν
704 1599 777 1635 ἐστι
791 1597 986 1648 τεταγμένα
999 1628 1008 1644 ,
1027 1616 1043 1632 »
1055 1615 1128 1636 πα-

83 1654 206 1706 ρέσχεν
233 1655 384 1706 ὑποψίαν
414 1661 483 1699 τοῖς
510 1656 587 1694 τότε
621 1655 870 1703 ὑπακούσασιν,
901 1659 946 1700 ὡς
974 1656 1013 1694 ἔκ
1040 1673 1129 1702 τινος

81 1713 211 1759 ἀδήλου
253 1717 365 1751 ταῦτα
401 1714 527 1759 θειάζοι
566 1714 807 1767 προγνώσεως.
841 1714 913 1753 Καὶ
942 1715 1127 1764 ἐκὸάντος,

80 1770 200 1824 ὥσπερ
224 1772 265 1818 δὴ
287 1772 347 1810 καὶ
364 1772 466 1820 §issem
479 1804 489 1823 ,
513 1777 572 1811 τοῦ
591 1773 709 1817 τέλους
722 1803 731 1821 ,
753 1774 837 1827 πρὸς
854 1773 916 1820 τὴν
940 1774 1050 1826 τύχην
1070 1774 1127 1812 τὸν

81 1830 212 1868 ἐκείνου
246 1831 349 1883 λόγον
390 1832 667 1882 συμὸάλλοντες,
702 1833 806 1870 αὐτὸν
843 1833 983 1870 πάντων
1019 1834 1128 1871 αἴτιον

81 1891 91 1938 (
106 1883 161 1926 οἷα
182 1891 276 1943 φιλεῖ
293 1889 433 1942 ὅμιλος)
456 1890 558 1941 μόνον
577 1891 826 1940 ὑπελάμὸανον
843 1894 908 1930 τῶν
926 1893 1129 1945 παραδόξως

79 1948 196 1991 αὐτοῖς
225 1949 430 1987 ἀποὸαίνειν
459 1949 664 1990 δοκούντων.
689 1949 794 1988 Οὕτω
823 1949 885 2000 μὲν
905 1952 935 1988 οἳ
954 1950 1128 2003 σώφρονες

79 2005 159 2058 περὶ
179 2008 284 2045 αὐτοῦ
299 2006 450 2052 εἴκαζον.
470 2010 516 2046 Εἰ
534 2008 570 2046 δέ
583 2025 617 2047 τι
634 2008 693 2047 καὶ
711 2009 797 2048 ἄλλο
813 2004 867 2057 ἦν,
881 2009 958 2047 οὔτε
979 2011 1128 2062 ἰσχυρῶς

80 2067 211 2103 ἀνελεῖν
230 2065 301 2118 ἔχω
313 2097 322 2115 ,
339 2066 418 2105 οὔτε
434 2067 628 2105 πείθεσθαι·
647 2069 723 2106 ἀλλ’
739 2068 865 2118 ὁμοίως
884 2067 944 2106 καὶ
962 2067 1051 2119 μέγα
1069 2069 1128 2106 καὶ

48 2156 50 2159 .
80 2124 265 2176 ἐλάχιστον
289 2127 384 2177 αὐτῷ
404 2125 533 2179 πρώτῳ
552 2128 783 2167 ἀνεκοινοῦτο.
808 2126 880 2166 Καὶ
907 2126 983 2164 τότε
1016 2126 1127 2165 τοίνυν

78 2183 199 2221 λαδὼν
217 2183 333 2231 αὐτὸν,
352 2186 398 2228 εἷς
413 2185 565 2224 Νίκαιαν
592 2181 656 2232 ἧκε
682 2185 879 2238 χειμάσων,
903 2185 971 2223 εἴτε
1000 2185 1061 2233 τὴν
1091 2188 1128 2224 ἐκ

79 2244 139 2279 τοῦ
165 2241 276 2292 δήμου
303 2242 506 2294 δυσχέρειαν
530 2244 713 2294 ἐκκλίνων,
729 2243 797 2282 εἴτε
817 2245 875 2282 ἐπὶ
888 2251 964 2288 ταῖς
979 2247 1129 2297 σφαγαῖς

79 2299 136 2336 τὸν
156 2298 281 2351 ἔχοντα
301 2299 363 2348 τὴν
381 2303 482 2340 πόλιν
500 2301 726 2356 ἐκτρέπεσθαι
744 2302 892 2353 δαίμονα
910 2302 994 2355 πρὸς
1013 2302 1126 2354 ὀλίγον

80 2357 222 2397 ἐθέλων.

79 2472 206 2511 essent,
223 2481 327 2511 graeca
346 2481 404 2504 sua
421 2473 592 2513 religione,
610 2482 708 2514 quam
727 2482 790 2505 non
803 2473 1047 2512 dissimulabat,
1072 2472 1128 2504 sed

78 2523 274 2555 confidenter
291 2524 394 2564 palam
407 2525 601 2565 ostentabat,
620 2525 804 2565 opinionem
822 2525 932 2556 attulit
945 2524 1128 2556 hominibus

80 2575 184 2615 ipsum
199 2577 231 2608 et
243 2577 304 2608 alia
321 2586 436 2608 arcana
450 2577 603 2617 sapientia
614 2586 681 2609 esse
700 2577 885 2618 praeditum.
931 2577 1029 2618 Igitur
1053 2585 1127 2609 eum

82 2628 142 2659 sibi
172 2628 434 2660 commendatum
448 2629 525 2660 lllus
554 2629 738 2661 humaniter
763 2629 919 2669 suscepit,
952 2629 1003 2669 et,
1025 2634 1124 2668 quum

82 2679 210 2719 publice
224 2679 385 2720 quoddam
403 2689 517 2720 poema
533 2681 704 2715 recitasset,
717 2680 893 2712 honorifice
906 2680 1075 2718 tractavit,
1093 2680 1127 2712 et

80 2731 275 2771 stipendium
289 2732 317 2763 ei
334 2731 441 2771 dedit,
468 2733 583 2773 partim
600 2732 640 2764 de
662 2741 737 2773 suo,
761 2732 878 2772 partim
896 2741 913 2764 e
929 2732 1075 2772 publico,
1091 2734 1126 2763 ut

81 2782 218 2815 doctori.
262 2786 370 2823 Quum
385 2785 493 2815 autem
510 2784 543 2816 in
566 2784 719 2816 Isauriam
736 2784 883 2824 abiisset,
909 2783 1031 2823 invidi,
1047 2792 1126 2815 con-

81 2835 156 2866 ssata
166 2835 325 2867 calumnia
336 2837 407 2867 tum
423 2845 465 2868 ex
480 2837 550 2876 ejus
562 2837 787 2877 superstitione
796 2861 805 2877 ,
820 2838 892 2868 tum
905 2836 994 2877 quod
1018 2836 1128 2868 incan-

80 2886 257 2919 tationibus
272 2889 427 2927 uteretur,
442 2889 474 2920 et
483 2888 636 2920 adversus
650 2888 876 2929 imperatorem
894 2888 953 2920 lllo
973 2888 1127 2920 vaticina·

81 2941 183 2979 retur,
199 2940 393 2981 persuadent
409 2941 527 2973 Zenoni
539 2942 571 2973 et
587 2941 732 2982 verinae,
748 2950 822 2982 quae
846 2942 925 2974 tunc
950 2941 1126 2981 plurimum

81 2993 228 3032 poterat,
242 2993 279 3024 ut
294 3001 334 3024 ex
350 2993 430 3025 urbe
448 2993 673 3033 expelleretur.
699 2994 917 3032 Quamobrem
930 2993 983 3025 ille
998 2993 1128 3034 quidem

82 3044 292 3082 Pergamum,
321 3043 435 3076 urbem
450 3044 558 3084 Mysiae
571 3068 580 3084 ,
604 3053 637 3076 se
651 3045 786 3077 confert.
812 3045 889 3077 illus
910 3053 1005 3083 vero,
1024 3054 1127 3085 quum

82 3094 424 3135 audisset‚-hominem
452 3105 511 3128 sua
533 3105 629 3127 causa
653 3097 780 3137 pulsum
806 3105 894 3136 esse,
913 3097 945 3129 in
974 3097 1127 3129 Isauriam

83 3146 276 3178 advocatum
294 3147 508 3179 consiliarium
521 3149 552 3179 et
563 3148 826 3180 contubernalem
840 3148 1054 3187 adsciscit‚et(
1060 3149 1128 3181 erat

85 3198 169 3230 enim
188 3198 299 3230 virille
319 3198 420 3230 civilis
436 3199 614 3239 prudentiae
631 3199 763 3239 plenus)
781 3208 834 3231 eas
851 3199 901 3231 sui
920 3200 1044 3240 imperii
1060 3209 1127 3240 res,

75 3250 123 3292 ‘ad
140 3260 220 3291 quas
232 3251 500 3283 administrandas
517 3252 620 3283 otium
634 3252 700 3292 ipse
717 3261 781 3283 non
802 3253 958 3292 habebat,
976 3253 1128 3292 gerendas

85 3303 141 3343 ipsi
157 3303 379 3343 permittebat,
394 3303 426 3335 et
440 3304 630 3343 Byzantium
647 3304 828 3343 profectus,
856 3313 931 3335 eum
950 3313 1061 3336 secum
1075 3305 1128 3336 ad-

85 3354 190 3386 duxit.
206 3357 313 3392 Quum
336 3356 444 3386 autem
460 3355 609 3386 Marciani
630 3355 822 3394 conspiratio
838 3357 951 3386 exorta
967 3357 1067 3395 esset,
1085 3357 1127 3387 ll—

86 3406 154 3437 lum
186 3405 386 3438 dubitantem
415 3406 480 3446 ipse
510 3406 731 3446 confirmavit,
756 3407 948 3447 tantumque
977 3407 1094 3439 ettalus
1119 3421 1126 3440 z

632 217 830 258 MALCm
862 218 1331 261 PfflLADELPHENSlS
1361 204 1712 263 FRAGMENTA(

1249 311 1392 346 Locum
1420 312 1521 348 hunc
1548 325 1570 348 a
1597 312 1749 349 Malcho
1786 313 1949 362 petitum
1977 324 2055 349 esse
2085 320 2191 362 patet
2222 327 2243 350 e

1195 369 1320 406 Suida
1339 383 1378 408 v,
1404 368 1606 417 Συντάξεις,
1623 372 1690 407 ubi
1717 372 1796 407 haec
1813 384 1822 407 ε
1839 369 1912 409 Καὶ
1932 369 2101 423 Μάλχος·
2124 389 2139 405 «
2159 374 2242 410 Τῶν

1195 426 1388 470 συντάξεων
1429 427 1649 479 στερηθέντες
1677 428 1847 472 πολλάκις
1875 430 1906 467 οἱ
1940 431 2151 481 στρατιῶται
2180 430 2242 468 καὶ

1193 484 1498 536 παρακοπτόμενοι
1517 489 1579 533 τῆς
1600 489 1726 540 τροφῆς
1753 490 1815 534 τῆς
1839 487 2004 534 συνήθους
2023 489 2056 531 ἐς
2073 487 2241 526 ἀπόνοιαν

1193 537 1311 589 ἦλθον.
1330 560 1344 577 »
1362 543 1434 582 Καὶ
1459 538 1553 588 αὖθις
1573 544 1723 597 Μάλχος
1735 561 1744 570 ·
1762 563 1777 580 «
1799 544 1844 584 ‘O
1865 545 1901 584 δὲ
1920 546 1979 584 τὸν
2001 546 2239 597 Παμπρέπιον

1195 601 1366 653 λαμπρῶς
1387 617 1424 639 τε
1450 601 1594 651 ἐτίμησε
1610 603 1669 640 καὶ
1697 603 1854 648 σύνταξιν
1883 603 2003 644 ἔδωκε.
2022 622 2038 640 »
2053 608 2110 642 De
2131 608 2241 642 Pam-

1192 662 1328 710 prepio
1344 661 1392 698 cf.
1409 661 1603 699 Candidus
1620 674 1682 711 ap.
1703 663 1813 700 Phot.
1830 664 1915 699 cod.
1933 665 1982 710 78
1996 691 2007 710 ‚
2023 665 2242 701 Damascius

1195 730 1258 767 ap.
1274 720 1383 755 Phot.
1396 720 1484 755 cod.
1505 725 1580 764 242
1596 728 1633 757 et
1653 734 1736 769 quae
1748 729 1958 769 sequuntur
1971 723 2074 772 apud
2086 722 2243 760 Suidam

1192 778 1219 812 l.
1240 778 1263 814 l.
1283 786 1320 814 et
1334 791 1370 815 v.
1391 776 1616 825 Σαλούστιος,
1633 791 1678 815 ex
1692 780 1827 816 eodem
1843 782 2065 827 Damascio,
2079 789 2124 817 ut
2137 781 2243 817 vide-

1195 843 1269 881 tur,
1302 845 1493 886 excerpta.
1520 839 1737 877 Tillemont.
1768 839 1794 876 l.
1821 839 1848 876 l.
1877 852 1919 888 p.
1947 838 2021 886 507
2045 852 2128 888 sqq.
2147 838 2237 876 513.

1195 894 1286 931 521.
1306 897 1431 932 Patria
1452 897 1525 932 viri
1543 897 1613 932 fuit
1629 897 1833 946 Panopolis
1855 899 1895 933 in
1913 899 2119 934 Thebaide.
2155 899 2242 935 Sui·

1194 954 1260 990 das
1292 967 1300 990 :
1330 953 1632 1006 Παμπρέπιος
1661 954 1928 1005 Πανοπολίτης,
1949 957 2042 994 ἐπῶν
2069 954 2241 1004 ποιητὴς,

1194 1011 1357 1060 ἀκμάσας
1376 1010 1467 1049 κατὰ
1494 1011 1639 1058 Ζήνωνα
1658 1011 1716 1050 τὸν
1740 1012 1904 1065 βασιλέα.
1924 1010 2105 1067 Ἔγραψεν
2123 1015 2239 1066 (inse-

1192 1072 1333 1106 ruerim
1347 1069 1425 1121 καὶ)
1445 1070 1707 1121 Ἐτυμολογιῶν
1725 1073 1906 1119 ἀπόδοσιν,
1925 1072 1959 1112 ’I
1970 1087 2021 1111 σα
2033 1088 2052 1110 υ
2063 1072 2160 1126 ρικὰ
2174 1089 2239 1111 κα-

1193 1128 1403 1179 ταλογάδην.
1431 1132 1646 1180 Utrumque
1667 1133 1851 1181 scriptum
1883 1134 2102 1181 prosaicum
2129 1133 2240 1170 fuisse

1192 1196 1302 1237 puto,
1339 1190 1605 1238 Bernhardyus
1633 1188 1678 1226 τὰ
1696 1188 1875 1241 Ἰσαυρικὰ
1905 1203 2078 1228 sermone
2096 1192 2213 1241 ligato
2227 1217 2237 1236 ,

1192 1249 1453 1299 Etymologias
1473 1250 1598 1286 soluto
1618 1251 1760 1300 scripta
1780 1258 1918 1289 censet.

1683 1388 1746 1411 21.

1243 1485 1350 1521 Idem
1378 1499 1415 1521 v.
1451 1484 1692 1535 Ἐπετίμα,
1717 1483 1857 1531 ἐπηύξει
1874 1484 1936 1532 τὴν
1956 1485 2077 1536 τιμήν.
2097 1503 2113 1521 α
2135 1487 2182 1525 Οἱ
2201 1485 2238 1525 δὲ

1190 1541 1380 1594 κερδαίνειν
1395 1542 1544 1592 οἰόμενοι
1565 1543 1740 1593 ἐπετίμων
1760 1546 1806 1588 ὥς
1825 1543 2034 1595 λιμώττοντι
2051 1544 2110 1583 τὸν
2125 1551 2235 1586 σῖτον.

1191 1599 1235 1639 Ὁ
1256 1599 1291 1638 δὲ
1308 1601 1404 1639 οὐδὲν
1418 1597 1522 1649 ἦττον
1539 1602 1701 1654 ἠγόραζε.
1719 1621 1733 1636 »
1752 1603 1898 1654 Μάλχος
1913 1603 2028 1656 φησίν.

1243 1661 1350 1697 Idem
1372 1674 1381 1697 :
1403 1662 1431 1699 Λ
1444 1659 1557 1713 έπρα
1570 1690 1580 1710 ,
1603 1654 1689 1704 εἶδος
1708 1661 1824 1701 νόσου.
1844 1660 2003 1713 Μάλχος.
2023 1680 2040 1695 α
2057 1659 2183 1715 Λέπρα
2203 1661 2240 1701 δὲ

1190 1717 1330 1764 ἐπήνθει
1347 1720 1396 1771 τῷ
1415 1718 1595 1773 προσώπῳ
1613 1721 1732 1758 αὐτοῦ.
1758 1737 1773 1754 ³³

1244 1779 1351 1815 Idem
1392 1790 1400 1816 :
1433 1777 1475 1817 ‘A
1490 1794 1516 1828 μ
1529 1778 1701 1825 αξιτόν,
1736 1778 1813 1816 ὁδὸν
1851 1778 2033 1828 δημοσίαν.
2070 1779 2217 1831 Μάλχος
2232 1794 2240 1800 ’

1192 1854 1207 1869 α
1223 1838 1246 1882 ἡ
1269 1835 1305 1874 δὲ
1325 1836 1470 1883 εἷσὸολὴ
1500 1839 1578 1876 κτλ.
1611 1841 1702 1886 Quae
1729 1840 1847 1875 verba
1875 1852 1955 1874 non
1981 1840 2145 1885 Malchi,
2173 1840 2241 1876 sed

1189 1897 1455 1945 Xenophontis
1473 1898 1595 1934 Anah.
1616 1899 1654 1943 I,
1676 1911 1696 1934 2
1710 1925 1720 1943 ‚
1743 1911 1788 1933 21
1807 1906 1907 1933 sunt.
1927 1899 2066 1934 Malchi
2082 1899 2187 1935 locus
2203 1907 2240 1935 et

1191 1955 1328 1992 deinde
1345 1956 1614 2004 Xenophontis
1632 1957 1776 1992 mentio
1797 1957 1995 1992 exciderit.

1243 2014 1349 2050 Idem
1380 2027 1417 2052 v,
1440 2012 1708 2052 Ὑπολαὸών
1739 2029 1747 2050 2
1781 2031 1796 2049 «
1817 2012 1910 2057 Τοὺς
1932 2013 1968 2052 δὲ
1988 2013 2190 2061 ἀντιστῆναί
2208 2017 2239 2052 οῖ

1188 2070 1431 2119 τολμήσαντας
1451 2071 1711 2121 ὑπολαμὸάνων
1732 2074 1777 2114 ὡς
1806 2071 1973 2116 ἑκάστους
2005 2070 2186 2125 διέφθειρε.
2220 2090 2236 2105 ¹»

1189 2128 1262 2167 Καὶ
1282 2128 1429 2182 Μάλχος
1448 2147 1464 2163 «
1485 2129 1531 2168 ‘O
1552 2129 1587 2167 δὲ
1609 2133 1722 2183 Κῦρος
1741 2131 1819 2168 κτλ.
1838 2133 1928 2179 Quae
1948 2133 2035 2168 item
2055 2144 2135 2168 non
2151 2132 2240 2170 Mal-

1190 2190 1272 2234 chi,
1291 2190 1357 2226 sed
1374 2191 1640 2239 Xenophontis
1657 2189 1801 2240 (Anah.
1818 2192 1855 2237 Ι,
1876 2203 1912 2236 1,
1936 2203 1956 2237 7
1973 2190 1983 2239 )
2003 2191 2121 2227 verba
2136 2199 2236 2228 sunt.

1195 2264 1209 2280 «
1243 2249 1347 2284 Fort.
1381 2249 1607 2285 antecedens
1626 2250 1733 2286 locus
1751 2249 1800 2286 ad
1824 2249 2014 2286 Malchum
2047 2251 2236 2298 pertinet,

1190 2307 1287 2343 adeo
1301 2314 1344 2343 ut
1363 2308 1477 2346 scrib.
1497 2309 1544 2344 sit
1560 2304 1643 2359 φησὶ
1664 2306 1814 2358 Μάλχος
1833 2308 1893 2343 vel
1915 2309 1960 2349 ὡς
1973 2309 2025 2343 M.
2050 2324 2065 2341 »
2090 2309 2230 2345 Bernh.

1191 2479 1206 2494 α
1223 2467 1426 2500 Providentia
1453 2469 1621 2500 nobiscum
1644 2468 1740 2508 facit,
1762 2481 1779 2496 »
1805 2468 2018 2509 suspicionem
2040 2468 2178 2509 praehnit
2196 2468 2236 2500 iis

1190 2519 1247 2559 qui
1273 2520 1504 2557 auscultarant,
1527 2521 1618 2560 quasi
1641 2529 1682 2551 ex
1697 2520 1837 2560 quadam
1859 2520 2057 2560 praenotione
2079 2519 2236 2552 divinitus

1189 2569 1259 2601 haec
1283 2570 1425 2603 dixisset.
1466 2574 1574 2609 Quum
1601 2573 1709 2603 autem
1727 2580 1778 2603 res
1801 2571 1978 2612 evenisset,
2000 2571 2085 2603 sicut
2109 2570 2234 2611 evenit,

1188 2621 1441 2661 ejussermonem
1455 2631 1530 2655 cum
1545 2625 1661 2655 eventu
1676 2625 1917 2664 comparantes,
1936 2624 2054 2664 ipsum,
2073 2625 2109 2656 ut
2121 2623 2236 2664 vulgus

1187 2674 1279 2713 solet,
1294 2675 1440 2707 omnium
1452 2700 1461 2715 ,
1480 2685 1554 2716 quae
1579 2678 1696 2717 praeter
1715 2685 1920 2708 communem
1949 2676 2132 2716 opinionem
2159 2676 2236 2717 ipsis

1190 2725 1335 2758 accidere
1360 2727 1565 2766 videbantur,
1581 2728 1687 2759 solum
1715 2729 1880 2760 auctorem
1896 2727 2137 2759 existimabant.
2182 2727 2236 2760 Sic

1188 2777 1317 2822 quidem
1337 2777 1376 2810 de
1397 2787 1435 2810 eo
1449 2779 1606 2819 sapientes
1621 2779 1842 2819 conjiciebant.
1887 2780 2042 2811 ceterum
2054 2778 2141 2811 aliud
2155 2779 2234 2820 quid

1188 2818 1402 2870 suissdneque
1413 2830 1574 2870 praesracte
1586 2839 1701 2871 negare
1718 2831 1820 2862 habeo
1835 2839 1938 2871 neque
1963 2830 2135 2863 affirmare.
2159 2831 2236 2862 illus

1187 2883 1295 2914 tamen
1317 2883 1448 2922 perinde
1473 2883 1613 2914 maxima
1626 2884 1659 2914 et
1674 2883 1807 2914 minima
1826 2891 1964 2923 qumque
1974 2891 2048 2914 cum
2062 2883 2117 2914 illo
2130 2883 2234 2923 primo

1187 2934 1457 2966 communicabat.
1473 2936 1564 2966 Tunc
1582 2934 1678 2974 igitur
1693 2934 1750 2965 illo
1766 2935 1951 2974 assumpto,
1971 2933 2109 2965 Nicaeam
2126 2933 2233 2965 hiber-

1187 2987 1322 3017 naturus
1350 2986 1454 3025 venit,
1485 2986 1552 3018 sive
1580 2986 1690 3026 populi
1717 2985 1925 3017 ostensionem
1951 2984 2132 3024 declinans,
2166 2985 2234 3017 sive

1188 3036 1288 3067 fatum
1305 3035 1402 3076 illud,
1419 3036 1506 3077 quod
1524 3037 1636 3069 urbem
1654 3036 1797 3069 caedibus
1812 3036 2003 3076 infestabat,
2019 3036 2140 3068 evitare
2150 3044 2231 3076 pau-

1188 3087 1283 3128 lisper
1298 3087 1420 3120 volens.

1229 3139 1344 3172 Milites
1369 3139 1532 3180 stipendiis
1558 3148 1642 3180 saepe
1666 3139 1799 3180 privati,
1823 3138 1912 3171 victu
1938 3138 2036 3171 etiam
2077 3140 2232 3171 consueto

1189 3191 1338 3232 fraudati,
1353 3191 1386 3223 in
1400 3191 1653 3232 desperationem
1666 3191 1832 3223 venerunt.

1674 3246 1733 3279 21.

1230 3301 1279 3334 Illi
1293 3309 1368 3332 vero
1393 3301 1508 3332 lucrari
1526 3301 1680 3339 volentes,
1695 3301 1724 3332 ei
1751 3301 1950 3332 frumentum
1962 3300 1998 3331 ut
2022 3299 2107 3331 same
2133 3299 2225 3332 labo-

1191 3354 1272 3386 ranti
1285 3354 1404 3394 maj0re
1418 3354 1518 3394 pretio
1535 3353 1727 3385 vendebant.
1741 3354 1782 3384 At
1795 3353 1847 3384 ille
1863 3352 2071 3384 nihilominus
2085 3352 2174 3385 emit.
2191 3365 2207 3381 u

1232 3407 1333 3446 Lepra
1345 3399 1452 3438 autem
1463 3405 1496 3437 in
1509 3405 1579 3446 eius
1592 3405 1671 3438 facie
1683 3404 1911 3437 esssorescebat.
