2372 3704
1005 199 1134 239 FRAG
1142 199 1182 238 M
1189 199 1332 239 ENTA.

99 289 205 328 λιστα
220 286 298 332 τοὺς
310 285 441 338 δήμους
457 284 596 333 ἐλύπει,
614 284 735 329 πένθος
749 300 787 323 τε
807 283 974 335 δημόσιον
992 285 1150 332 ἐνεποίει,

102 347 186 398 δίχα
214 345 332 397 μάχης
359 343 436 396 ὄψις
465 342 667 395 πολιορκίας
681 373 692 391 ,
720 342 766 387 ὥς
786 359 881 386 τινας
899 345 967 380 τῶν
989 343 1150 393 δημοτῶν

100 404 162 444 καὶ
178 406 225 448 εἰς
243 408 362 456 χεῖρας
382 402 512 452 ἐλθεῖν)
525 417 534 426 ·
551 403 704 440 ἐντεῦθεν
723 401 877 452 μάλιστα
895 402 930 439 αἱ
949 402 1061 453 ψυχαὶ
1080 403 1148 438 τῶν

99 462 263 501 ἁπάντων
278 460 528 514 ἀπηρέσκοντο,
544 459 623 498 οἵτε
637 462 848 512 στρατιῶται
863 459 1090 510 ὠνειδίζοντο,
1105 461 1150 503 ὡς

99 520 141 568 δὴ
161 521 204 559 δι’
226 519 349 563 αὐτοὺς
361 523 473 558 ταῦτα
487 518 696 572 πράττοντος
716 518 930 568 Μαξιμίνου.
951 517 1073 558 Αἰτίαι
1087 516 1150 568 μὲν

98 574 156 617 οὖν
173 573 277 616 αὗται
295 578 342 622 εἷς
358 582 458 629 μῖσος
474 577 534 615 καὶ
551 575 742 615 ἀπόστασιν
758 575 916 620 ἅπαντας
931 575 1146 629 παρώξυνον.

584 656 596 679 1
607 642 670 686 46.

150 709 240 744 Exc.
275 709 333 744 De
352 708 423 745 ins.
437 719 478 755 p.
501 705 550 743 50
575 719 583 742 ε
604 703 691 744 εὈτι
707 704 765 742 διὰ
783 703 846 751 τὴν
865 703 1069 757 τραχύτητα
1090 704 1149 742 καὶ

96 764 265 814 ὠμότητα
282 766 342 802 τοῦ
363 761 562 813 Μαξιμίνου
583 764 629 806 εἰς
649 765 748 812 μῖσος
766 763 826 800 καὶ
847 762 1040 801 ἀπόστασιν
1058 762 1148 800 πάν-

98 838 152 866 τες
173 821 436 874 παρωξύνοντο,
457 820 626 873 ἄρξασθαι
643 819 678 859 δὲ
698 820 806 864 οὐδεὶς
825 820 975 871 ἐτόλμα,
993 820 1094 872 ἄχρις
1110 815 1148 859 οῧ

97 881 224 925 Λίὸυες
241 880 495 927 ἐπανέστησαν,
510 878 543 924 ἐξ
558 878 669 923 αἰτίας
680 880 832 919 τοιᾶσδε.
850 878 1089 931 Ἐπετρόπευέ
1099 895 1149 924 τις

97 942 159 986 τῆς
181 938 426 992 Καρχηδονίας
445 937 563 991 χώρας
593 938 798 990 τραχύτατα
825 936 885 974 καὶ
917 936 1006 986 μετὰ
1033 937 1148 983 πάσης

96 997 294 1048 ὠμότητος,
312 997 504 1040 καταδίκας
528 1011 565 1034 τε
583 999 690 1034 ποιῶν
711 995 771 1033 καὶ
791 994 984 1047 χρημάτων
1003 995 1146 1047 εἰσπρά-

98 1055 179 1103 ξεις,
198 1054 404 1107 βουλόμενος
420 1054 613 1104 εὐδοκιμεῖν
630 1052 727 1106 παρὰ
744 1055 793 1105 τῷ
811 1052 1014 1105 Μαξιμίνῳ.
1037 1052 1150 1092 'Exei-

97 1114 152 1158 νός
170 1115 251 1165 (τε)
271 1113 338 1166 γὰρ
357 1112 435 1157 τοὺς
458 1112 672 1165 ἁρμόζοντας
689 1115 731 1164 τῇ
761 1114 866 1149 αὑτοῦ
886 1110 1009 1164 γνώμῃ
1029 1111 1147 1150 ἐπελέ-

95 1188 190 1224 γετο.
214 1171 277 1211 Διὸ
304 1175 365 1219 τῆς
384 1171 517 1226 Λιβύης
537 1171 654 1223 ἄρχων
672 1176 779 1208 πᾶσιν
801 1169 863 1220 μὲν
885 1170 1006 1221 βιαίως
1026 1171 1149 1223 ἐπεφέ·

99 1245 175 1284 ρετο
187 1261 196 1278 ,
207 1230 404 1274 νεανίσκους
418 1230 453 1268 δέ
469 1245 564 1274 τινας
578 1232 645 1267 τῶν
661 1228 743 1282 παρ’
757 1228 899 1272 ἐκείνοις
911 1224 947 1266 εὖ
960 1229 1148 1280 γεγονότων

98 1289 209 1342 [καὶ]
243 1288 433 1335 πλουσίων,
457 1287 663 1331 καταδίκαις
688 1287 902 1339 περιὸαλὼν,
930 1287 1148 1339 εἰσπράττειν

99 1349 196 1401 [τὰ]
217 1348 387 1400 χρήματα
404 1346 528 1390 εὐθέως
545 1349 726 1399 ἐπειρᾶτο,
746 1345 918 1398 πατρῴων
938 1361 976 1382 τε
990 1345 1050 1383 καὶ
1063 1361 1148 1398 προ·

97 1409 242 1457 γονικῶν
256 1408 379 1444 οὐσιῶν
397 1403 520 1448 αὐτοὺς
532 1406 761 1455 ἀναιρεῖσθαι.
775 1403 856 1456 Ἐφ’
872 1397 920 1446 οἷς
935 1403 1149 1454 ἀλγήσαντες

97 1462 210 1515 οὗτοι,
227 1467 271 1505 τὰ
290 1465 352 1516 μὲν
372 1465 542 1518 χρήματα
563 1465 685 1503 δώσειν
705 1464 918 1516 ὑπέσχοντο,
939 1467 1042 1517 τριῶν
1059 1467 1148 1514 ἡμε-

99 1529 169 1580 ρῶν
185 1525 391 1572 αἰτήσαντες
406 1523 565 1562 ἀνάθεσιν
577 1539 584 1547 ·
603 1523 824 1574 συνωμοσίαν
848 1523 882 1561 δὲ
903 1523 1146 1573 ποιησάμενοι,

97 1585 231 1627 πάντας
259 1582 317 1628 οὓς
334 1581 519 1634 ᾔδεισανῆ
544 1581 758 1624 πεπονθότας
786 1597 818 1619 τι
847 1581 956 1620 δεινὸν
985 1580 1007 1627 ἢ
1028 1583 1148 1619 παθεῖν

99 1641 305 1689 δεδοικότας,
321 1641 517 1687 πείσαντες,
533 1640 712 1678 κελεύουσι
726 1639 860 1691 νύκτωρ
875 1641 1053 1677 κατελθεῖν
1071 1638 1150 1683 τοὺς

98 1703 138 1739 ἐκ
155 1704 222 1739 τῶν
242 1702 357 1752 ἀγρῶν
373 1699 596 1749 νεανίσκους,
619 1698 703 1743 ξύλα
723 1714 760 1736 τε
777 1699 837 1736 καὶ
853 1697 1011 1742 πελέκεις
1029 1698 1147 1751 ἐπιφέ··

101 1763 237 1812 ρεσθαι.
260 1761 307 1800 Οἱ
337 1757 373 1797 δὲ
402 1758 492 1810 μέγα
520 1774 554 1796 τι
583 1759 713 1804 πλῆθος
733 1757 950 1800 συνελθόντες
961 1787 971 1806 ,
993 1755 1069 1807 ἅμα
1099 1759 1149 1810 τῷ

97 1818 312 1872 περιόρθριον
326 1817 484 1870 γενέσθαι
498 1818 544 1860 εἷς
557 1817 634 1860 τοὺς
645 1819 712 1854 τῶν
728 1817 903 1854 δεσποτῶν
918 1815 1029 1860 οἴκους
1043 1818 1151 1853 ἀπαν-

98 1879 206 1924 τῶσι,
238 1876 298 1914 καὶ
334 1875 395 1914 σὺν
425 1876 541 1918 αὐτοῖς
569 1874 695 1918 πάντες
718 1877 852 1926 ὁρμῶσι
887 1873 1036 1927 ξιφήρεις
1048 1889 1056 1898 ·
1091 1875 1151 1912 καὶ

98 1934 266 1987 πρότερον
286 1933 347 1984 μὲν
369 1935 427 1972 τὸν
458 1933 642 1985 ἐπίτροπον
665 1933 841 1986 αἰφνιδίως
863 1935 1062 1984 ἀναιροῦσι,
1091 1933 1152 1971 καὶ

99 1992 249 2036 πολλοὺς
267 1995 335 2031 τῶν
356 1993 437 2045 περὶ
462 1992 566 2031 αὐτὸν
588 1994 809 2046 στρατιωτῶν
823 2008 831 2015 ·
861 1991 981 2030 ἔπειτα
1002 1991 1062 2030 καὶ
1091 1992 1150 2030 τὸν

99 2055 160 2098 τῆς
179 2050 297 2103 χώρας
316 2050 519 2102 ἡγούμενον.

154 2124 184 2149 2.
218 2109 279 2152 Ὡς
299 2108 335 2147 δὲ
351 2113 462 2147 ταῦτα
483 2109 595 2152 αὐτοῖς
613 2108 872 2161 προεχώρησεν,
892 2110 926 2146 ἐν
941 2107 1052 2160 ἔργοις
1072 2108 1148 2158 μεί-

100 2170 192 2213 ζοσιν
205 2167 333 2219 ᾔδεσαν
345 2167 467 2219 [μόνην
479 2169 615 2210 ἑαυτοῖς
627 2168 802 2219 σωτηρίαν
815 2166 1074 2219 ὑπάρχουσαν]”
1083 2173 1151 2204 πᾶν

99 2243 137 2265 τε
149 2227 188 2265 τὸ
203 2227 294 2271 ἔθνος
308 2226 556 2269 ἀναπείσαντες
570 2229 616 2269 εἰς
629 2226 823 2264 ἀπόστασιν
837 2224 938 2278 (ὅπερ
949 2225 1078 2277 ᾔδεσαν
1089 2225 1148 2263 πά·

99 2285 232 2336 λαιμὲν
248 2285 410 2338 εὔχεσθαι
428 2285 522 2336 μίσει
537 2284 747 2334 Μαξιμίνου,
762 2285 859 2337 φόὸῳ
872 2283 907 2322 δὲ
922 2283 1150 2335 κωλύεσθαι),

101 2344 318 2396 μεσαζούσης
327 2343 637 2398 ἡμέρας[ἐπίασιν]
651 2345 707 2381 ἐπὶ
715 2343 778 2389 τὴν
789 2347 848 2381 τοῦ
859 2342 1152 2386 ἀνθυπατεύοντος

99 2403 227 2442 οἰκίαν·
245 2402 428 2455 Γορδιανὸς
441 2403 477 2440 δὲ
487 2397 529 2449 ἦν
540 2401 663 2452 ὄνομα,
676 2402 795 2454 κλήρῳ
809 2402 870 2446 μὲν
883 2400 945 2447 τὴν
957 2402 1150 2438 ἀνθύπατον

101 2461 233 2515 λαχὼν,
243 2461 440 2513 πρεσὸύτης
450 2461 484 2499 δὲ
494 2462 539 2503 εἰς
550 2459 621 2503 ἔτος
629 2460 666 2498 π’
675 2459 867 2506 ἐληλακὼς,
878 2461 1016 2497 πολλῶν
1026 2475 1061 2497 τε
1073 2459 1152 2511 πρό-

101 2536 197 2573 τερον
212 2519 334 2572 [ἄρξας
351 2520 468 2566 ἐθνῶν,
480 2518 514 2556 ἔν
530 2534 567 2556 τε
578 2517 726 2571 πράξεσι
738 2518 916 2568 μεγίσταις
928 2516 1149 2568 ἐξετασθείς].

155 2593 186 2619 ³.
201 2580 259 2599 *Ψ*
271 2577 410 2630 πράξεις
422 2575 592 2620 ὑπατικὰς
605 2578 615 2627 (
627 2576 775 2619 Σαὸἰνος
790 2575 824 2613 δὲ
842 2570 883 2621 ἦν
898 2574 1007 2626 ὄνομα
1023 2576 1150 2628 αὐτῷ),

104 2636 311 2690 βουλόμενον
341 2638 498 2674 κωλῦσαι
535 2634 579 2673 τὰ
616 2634 799 2685 γινόμενα,
833 2632 924 2684 ξύλῳ
962 2633 1152 2672 παισθέντα

102 2694 194 2733 κατὰ
213 2698 272 2733 τοῦ
291 2693 432 2745 κρανίου
446 2693 665 2738 τελευτῆσαι.
687 2691 760 2730 Καὶ
776 2694 794 2730 ὁ
811 2691 875 2743 μὲν
894 2693 1003 2742 δῆμος
1020 2693 1054 2729 ἐν
1071 2691 1150 2729 τού-

101 2768 172 2797 τοις
187 2748 244 2798 ἧν.
265 2751 313 2791 ‘fl
330 2752 365 2790 δὲ
383 2750 575 2803 σύγκλητος
591 2750 686 2795 ἅπαξ
703 2749 969 2802 ἀναρριφθέντος
982 2750 1151 2796 κινδύνου,

102 2810 218 2849 πάντα
239 2810 405 2862 ἔπραττεν
427 2811 474 2853 εἷς
491 2809 530 2847 τὸ
556 2811 755 2855 ἀποστῆσαι
777 2808 820 2847 τὰ
846 2808 945 2855 ἔθνη,
965 2807 1153 2860 πρεσὸείαν

102 2870 187 2922 πρὸς
202 2868 337 2911 πάντας
355 2867 567 2919 ἡγουμένους
582 2867 790 2918 πέμπουσα,
806 2866 866 2904 καὶ
882 2866 945 2913 τὴν
966 2866 1153 2914 Ῥωμαίων

2168 211 2247 246 595

1211 284 1354 336 γνώμην
1374 286 1547 333 δηλοῦσα,
1569 286 1714 336 δεομένη
1734 303 1770 325 τε
1792 288 2012 342 συναίρεσθαι
2032 293 2074 343 τῇ
2091 291 2246 344 πατρίδι.

1212 345 1259 382 Οἱ
1275 345 1431 382 πλεῖστοι
1449 343 1512 394 μὲν
1528 338 1586 382 οῧν
1605 344 1826 396 προσήκαντο
1844 347 1906 387 τὴν
1925 348 2130 400 πρεσὸείαν·
2142 349 2251 402 ὀλίγοι

1212 401 1249 440 δέ
1265 417 1352 445 τινες
1368 401 1596 455 διεχρήσαντο
1610 402 1688 446 τοὺς
1709 402 1879 448 ἐλθόντας.

1264 478 1294 504 3.
1327 465 1399 505 Καὶ
1423 465 1466 504 τὰ
1496 464 1558 517 μὲν
1589 465 1681 504 κατὰ
1710 465 1771 513 τὴν
1800 467 1988 518 Ῥωμαίων
2016 470 2115 509 πόλιν
2136 487 2172 510 τε
2192 473 2252 511 καὶ

1211 523 1353 574 γνώμην
1375 527 1519 562 τοιαῦτα
1538 518 1596 571 ἦν.
1619 524 1681 564 Ἐν
1701 524 1737 562 δὲ
1757 528 1799 578 τῇ
1828 527 2028 578 Καρχηδόνι
2045 531 2110 581 οὐχ
2125 532 2170 574 ὥς
2188 531 2252 579 ἤλ-

1211 597 1316 620 πισαν
1338 581 1382 620 τὰ
1399 582 1592 635 πράγματα
1615 581 1824 636 προύχώρει.
1854 585 2096 631 Καπελλιανὸς
2124 587 2190 641 γὰρ
2209 583 2252 636 ἦν

1210 655 1260 684 τις
1279 639 1389 691 ὄνομα
1411 643 1479 678 τῶν
1500 640 1570 678 ἀπὸ
1590 640 1784 691 συγκλήτου
1797 656 1805 665 ·
1831 644 1948 693 ἡγεῖτο
1968 643 2003 680 δὲ
2020 645 2252 696 Μαυρουσίων

1210 700 1278 736 τῶν
1303 698 1370 737 ὑπὸ
1394 698 1585 748 Ῥωμαίοις
1615 699 1805 749 Νομάδων,
1835 699 1924 752 ἔχων
1953 700 2013 739 καὶ
2034 706 2253 753 στρατιωτῶν

1211 758 1274 795 οὐκ
1293 756 1593 810 εὐκαταφρόνητον
1616 757 1776 807 δύναμιν.
1799 760 1932 797 Τοῦτον
1954 761 1971 797 ὁ
1991 761 2174 812 Γορδιανὸς
2193 765 2254 807 τῆς

1211 817 1322 868 ἀρχῆς
1338 815 1563 868 παραλύσας,
1579 820 1637 855 τοῦ
1658 816 1772 861 ἔθνους
1787 816 1932 861 ἐξελθεῖν
1950 818 2141 857 ἐκέλευσεν.
2162 819 2205 860 Ὁ
2219 821 2255 859 δὲ

1209 873 1267 911 τὸν
1295 874 1442 925 στρατὸν
1463 874 1643 927 ἀθροίσας,
1663 876 1833 921 κατῆλθεν
1863 876 1920 914 ἐπὶ
1940 875 2003 923 τὴν
2025 878 2257 929 Καρχηδόνα,

1211 931 1272 975 Ὡς
1288 932 1323 970 δὲ
1344 932 1548 983 ἀπηγγέλθη
1570 935 1618 985 τῷ
1648 935 1676 973 Γ
1678 934 1825 986 ορδιανῷ
1844 936 1862 972 ὁ
1879 934 2024 986 στρατὸς
2040 935 2191 988 προσιὼν
2211 940 2256 989 τῇ

1210 990 1330 1041 πόλει,
1351 990 1453 1035 αὐτός
1471 1007 1508 1029 τε
1530 993 1563 1029 ἐν
1585 991 1724 1043 ἐσχάτῳ
1748 992 1816 1029 δέει
1836 986 1890 1039 ἦν,
1911 991 1998 1031 οἵτε
2022 994 2255 1046 Καρχηδόνιοι

1209 1049 1452 1100 ταραχθέντες,
1469 1048 1619 1100 οἰόμενοί
1634 1066 1669 1088 τε
1689 1052 1723 1087 ἐν
1741 1050 1865 1096 πλήθει
1882 1050 2006 1102 ὄχλου,
2026 1054 2087 1090 οὐκ
2104 1054 2138 1091 ἐν
2155 1054 2257 1091 εὐτα-

1210 1107 1265 1161 ξία
1284 1111 1433 1159 στρατοῦ
1447 1138 1457 1158 ,
1479 1114 1591 1158 νικᾶν,
1612 1108 1788 1158 πανδημεὶ
1805 1108 1930 1152 πάντες
1952 1109 2094 1155 ἐξίασιν.

1262 1185 1293 1209 5.
1324 1170 1369 1210 ‘O
1400 1173 1430 1211 Γ
1431 1171 1584 1224 ορδιανὸς
1605 1171 1667 1221 μὲν
1695 1167 1753 1211 οὖν
1772 1175 1790 1211 ὁ
1812 1173 2006 1226 πρεσὸύτης
2027 1175 2100 1225 ἅμα
2127 1179 2177 1229 τῷ
2195 1181 2257 1224 τῆς

1211 1229 1439 1282 Καρχηδόνος
1459 1230 1623 1277 ἕπιὸἢναι
1648 1233 1681 1269 ἐν
1700 1232 1895 1283 ἀπογνώσει
1911 1232 2112 1283 γενόμενος,
2135 1237 2255 1274 ἐννοῶν

1209 1286 1272 1332 τὴν
1290 1286 1435 1338 δύναμιν
1457 1288 1673 1338 Μαξιμίνου,
1691 1290 1785 1327 οὐδὲν
1803 1289 1838 1328 δὲ
1859 1293 1946 1342 ὁρῶν
1969 1292 2002 1328 ἐν
2023 1291 2138 1344 Λιὸύῃ
2160 1292 2249 1337 ἀξιό-

1212 1361 1338 1397 μαχον,
1362 1345 1556 1396 ἀνήρτησεν
1582 1348 1702 1385 ἑαυτὸν
1728 1348 1856 1400 βρόχῳ.
1883 1350 2132 1401 Κρυπτομένης
2167 1352 2257 1403 [δὲ]

1211 1405 1316 1441 αὐτοῦ
1335 1407 1395 1450 τῆς
1410 1406 1591 1452 τελευτῆς,
1607 1405 1664 1444 τὸν
1682 1407 1752 1444 υἱὸν
1774 1409 1876 1444 αὐτοῦ
1896 1407 2180 1459 στρατηγήσοντα
2197 1414 2256 1448 τοῦ

1210 1461 1360 1508 πλήθους
1387 1462 1532 1503 εἵλοντο.
1555 1464 1747 1513 Γενομένης
1781 1464 1816 1502 δὲ
1837 1464 2032 1515 συμὸολῆς,
2057 1467 2206 1512 ἅπαντες
2225 1470 2256 1506 οἱ

1214 1520 1452 1572 Καρχηδόνιοι
1473 1522 1723 1574 διεφθάρησαν·
1754 1524 1820 1574 οὐχ
1845 1522 2091 1571 ὑπομείναντες
2109 1524 2175 1578 γὰρ
2195 1525 2258 1572 τὴν

1212 1580 1330 1630 ἔφοδον
1351 1582 1418 1617 τῶν
1440 1580 1638 1632 βαρὸάρων,
1657 1580 1747 1618 ἀλλὰ
1770 1582 1883 1620 πάντα
1902 1582 1924 1619 ἆ
1943 1582 2148 1635 ἐπεφέροντο
2166 1584 2258 1626 ὅπλα

1213 1638 1370 1690 ῥίψαντες
1387 1637 1510 1690 ἔφυγον
1523 1654 1530 1662 ·
1547 1639 1735 1688 ὠθούμενοι
1753 1639 1787 1677 δὲ
1813 1642 1871 1678 ὑπ’
1891 1641 2052 1687 ἀλλήλων
2075 1643 2106 1680 οἱ
2124 1642 2259 1687 πλείους

1214 1696 1409 1736 ἀπώλοντο.
1437 1696 1548 1735 Ἔνθα
1571 1697 1631 1735 καὶ
1651 1700 1668 1735 ὁ
1697 1702 1756 1736 τοῦ
1778 1699 1964 1748 Γορδιανοῦ
1990 1699 2059 1743 υἱὸς
2089 1700 2258 1754 ἀνῃρέθη,

1212 1753 1271 1792 καὶ
1291 1755 1420 1807 οἱπερὶ
1442 1755 1545 1794 αὐτὸν
1569 1756 1716 1803 πάντες,
1742 1759 1787 1799 ὡς
1816 1756 1871 1794 διὰ
1900 1758 2029 1803 πλῆθος
2057 1759 2257 1809 πτωμάτων

1216 1812 1305 1863 μηδὲ
1324 1813 1401 1857 τοὺς
1434 1813 1572 1866 νεκροὺς
1600 1818 1751 1867 ταφῆναι
1783 1814 1871 1864 μηδὲ
1902 1819 1962 1853 τοῦ
1983 1817 2171 1868 Γορδιανοῧ
2199 1821 2258 1855 τοῦ

1213 1871 1289 1909 νέου
1311 1873 1489 1924 εὑρεθῆναι
1504 1875 1621 1923 σῶμα.
1655 1872 1776 1919 Πολλὴ
1796 1873 1830 1911 δὲ
1856 1874 1990 1924 οἰμωγὴ
2010 1874 2101 1912 κατὰ
2116 1875 2178 1921 τὴν
2195 1876 2258 1913 πό-

1216 1931 1268 1967 λιν
1296 1933 1468 1981 γυναικῶν
1493 1947 1530 1969 τε
1556 1931 1616 1970 καὶ
1639 1931 1771 1969 παίδων
1789 1932 1937 1982 ἐγένετο.
1956 1933 2112 1985 Τοιούτῳ
2132 1934 2194 1984 μὲν
2214 1933 2255 1980 δὴ
2300 1963 2304 1971 ,

1214 1988 1304 2026 τέλει
1331 1991 1349 2027 ὁ
1368 1989 1552 2041 Γορδιανὸς
1573 1990 1767 2042 ἐχρήσατο,
1793 1990 1922 2042 βιώσας
1940 1991 1983 2029 τὰ
1998 1994 2120 2042 πρῶτα
2143 1993 2258 2030 εὐδαι-

1214 2047 1344 2098 μόνως,
1365 2050 1399 2086 ἓν
1417 2049 1522 2087 εἰκόνι
1538 2065 1574 2087 τε
1596 2049 1773 2101 βασιλείας
1791 2049 2014 2095 τελευτήσας.
2059 2080 2061 2082 -

1267 2121 1295 2146 6.
1315 2107 1360 2146 ‘O
1378 2107 1412 2145 δὲ
1432 2107 1672 2151 Καπελλιανὸς
1688 2109 1734 2150 εἷς
1751 2107 1962 2159 Καρχηδόνα
1979 2108 2154 2156 εἰσελθὼν,
2169 2109 2256 2147 πάν·

1212 2181 1273 2208 τας
1300 2182 1335 2204 τε
1356 2165 1432 2209 τοὺς
1452 2165 1690 2216 πρωτεύοντας
1717 2166 1929 2215 ἀπέκτεινεν,
1947 2166 2007 2204 καὶ
2026 2165 2058 2204 εἴ
2075 2182 2161 2210 τινες
2187 2167 2258 2204 διε,

1213 2223 1375 2270 σώθησαν
1396 2226 1435 2262 ἐκ
1460 2228 1521 2268 τῆς
1542 2225 1680 2276 μάχης,
1700 2223 1851 2277 ἐφείδετο
1880 2224 2033 2271 οὐδενὸς,
2060 2224 2137 2263 οὔτε
2156 2227 2256 2277 ἱερῶν

1215 2282 1412 2330 συλήσεως,
1444 2281 1521 2321 οὔτε
1552 2283 1745 2334 χρημάτων
1777 2283 1937 2334 ἁρπαγῆς
1952 2298 1960 2306 ·
1994 2282 2084 2320 ἀλλὰ
2115 2283 2173 2321 καὶ
2197 2283 2258 2326 τὰς

1213 2340 1334 2384 λοιπὰς
1350 2340 1485 2394 περιῄει
1499 2342 1614 2384 πόλεις
1631 2345 1774 2379 τοιαῦτα
1789 2343 1891 2394 δρῶν.
1908 2341 1969 2385 Ὡς
1989 2340 2024 2379 δὲ
2041 2343 2072 2384 ἐς
2089 2341 2149 2387 τὴν
2167 2341 2260 2381 Ῥώ-

1213 2414 1282 2446 μην
1303 2399 1459 2446 ἐδηλώθη
1480 2403 1501 2446 ἡ
1522 2403 1581 2438 τοῦ
1598 2399 1794 2452 πρεσὸύτου
1816 2399 1979 2449 τελευτὴ,
1994 2401 2027 2437 ἐν
2045 2400 2156 2450 πολλῇ
2174 2402 2259 2451 ἀφα·

1213 2458 1272 2510 σίᾳ
1302 2458 1471 2509 ἐγένοντο.
1494 2456 1637 2503 ἼΞδοξεν
1661 2453 1718 2496 οὖν
1749 2459 1860 2502 αὐτοῖς
1885 2459 2057 2496 συνελθεῖν
2086 2457 2146 2496 καὶ
2177 2457 2257 2508 περὶ

1214 2519 1283 2555 τῶν
1303 2517 1484 2570 πρακτέων
1506 2520 1718 2570 σκέψασθαι,
1739 2517 1798 2555 καὶ
1818 2516 2123 2568 προστησαμένους
2142 2516 2260 2553 ἐπιλέψ

1213 2573 1336 2619 ξασθαι
1358 2575 1519 2627 βασιλέα.
1544 2578 1721 2622 Συνῆλθον
1756 2569 1863 2629 [οὖν]
1894 2576 1940 2618 εἷς
1958 2575 1998 2612 τὸ
2024 2574 2258 2624 Καπιτώλιον,

1213 2633 1272 2671 καὶ
1291 2636 1498 2687 ψηφίζονται
1518 2635 1670 2686 βασιλεῖς
1692 2633 1851 2683 Μάξιμόν
1865 2649 1904 2672 τε
1922 2633 1983 2671 καὶ
2003 2632 2189 2683 Βαλὸῖνον,
2204 2634 2258 2670 εὖ-

1214 2691 1297 2735 θέως
1313 2708 1350 2730 τε
1366 2693 1621 2744 αὐτοκράτορας
1637 2692 1877 2741 ὀνομάζουσιν.

1267 2764 1295 2789 7.
1318 2749 1362 2789 Ὁ
1379 2750 1414 2788 δὲ
1437 2750 1627 2800 Μαξιμῖνος
1645 2749 1735 2797 ἥσθη
1753 2749 1815 2800 μὲν
1831 2750 1888 2787 ἐπὶ
1904 2753 1945 2801 τῇ
1962 2752 2030 2787 τῶν
2047 2749 2258 2788 Ἰταλιωτῶν

1214 2808 1309 2852 εὐθὺς
1326 2811 1435 2861 φυγῇ,
1456 2809 1601 2853 ἐλπίζων
1619 2808 1750 2851 πάντας
1766 2812 1866 2846 τοῦτο
1883 2807 2038 2854 ποιήσειν
2051 2823 2058 2831 ·
2074 2810 2091 2845 ὁ
2105 2807 2140 2845 δὲ
2155 2823 2258 2859 στρα-

1214 2866 1270 2910 τὸς
1289 2866 1437 2918 ἤχθετο,
1461 2869 1494 2905 ἐν
1522 2869 1614 2919 ἀρχῇ
1637 2868 1742 2917 λιμοῦ
1762 2864 1986 2917 πειρώμενος.
2009 2864 2258 2917 Διανυκτερεύ-

103 2999 144 3007 -
157 2981 222 3011 καὶ
238 2981 292 3016 εἰς
308 2982 441 3021 χεῖρας
458 2978 610 3022 ἐζλθεῖν]
624 2979 726 3018 male3
740 2980 793 3010 καὶ
807 2981 912 3020 χεῖρας
929 2978 1096 3010 ἀνατείνειν
1111 2979 1163 3010 καὶ
1176 2979 1247 3014 τοὺς
1262 2979 1337 3014 νεὼς
1354 2981 1491 3018 φρουρεῖν
1507 2977 1623 3009 Herod.

147 3029 198 3060 Fr.
227 3029 296 3059 146.
316 3029 354 3058 V.
371 3027 542 3058 Herodian.
558 3028 635 3063 vn,
652 3028 669 3057 4
681 3050 689 3064 ,
712 3030 720 3057 1
741 3035 841 3066 nsque
863 3025 902 3057 ad
927 3026 1022 3057 {inem
1042 3026 1157 3065 operis.
1178 3043 1220 3049 —-
1241 3025 1482 3066 ἐπετρόπευέ
1498 3025 1578 3065 τις]
1602 3026 1673 3056 Her.
1688 3047 1696 3063 ‚
1712 3023 1943 3065 ἐπιτροπεύεται
1958 3023 2029 3056 cod.
2045 3043 2086 3050 —
2106 3023 2257 3059 ἐκεῖνός

103 3086 142 3107 τε
158 3073 252 3116 γὰρ]
266 3085 299 3106 τε
313 3074 393 3106 bene
407 3074 504 3106 habet
518 3082 569 3114 ap.
584 3072 967 3114 Herodianum;ma1ein
983 3075 1141 3112 Excerpto
1155 3074 1273 3103 nostro.
1289 3092 1330 3099 —
1342 3070 1597 3112 νεανίσκους]
1615 3073 1703 3110 Her„
1721 3071 1857 3107 νεανίους
1877 3071 1948 3102 cod.
1964 3088 2004 3093 -—
2019 3071 2065 3103 ἐπ
2077 3082 2091 3102 ε
2103 3082 2111 3101 ι
2123 3081 2171 3101 τα
2187 3072 2257 3101 καὶ

104 3123 172 3155 τὸν
194 3134 211 3153 τ
223 3126 240 3160 ῆ
253 3133 266 3157 ς
291 3133 313 3163 χ
325 3123 432 3162 ώρας
455 3123 474 3159 ἡ
486 3121 560 3161 γού
572 3120 722 3161 μενον]
740 3120 760 3151 i.
780 3129 798 3151 e
835 3120 1046 3152 Gordianum.
1075 3119 1135 3151 Sed
1158 3127 1233 3150 eum
1249 3120 1328 3149 tunc
1352 3127 1415 3149 non
1440 3119 1686 3157 interfecerunt,
1705 3119 1740 3149 ut
1762 3127 1801 3150 ex
1826 3127 1916 3158 seqq.
1939 3119 2036 3157 patet..
2057 3120 2101 3149 De
2118 3126 2174 3148 suo
2188 3116 2257 3147 noec

105 3171 273 3210 excerptor
285 3169 413 3209 adJecit.
427 3168 501 3210 —§
520 3173 550 3200 2.
573 3168 608 3199 ἐν
622 3168 684 3208 ἔργ
694 3178 728 3199 οι
739 3166 773 3207 ς]
788 3168 919 3208 ἐνέργοις
932 3167 1002 3198 cod.
1020 3166 1100 3198 Dein
1113 3164 1214 3195 codex
1234 3177 1240 3195 :
1257 3175 1289 3204 μ.
1306 3164 1416 3195 ἔδοσαν
1428 3188 1436 3202 ,
1452 3164 1537 3204 quod
1551 3173 1592 3195 ex
1607 3163 1724 3195 Hei-od.
1740 3164 1773 3194 in
1788 3164 1901 3204 ᾔδεσαν
1916 3164 2038 3194 mutavi
2054 3163 2178 3202 adjecto
2187 3171 2257 3201 snp-

106 3218 278 3258 piemento.
291 3237 333 3244 -
345 3218 497 3248 πολλῶν
519 3216 556 3247 δὲ
578 3214 788 3256 πρότερον]
806 3215 996 3246 sententiam
1013 3211 1137 3254 explevi
1152 3220 1191 3242 ex
1207 3211 1375 3243 Herodian.
1398 3213 1455 3243 Vli
1467 3235 1475 3249 ,
1492 3216 1527 3249 ὁ,
1553 3216 1580 3242 3.
1599 3211 1719 3242 Deinde
1736 3211 1859 3241 lacunae
1875 3210 1999 3250 signum
2014 3209 2116 3249 posui.
2133 3208 2256 3239 Etenim

106 3273 179 3304 quae
193 3263 345 3295 continno
357 3265 536 3303 sequuntur
549 3262 581 3293 in
595 3261 703 3293 codice
719 3262 817 3293 verba
829 3261 949 3301 πράξεις
963 3260 1108 3301 πρότερον
1122 3283 1130 3297 ,
1145 3259 1273 3293 Σαὸῐνος
1286 3259 1318 3289 δὲ
1331 3260 1397 3290 κτλ.
1411 3283 1420 3298 ,
1438 3267 1475 3290 ea
1489 3259 1638 3297 leguntur
1652 3259 1682 3289 in
1698 3257 1866 3289 Herodian.
1882 3259 1941 3288 VH
1952 3283 1960 3297 ‚
1976 3260 2006 3295 7,
2023 3259 2052 3287 8.
2068 3255 2191 3287 Folium
2205 3262 2257 3285 oo-

106 3310 186 3342 dicis
199 3309 267 3349 ejus
279 3318 318 3341 ex
332 3319 396 3349 quo
410 3311 517 3341 noster
530 3309 633 3341 codex
645 3308 824 3348 descriptus
838 3310 902 3346 est,
917 3306 1072 3338 excidisse
1086 3305 1223 3337 videtur.
1239 3303 1310 3344 —§
1325 3307 1354 3336 4.
1368 3307 1394 3336 K
1404 3304 1663 3345 απελλιανὸς]
1682 3304 1849 3336 Herodian.
1863 3305 1941 3342 VH,
1956 3307 1974 3335 9
1987 3327 1995 3342 ‚
2014 3306 2024 3332 ¹
2042 3312 2050 3340 ;
2067 3300 2255 3334 Καπελιανὸς

107 3356 179 3387 cod.
192 3372 233 3381 —
244 3354 376 3395 νικᾶν]
388 3354 461 3387 deb.
475 3364 547 3386 cum
567 3354 746 3385 Herodiano
764 3366 770 3384 :
785 3354 820 3385 τὸ
832 3354 934 3384 εὔελπι
951 3356 1003 3390 τῆς
1016 3353 1102 3389 νίκης
1113 3351 1202 3382 εἶναι.
1218 3369 1258 3375 -
1271 3349 1289 3391 §
1303 3356 1332 3383 6.
1348 3353 1412 3383 καὶ
1430 3351 1462 3383 εἰ
1482 3350 1604 3391 τινες]
1618 3353 1669 3383 καὶ
1683 3352 1791 3387 οἵτινες
1805 3350 1874 3382 cod.
1891 3350 1918 3381 εἶ
1933 3360 2009 3384 τινες
2020 3349 2109 3378 καί...
2125 3346 2253 3387 ἐφείδετό

107 3415 141 3436 τε
154 3404 224 3436 οὔτε
236 3406 324 3445 ἱερῶν
341 3405 407 3435 κτλ.
424 3403 539 3436 Herod.
556 3402 628 3444 -ξ
648 3406 679 3435 7.
698 3402 978 3442 διανυκτερεύοντες
992 3400 1064 3432 cod.

2067 3450 2114 3478 38.
