2372 3704
718 209 978 251 SCAMONIS
1006 210 1311 252 MYTILENAEI
1342 212 1670 254 FRAGMENTA.

2194 226 2271 261 489

105 298 228 351 μένους
245 297 417 352 γεωργοὺς
433 296 494 336 καὶ
512 296 740 350 χορεύοντας,
761 297 896 337 ἔκτισεν
916 299 1023 337 αὐτοῦ
1043 298 1156 347 πόλιν,
1219 299 1307 347 υἱὸς,
1324 302 1355 338 οἳ
1374 299 1436 351 μὲν
1454 300 1729 354 Ἀριστομένους,
1747 303 1778 341 οἱ
1797 301 1833 341 δὲ
1855 303 2096 358 Σκάμμωνος,
2119 301 2159 344 οὗ
2176 307 2272 358 ὁμώ-

103 358 164 397 καὶ
194 357 360 396 ἐκάλεσεν
383 357 616 396 Ἐλαιοῦντα·
643 360 691 402 ὡς
714 359 898 405 Πυθοκλῆς
925 359 944 395 ὃ
964 357 1098 409 Σάμιος
1121 359 1156 396 ἐν
1221 373 1328 410 νυμον
1346 358 1449 410 ἔσχεν
1471 359 1555 398 υἱόν.

101 416 207 471 τρίτῳ
224 417 444 468 Γεωργικῶν.

409 496 534 536 ΠΕΡΙ
561 495 846 535 ΟΜΟΝΟΙΑΣ.

606 588 645 628 4.

151 661 270 699 Clem.
293 661 354 699 Al.
375 662 502 697 Protr.
530 673 571 710 p.
599 672 659 707 ια,
690 659 739 696 36
760 660 863 709 Sylb.
894 671 904 698 ε
932 657 1100 702 Φωκαεῖς
1120 656 1156 696 δὲ

98 719 283 766 Πυθοκλῆς
299 720 333 758 ἐν
349 718 454 772 τρίτῳ
472 718 563 771 Περὶ
579 717 739 770 ὁμονοίας
753 721 795 772 τῇ
815 718 1020 772 ταυροπόλῳ
1041 717 1155 772 Ἀρτέ-

100 778 173 826 μιδι
190 777 372 832 ἄνθρωπον
391 779 548 817 ὁλοκαεῖν
561 779 713 832 ἱστορεῖ.

517 903 734 918 ψ

191 1013 500 1073 SCAMON
541 1013 1057 1074 MYTILENAEUS.

151 1138 316 1175 Scamon
327 1164 339 1182 ‚
363 1138 430 1186 qui
452 1135 543 1188 Περὶ
564 1134 772 1188 εὑρημάτων
788 1136 941 1172 duobus
956 1137 1156 1172 minimum
1176 1179 1179 1181 ι

94 1196 202 1233 libris
217 1197 379 1246 scripsit,
400 1196 585 1232 oriundus
602 1195 674 1231 fuit
692 1208 740 1232 ex
754 1196 936 1244 Mytilene
954 1196 1050 1231 urbe
1068 1197 1155 1232 Les-

96 1255 177 1292 bia.
196 1257 255 1292 Ita
269 1257 371 1292 enim
381 1255 552 1292 Clemens
561 1255 838 1305 Alexandrinus
854 1253 926 1303 (fr.
941 1253 994 1302 4).
1008 1255 1156 1289 Nomen

93 1315 290 1364 scriptoris
317 1326 381 1363 ap.
406 1314 625 1350 Athenaeum
646 1326 686 1361 p.
710 1313 800 1359 637,
825 1314 868 1358 B,
896 1314 936 1348 in
962 1313 1157 1348 nonnullis

95 1373 211 1412 codd.
232 1380 286 1410 est
313 1371 505 1421 Σκάμνων,
528 1372 634 1420 quod
661 1379 788 1407 ortum
814 1377 870 1406 est
901 1382 948 1406 ex
967 1367 1155 1420 Σκάμμων

92 1432 151 1468 uti
168 1432 285 1480 vulgo
317 1431 458 1479 legitur
479 1430 584 1479 apud
615 1429 821 1466 Eusebium
840 1427 883 1465 P.
911 1430 956 1466 E.
988 1441 1030 1476 p.
1061 1429 1152 1475 476.

93 1490 229 1528 Verior
261 1489 385 1525 forma
411 1495 466 1525 est
486 1486 657 1537 Σκάμων.
685 1487 741 1526 Cf.
775 1487 908 1524 Suidas
939 1500 948 1523 τ
982 1485 1153 1537 Σκάμων,

93 1546 204 1597 ὄνομα
228 1546 361 1599 κύριον.
392 1548 612 1597 Apostolius
630 1548 722 1593 XX,
754 1559 804 1595 29
825 1546 978 1582 exhibet
1001 1544 1154 1595 Κάμων,

94 1619 180 1656 quae
216 1607 382 1643 nominis
416 1606 538 1642 forma
551 1634 561 1652 ,
603 1605 776 1654 quamvis
812 1616 874 1653 ap.
914 1605 1156 1653 Apostolium

93 1666 308 1702 scribarum
317 1665 553 1714 negligentiae
568 1665 698 1701 deberi
711 1663 941 1713 putaverim,
959 1675 1038 1698 non
1055 1669 1157 1698 caret

93 1731 219 1760 tamen
248 1724 448 1772 exempliS‚
470 1730 513 1758 ut
537 1735 622 1759 eam
650 1722 851 1758 dialectica
878 1722 1062 1757 varietate
1085 1721 1156 1756 niti

94 1783 250 1821 diceres.
274 1783 335 1819 Sic
358 1794 420 1831 ap.
439 1782 597 1818 Suidam
614 1789 724 1830 pater
753 1780 917 1819 Charaxi
943 1781 1157 1826 Mytilenoei

96 1848 137 1878 et
151 1841 326 1891 Sapphus
337 1841 495 1890 poetriae
513 1841 655 1876 dicitur
672 1837 821 1887 Κάμων,
836 1851 954 1887 quum
965 1839 1068 1887 apud
1080 1841 1154 1875 He-

92 1899 276 1936 rodotum
295 1898 368 1949 (11,
392 1896 485 1949 135)
502 1900 720 1934 nominetur
737 1894 1082 1948 Σκαμανδρώνυμος.
1101 1899 1156 1933 Ex

94 1970 262 2007 quorum
276 1959 452 1994 locorum
468 1958 757 2006 comparatione
775 1963 880 2005 patet
902 1954 1034 2004 Κάμων
1053 1955 1155 1991 idem

103 2030 183 2054 esse
200 2017 307 2066 quod
325 2015 494 2065 Σκάμων,
511 2029 594 2064 quae
607 2023 661 2052 est
674 2016 798 2051 forma
813 2015 1037 2051 diminutiva
1049 2016 1155 2050 vocis

94 2074 442 2127 Σκαμανδρώνυμος.
479 2075 658 2111 Similiter
695 2072 820 2123 κάμων
855 2086 929 2122 pro
969 2071 1153 2121 σκαμωνία

94 2131 348 2184 (σκαμμωνία)
366 2134 463 2170 dixit
472 2133 664 2170 Nicander
683 2133 792 2169 Alex.
810 2132 885 2176 484
900 2159 910 2176 ,
927 2131 996 2167 ubi
1015 2132 1151 2167 schol.:

93 2193 147 2232 Τὸ
159 2192 320 2243 κάμωνος
334 2194 411 2230 κατ’
431 2191 562 2229 ἔνδειαν
578 2194 639 2229 τοῦ
654 2204 688 2228 σ·
705 2190 801 2241 λέγει
820 2189 855 2227 δὲ
876 2189 933 2227 τὸν
953 2188 1154 2238 σκαμωνίας

93 2251 218 2305 χυλόν.
241 2252 338 2291 Cum
360 2250 496 2301 Κάμων
528 2251 660 2288 confer
687 2252 807 2286 simile
835 2262 976 2285 nomen
995 2247 1153 2298 Κάμμης

94 2324 159 2361 ap.
172 2312 418 2349 Demosthen.
438 2324 478 2359 p.
503 2322 673 2358 1019‚19
688 2320 696 2346 ε
716 2307 857 2358 Κάμμῃ
871 2309 919 2359 τῷ
930 2309 1153 2357 τυραννοῦντι

94 2368 292 2415 Μυτιλήν
302 2383 365 2416 ης.
382 2370 517 2406 Literae
530 2383 556 2418 μ
570 2368 781 2417 duplicatio
795 2368 934 2403 nullius
947 2366 1148 2403 momenti.

93 2429 155 2467 sio
183 2429 285 2465 idem
297 2456 307 2474 ,
337 2435 382 2464 ut
406 2428 573 2472 videtur,
611 2439 754 2463 nomen
782 2426 962 2462 scribitur
995 2425 1153 2473 Καμμῧς

96 2499 158 2537 ap,
169 2488 289 2525 schol.
304 2488 464 2534 Dionys.
486 2487 527 2521 in
538 2486 657 2523 Bekk.
675 2487 748 2522 An.
763 2498 805 2535 p.
824 2483 871 2521 85
879 2497 957 2533 7,7,
973 2490 1011 2519 et
1025 2483 1152 2531 Καμῧς

94 2558 158 2595 ap.
178 2544 361 2583 Choerob.
389 2546 444 2582 ib.
465 2558 505 2594 p.
532 2544 632 2593 1195
652 2551 690 2580 et
718 2546 886 2580 Dracon.
916 2555 956 2592 p.
982 2546 1069 2585 104.
1098 2562 1151 2569 —

93 2605 148 2641 Ut
157 2604 204 2640 ad
219 2605 444 2641 Scamonem
458 2604 624 2648 redeam,
636 2603 740 2638 aliud
753 2602 831 2650 ejus
843 2602 1007 2638 nominis
1022 2613 1152 2637 exem-

93 2663 202 2712 plum
235 2663 381 2711 praebet
413 2663 546 2699 Suidas
581 2675 590 2698 ε
627 2659 853 2707 Ἑλλάνικος,
887 2659 1127 2706 Μυτιληναῖος
1139 2687 1149 2705 ,

94 2772 271 2813 Respondit
282 2772 394 2813 Apollo
407 2796 416 2812 ‚
426 2771 471 2803 ibi
483 2771 539 2803 ubi
554 2772 691 2804 rusticos
703 2771 832 2803 visurus
848 2773 929 2803 esset
942 2770 1075 2802 choreas
1090 2769 1148 2801 du-

93 2834 166 2858 cere
179 2825 344 2857 frondibus
357 2825 452 2857 olivae
466 2826 650 2857 coronatos.
668 2824 762 2861 Quod
777 2833 879 2864 quum
892 2824 945 2855 ille
958 2823 991 2855 in
1007 2823 1147 2864 quadam

94 2877 178 2911 Asiae
194 2878 321 2918 regione
344 2876 622 2918 deprehendisset,
649 2876 762 2907 urbem
779 2876 822 2907 ibi
842 2875 1003 2915 condidit,
1030 2876 1062 2906 et
1083 2875 1148 2915 (ab

94 2931 196 2971 oleis)
223 2931 403 2962 Elaeuntem
426 2930 609 2971 appellavit.
631 2930 684 2962 Sic
710 2929 881 2970 Pythocles
911 2929 1021 2961 narrat
1051 2928 1148 2960 tertio

96 2982 336 3024 Georgicorum.

418 3042 485 3081 DE
515 3041 824 3081 CONCORDIA.

602 3119 636 3152 4.

139 3174 347 3209 Pliocaeenses
364 3174 533 3215 Pythocles
548 3174 643 3206 tertio
658 3176 705 3206 De
718 3173 889 3205 concordia
902 3172 1011 3204 Dianae
1022 3173 1146 3204 Tauro-

95 3225 170 3266 polo
183 3225 346 3259 homiuem
362 3226 522 3267 integrum
532 3226 720 3258 comburere
735 3225 856 3257 narrat.

441 3300 808 3340 INVENTIONES.

465 3406 467 3409 .
612 3378 643 3409 1.

139 3434 276 3464 Scamon
301 3432 403 3473 primo
426 3432 506 3464 libro
525 3434 572 3465 De
584 3431 839 3470 inventionibus,
860 3430 1011 3463 sicinnin
1028 3436 1146 3459 nomen

1272 420 1405 455 Putari
1432 421 1550 468 igitur
1576 421 1698 468 possit
1714 421 1893 458 Nostrum
1910 434 1988 459 esse
2006 423 2126 460 filium
2146 424 2275 463 Hella-

1218 479 1296 514 nici
1313 479 1461 526 antiqui
1476 480 1582 515 istius
1596 479 1783 515 historici.
1805 482 1859 516 Ac
1876 482 1963 516 satis
1979 490 2166 519 vetustum
2182 487 2275 521 scri·

1218 544 1370 585 ptorem
1387 550 1464 574 esse
1490 537 1580 573 inde
1608 550 1765 586 quoque
1792 539 2013 587 collegeris,
2040 542 2145 588 quod
2171 544 2276 591 apud

1220 594 1454 633 Clementem
1472 594 1539 646 (fr.
1561 594 1582 632 5
1595 595 1606 645 )
1621 596 1721 632 inter
1732 597 1859 632 varios
1873 596 2094 648 Εὑρημάτων
2114 602 2275 650 scripto-

1218 665 1277 689 res
1306 655 1434 703 primo
1464 654 1623 703 ponitur
1651 655 1760 699 1000,
1790 661 1829 690 et
1846 653 1895 690 ab
1923 655 2104 692 Athenaeo
2134 657 2201 706 (fr.
2229 659 2273 710 3)

1219 725 1307 748 cum
1326 713 1482 762 Ephoro
1507 714 1763 761 compositum
1777 713 1909 751 habes.
1933 716 2074 751 Verum
2103 715 2276 755 Clemens

1217 772 1257 807 in
1277 772 1517 808 recensendis
1531 772 1752 808 auctoribus
1765 772 1941 809 ordinem
1957 773 2275 824 chronologicum

1216 831 1372 867 minime
1401 831 1627 868 observavit.
1655 831 1804 868 Deinde
1824 844 1916 868 vero
1938 833 1986 878 ii,
2012 834 2079 881 qui
2104 835 2275 871 Hellani—

1218 903 1306 926 cum
1323 897 1475 939 patrem
1496 898 1534 926 et
1555 889 1675 926 filium
1695 891 1893 927 Scamonis
1913 891 2108 938 dixerunt,
2129 906 2209 928 non
2228 894 2276 931 de

1216 949 1454 998 logographo
1473 950 1675 998 cogitasse,
1697 950 1763 986 sed
1780 950 1895 985 alium
1915 951 2106 998 quendam
2122 953 2275 989 serioris

1217 1003 1286 1038 aevi
1326 1003 1554 1051 scriptorem
1595 1003 1822 1039 intellexisse
1858 1003 2056 1050 videntur3
2095 1012 2276 1054 recteque

1217 1061 1390 1097 Eudocia
1406 1062 1524 1110 egerit
1542 1061 1660 1097 verba
1676 1061 1706 1097 οἱ
1725 1058 1761 1097 δὲ
1782 1059 2051 1110 Σκάμμωνος...
2072 1060 2143 1100 υἱὸν
2161 1066 2275 1100 omit-

1218 1127 1310 1157 tens.
1331 1122 1389 1156 De
1404 1120 1463 1156 his
1481 1121 1658 1168 pluribus
1681 1120 1925 1156 disseruimus
1939 1122 1979 1156 in
1992 1122 2066 1158 Vit.
2084 1123 2274 1160 Hellanici

1215 1191 1255 1226 p.
1297 1189 1407 1224 xxv1,
1444 1179 1513 1214 ubi
1556 1178 1788 1226 conjecimus
1823 1180 2047 1228 posterioris
2085 1181 2275 1218 Hellanici

1216 1238 1450 1273 mentionem
1468 1236 1552 1273 fieri
1572 1237 1678 1286 apud
1701 1237 1856 1274 Suidam
1875 1239 2001 1274 verbis
2024 1238 2126 1274 hisce
2145 1251 2154 1276 ε
2174 1238 2274 1277 Σάν-

1218 1296 1285 1332 δων
1311 1295 1385 1345 (an
1401 1294 1582 1345 Σκάμωνῖ
1598 1301 1631 1345 ),
1655 1293 1884 1343 Ἑλλανίκου,
1912 1295 2107 1348 φιλόσοφος.
2128 1295 2271 1349 Ἔγρα-

1217 1355 1279 1407 ψεν
1301 1353 1507 1396 ‘sarceio-etc
1527 1355 1574 1397 εἷς
1595 1353 1745 1405 Ὀρφέα,
1765 1353 1899 1406 βιὸλίον
1926 1353 1972 1394 α’.
1991 1357 2086 1392 Utut
2100 1363 2178 1402 est,
2204 1359 2272 1404 qui

1217 1420 1327 1463 pater
1340 1413 1455 1451 fuerit
1469 1414 1705 1451 Scammonis
1723 1415 1844 1450 nostri
1873 1415 2010 1451 certius
2028 1414 2105 1451 dici
2123 1415 2268 1464 nequit.

1595 1517 1894 1557 ΕΥΡΗΜΑΤΑ.

1732 1625 1768 1651 1.

1539 1706 1569 1744 E
1597 1707 1747 1744 LIBRO
1776 1706 1949 1743 PRIMO.

1271 1794 1472 1831 Athenaeus
1487 1795 1589 1841 XIV,
1607 1808 1649 1843 p.
1670 1795 1759 1841 630,
1775 1796 1804 1831 B
1825 1792 2013 1849 ε’Σκάμων
2032 1792 2062 1830 δ’
2088 1793 2122 1831 ἐν
2142 1791 2271 1845 πρώτῳ

1219 1852 1309 1904 Περὶ
1321 1851 1540 1904 εὑρημάτων,
1559 1852 1701 1890 σίκιννιν
1716 1851 1824 1900 αὐτὴν
1843 1853 2001 1905 εἰρῆσθαι
2019 1850 2087 1888 ἀπὸ
2107 1854 2166 1888 τοῦ
2187 1851 2272 1889 σείε·

1218 1915 1317 1950 σθαι·
1335 1910 1396 1950 καὶ
1413 1913 1550 1965 πρῶτον
1570 1911 1791 1964 ὀρχήσασθαι
1808 1911 1870 1959 τὴν
1892 1911 2034 1949 σίκιννιν
2049 1910 2267 1963 Θέρσιππον.

1724 2025 1761 2050 2.

1509 2096 1540 2130 E
1567 2095 1718 2131 LIBRO
1738 2094 1975 2131 SECUNDO.

1270 2188 1404 2225 Suidas
1419 2190 1511 2225 Lex,
1532 2185 1771 2233 Φοινικήῖα
1788 2202 1809 2238 γ
1821 2185 1942 2239 ράμμ
1955 2198 2063 2225 αταε
2086 2184 2193 2225 Λυδοὶ
2210 2184 2270 2224 καὶ

1214 2244 1337 2289 Ἴωνες
1348 2244 1391 2282 τὰ
1405 2245 1601 2297 γράμματα
1617 2244 1686 2282 ἀπὸ
1704 2243 1867 2288 Φοίνικος
1877 2248 1937 2282 τοῦ
1950 2243 2129 2297 Ἀγήνορος
2142 2247 2201 2282 τοῦ
2219 2246 2271 2283 εὖ·

1216 2304 1330 2354 ρόντος
1344 2304 1488 2342 ἔλαὸον·
1503 2303 1634 2347 τούτοις
1649 2303 1684 2342 δὲ
1701 2302 1920 2354 ἀντιλέγουσι
1936 2305 2073 2354 Κρῆτες
2086 2305 2132 2347 ὡς
2146 2302 2267 2355 εὑρέθη

1215 2364 1356 2400 ἀπὸτοῦ
1371 2362 1515 2415 γράφειν
1531 2363 1565 2400 ἐν
1585 2361 1747 2415 φοινίκων
1764 2362 1928 2405 πετάλοις
1938 2378 1946 2386 ·
1960 2361 2117 2412 Σκάμων
2135 2361 2170 2399 δὲ
2183 2363 2217 2399 ἐν
2227 2365 2269 2414 τῇ

1214 2420 1359 2475 δευτέρᾳ
1379 2424 1447 2459 τῶν
1468 2421 1691 2474 Εὑρημάτων
1715 2421 1786 2459 ἀπὸ
1804 2420 1975 2468 Φοινίκης
1996 2423 2057 2468 τῆς
2075 2419 2269 2463 Ἀκταίονος

1216 2483 1473 2532 ὀνομασθῆναι·
1498 2479 1684 2530 μυθεύεται
1701 2481 1730 2518 δ’
1752 2474 1850 2523 οὗτος
1866 2480 2019 2531 ἀρσένων
2047 2478 2109 2530 μὲν
2135 2478 2268 2517 παίδων

1214 2539 1332 2583 ἄπαις·
1345 2540 1504 2590 γενέσθαι
1525 2540 1555 2576 δ’
1567 2540 1661 2591 αὐτῷ
1680 2537 1870 2590 θυγατέρας
1886 2537 2096 2590 Ἄγλαυρον,
2117 2536 2268 2589 ἽΞρσην,

1213 2599 1432 2651 Πάνδροσον,
1445 2597 1632 2645 Φοινίκηνε
1649 2597 1712 2644 τὴν
1724 2597 1758 2635 δὲ
1773 2596 1944 2643 Φοινίκην
1960 2595 2008 2635 ἔτι
2025 2596 2193 2649 παρθένον
2208 2590 2267 2634 03-

1213 2673 1277 2695 σαν
1288 2659 1507 2704 τελευτῆσαι·
1520 2656 1571 2695 διὸ
1581 2656 1642 2695 καὶ
1651 2656 1842 2703 Φοινικήϊα
1852 2655 1999 2694 καλέσαι
2007 2655 2201 2708 γράμματα
2210 2655 2268 2693 τὸν

1207 2769 1365 2801 invenisse
1387 2769 1432 2800 ait
1455 2778 1474 2800 a
1493 2767 1686 2810 quatiendo
1702 2766 1906 2808 (σείεσθαι),
1930 2767 2135 2808 primumque
2151 2766 2207 2807 qui
2224 2765 2268 2798 si-

1206 2823 1314 2854 cinnin
1325 2822 1506 2861 saltaverit,
1518 2822 1613 2853 fuisse
1637 2820 1863 2860 Thersippum.

1724 2894 1759 2926 2.

1250 2963 1330 3004 Lydi
1345 2965 1375 2994 et
1385 2963 1476 2994 Iones
1484 2960 1662 2993 Phoenicias
1671 2960 1779 2992 literas
1792 2959 1985 3000 acceperunt
1994 2968 2013 2990 a
2026 2958 2177 2991 Phoenice
2190 2961 2266 2998 Age-

1208 3015 1295 3046 noris
1320 3014 1402 3051 filio,
1426 3013 1482 3053 qui
1505 3021 1558 3044 eas
1582 3011 1751 3043 invenerit.
1775 3012 1831 3043 His
1857 3012 2057 3051 refragantur
2080 3011 2265 3048 creteiise5‚

1207 3068 1350 3099 dicentes
1367 3066 1439 3098 inde
1451 3065 1609 3097 nominari
1626 3064 1713 3105 quod
1729 3064 1870 3105 primum
1883 3064 2001 3104 scripta
2021 3063 2083 3095 sint
2098 3063 2128 3093 in
2148 3062 2265 3103 palma·
2316 3081 2326 3086 s

1209 3130 1280 3152 rum
1293 3121 1302 3160 (
1316 3119 1479 3161 φοινίκων)
1490 3118 1583 3149 soliis.
1599 3120 1737 3150 Scamon
1747 3127 1823 3149 vero
1838 3117 1870 3148 in
1883 3116 2024 3148 secundo
2038 3114 2265 3147 Inventionuin

1208 3180 1325 3204 nomen
1342 3171 1459 3208 habere
1483 3170 1527 3201 ait
1548 3178 1567 3200 a
1591 3169 1758 3206 Phoenice,
1781 3168 1943 3201 Actaeonis
1971 3167 2045 3198 filia.
2067 3166 2264 3198 Fabulantur

1208 3225 1292 3257 enim
1309 3224 1494 3255 Actaeonem
1522 3222 1668 3253 mascula
1694 3222 1784 3263 prole
1811 3222 1973 3253 carentem
1996 3219 2075 3250 filias
2100 3218 2262 3256 habuisse,

1208 3276 1393 3317 Aglaurum,
1405 3276 1536 3313 Hersen,
1552 3273 1751 3306 pandi-osum
1767 3274 1799 3305 et
1817 3272 2000 3305 Phoenicen.
2017 3269 2185 3302 Phoenicen
2200 3269 2263 3299 vir-

1209 3328 1315 3368 ginem
1330 3326 1437 3357 adhuc
1459 3325 1545 3357 diem
1560 3325 1692 3365 obiisse;
1710 3333 1810 3365 quare
1825 3327 2008 3356 Actaeonem
2031 3320 2205 3352 Phoenicias
2223 3319 2261 3350 li-

1206 3381 1292 3412 teras
1306 3379 1482 3420 appellasse
1493 3401 1502 3419 ,
1530 3379 1567 3411 ut
1579 3378 1624 3411 sic
1637 3378 1792 3411 honorem
1809 3377 1883 3409 filiae
1896 3374 2061 3408 tribueret.

2300 2805 2322 2822 h
