2326 3724
88 216 136 248 ss
758 197 763 200 ’
909 199 911 201 ’
957 205 1119 245 Persei.
1150 206 1356 245 PANITAE

87 293 163 338 τοὺς
191 294 314 346 νόμους
341 293 431 333 κατὰ
454 294 612 342 πάντων,
635 294 724 333 ὥστε
750 296 864 337 αὐτοῖς
891 294 950 331 καὶ
983 295 1128 345 βασιλέα

87 354 287 401 πείθεσθαι,
304 353 363 392 καὶ
380 355 467 406 οὐχ,
483 353 502 392 ὃ
520 357 562 404 τῇ
583 355 686 392 αὐτοῦ
707 353 817 391 ἔνεστι
850 353 1061 404 κατηγορίᾳ,
1078 353 1130 391 ὅτι

83 427 123 462 γε
143 411 184 459 δὴ
205 414 236 451 οἱ
255 412 394 464 εὔποροι
413 411 490 455 τους
505 411 657 459 πένητας
675 412 861 455 ἀκινδύνως
883 412 1077 463 βιάζοιντο,
1099 427 1128 449 ει

85 470 135 520 μή
155 487 194 522 γε
220 471 393 509 διαλαθών
414 486 464 514 τις
492 470 592 546 φύγοι
617 470 679 517 τὴν
706 470 817 516 δίκην.
843 467 961 522 ἸΟπερ
983 471 1045 508 οὐκ
1072 470 1128 507 επὶ

83 546 151 570 των
171 530 365 582 πλουσίων,
381 530 473 569 ἀλλὰ
495 530 554 569 καὶ
574 531 732 578 πενήτων
749 530 840 582 εὕροι
858 545 908 573 τις
924 528 983 566 ἄν·
1008 529 1126 578 πλημ-

84 590 267 639 μελοῧντες
285 589 352 642 γὰρ
374 588 451 627 οὐδὲ
472 588 570 627 αὐτοὶ
589 588 718 641 ἀπορία
738 588 890 638 ἐλέγχων
908 587 994 624 δοῖεν
1012 586 1122 628 δίκας.

83 647 156 686 Καὶ
182 651 284 686 τοῦτο
304 646 400 700 παρὰ
420 653 524 694 πᾶσι,
554 646 615 685 καὶ
635 648 672 684 οὔ
693 646 790 698 παρὰ
809 643 1003 695 εΡωμαίοις
1023 643 1125 693 μόνον

83 706 275 757 συμὸαῑνόν
305 707 394 744 ἐστι.
417 706 532 758 Χάριν
561 705 597 743 δὲ
625 707 804 756 ὁμολογεῖν
832 706 874 755 τῇ
895 702 985 754 τύχῃ
1007 701 1063 739 ἐπὶ
1083 704 1125 751 τῇ

83 767 178 818 αὐτῷ
209 764 394 817 ὑπαρξάσῃ
415 763 612 816 ἐλευθερίᾳ,
642 763 701 802 καὶ
730 762 778 813 μὴ
809 764 857 814 τῷ
888 762 944 798 ἐπὶ
974 760 1126 809 πόλεμον

83 822 236 874 ἐξάγοντι
257 822 426 874 δεσπότῃ,
447 821 536 860 ὥστε
559 822 660 860 αὐτὸν
685 822 726 859 δι’
749 819 909 872 ἀπειρίαν
928 818 951 865 ἢ
973 818 1038 856 ὗπὸ
1057 820 1126 855 τῶν

82 881 258 932 πολεμίων
274 884 514 933 ἀναιρεθῆναι,
531 880 552 927 ἢ
568 880 736 933 φεύγοντα
751 879 817 917 ὕπὸ
831 882 888 916 τοῦ
905 875 1125 926 κτησαμένου

83 942 302 985 κολάζεσθαι.
331 939 489 990 Ἄμεινον
511 939 546 977 δὲ
575 955 634 977 και
660 941 730 982 τοῖς
756 936 905 980 οἰκέταις
930 936 1126 974 διατελοῦσι

83 997 256 1048 Ῥωμαιοι
284 997 472 1050 χρώμενοι.
506 997 674 1049 Πατέρων
691 995 788 1069 ῗγὰρ
796 995 818 1042 ἢ
846 993 1064 1032 διδασκάλων
1094 995 1127 1036 ἐς

83 1056 205 1100 αὐτους
222 1057 306 1109 ἔργα
325 1055 628 1128 ἐπιδεικνύντῖἰες,
614 1057 664 1108 εφ’
688 1057 716 1107 ᾡ
742 1056 810 1091 τῶν
830 1051 1008 1105 φαύλων’
992 1067 1126 1104 απεχο-

84 1115 204 1165 μένους
225 1115 378 1165 μετιέναι
397 1113 486 1166 ἅπερ
508 1115 622 1156 αυτοῖς
642 1112 735 1151 καλὰ
751 1111 952 1162 νενόμισται
965 1125 1128 1164 ,σωφρο-

82 1173 212 1218 νίζουσι
227 1179 314 1225 σφᾶς
330 1172 386 1210 ἐπὶ
402 1178 472 1215 τοῖς
487 1169 883 1224 ἁμαρτήμασιν,ὥσπερ
897 1168 972 1213 τοὺς
983 1169 1127 1214 οἰκείους

83 1233 222 1274 παῖδας.
249 1233 300 1269 Οὐ
323 1230 364 1277 δὴ
384 1230 451 1283 γὰρ
471 1230 547 1268 οὐδὲ
570 1231 685 1274 αὐτοῖς
701 1229 847 1267 θάνατον
860 1259 871 1280 ,
888 1226 1007 1282 ὥσπερ
1027 1227 1125 1267 Σκύ-

83 1295 154 1333 θαις
166 1320 175 1336 ,
190 1289 327 1340 ἐπάγειν
346 1289 455 1339 θέμις.
479 1288 700 1340 Ἐλευθερίας
717 1288 753 1326 δὲ
769 1288 891 1341 τρόποι
911 1289 995 1340 παρ’
1012 1288 1127 1330 αὐτοῖς

81 1351 255 1394 πλεῖστοι,
271 1348 314 1394 ἢν
331 1349 368 1386 οὐ
386 1347 488 1398 μόνον
506 1346 680 1399 περιόντες
691 1377 700 1395 ,
718 1346 809 1384 ἀλλὰ
825 1346 885 1384 καὶ
901 1347 1126 1390 τελευτῶντες

81 1406 304 1459 χαρίζονται,
327 1406 568 1449 διατάττοντες
587 1405 678 1444 κατὰ
695 1409 757 1453 τ’ἧς
775 1404 975 1458 περιουσίας
994 1404 1031 1442 ὃν
1050 1404 1126 1456 βού-

81 1467 197 1503 λονται
217 1464 353 1516 τρόπον.
373 1463 444 1503 Καὶ
463 1463 564 1514 νόμος
576 1463 672 1502 ἐστὶν
696 1461 780 1516 ὅπερ
798 1463 943 1506 ἕκαστος
959 1463 1126 1500 τελευτῶν

81 1523 159 1576 περὶ
181 1525 247 1561 τῶν
268 1522 512 1575 προσηκόντων
536 1521 770 1573 βουλεύσοιτο.
798 1540 814 1555 ν»
840 1521 914 1560 Καὶ
936 1521 979 1568 ὃς,
993 1520 1125 1572 δακρύ-

83 1598 144 1624 σας
165 1581 250 1634 ἔφη,
274 1584 318 1625 ὡς
337 1583 368 1619 οἳ
398 1581 460 1631 μὲν
484 1581 583 1630 νόμοι
612 1580 712 1618 καλοὶ
731 1580 792 1619 καὶ
813 1583 834 1627 ἡ
855 1579 1013 1618 πολιτεία
1035 1579 1125 1618 Ῥω·

83 1640 194 1691 μαίων
221 1639 353 1692 ἀγαθὴ,
378 1641 407 1677 οἱ
437 1640 466 1677 δ’
498 1639 665 1692 ἄρχοντες
687 1641 753 1692 οὐχ
782 1638 886 1691 ὅμοια
917 1639 987 1683 τοῖς
1014 1639 1126 1677 πάλαι

82 1705 282 1754 φρονοῦντες
303 1700 408 1746 αὐτὴν
427 1700 724 1751 διαλυμαίνονται.

135 1764 258 1800 Ταῦτα
276 1759 527 1811 διαλεγομένων
549 1762 669 1808 ἡμῶν,
688 1758 887 1811 προσελθών
905 1775 955 1803 τις
973 1762 1041 1798 τῶν
1067 1758 1125 1797 ἔν-

83 1821 177 1858 δοθεν
198 1819 325 1870 ἀνοίγει
343 1818 405 1862 τὰς
420 1818 524 1871 θύρας
540 1822 599 1857 τοῦ
619 1818 821 1871 περιὸόλου.
844 1818 943 1871 Ἐγὼ
966 1818 1002 1856 δὲ
1022 1833 1127 1871 προσ-

82 1880 224 1931 δραμὼν
238 1878 414 1928 ἐπυθόμην
435 1877 456 1916 ὅ
481 1893 514 1915 τι
533 1877 696 1930 πράττων
714 1877 922 1928 Ὀνηγήσιος
941 1877 1123 1929 τυγχάνοι·

82 1938 292 1989 ἀπαγγεῖλαι
308 1936 374 1989 γὰρ
397 1938 492 1989 αὐτῷ
513 1952 556 1987 με
579 1935 763 1988 βούλεσθαί
786 1952 818 1974 τι
835 1935 932 1988 παρὰ
957 1940 1018 1974 τοῦ
1042 1938 1122 1986 (τοῦ

82 2072 184 2103 latens
208 2080 334 2112 poenam
360 2070 524 2112 effugerit:
551 2070 638 2111 quod
662 2079 727 2102 non
747 2070 850 2101 solum
876 2069 1048 2108 divitibus,
1072 2068 1125 2100 sed

81 2125 177 2156 etiam
191 2125 338 2165 inopibus
351 2133 410 2156 usu
425 2124 533 2164 venit;
549 2133 623 2155 nam
637 2123 669 2154 hi
682 2131 824 2163 quoque,
835 2123 859 2154 si
874 2123 1063 2162 argumenta
1075 2121 1129 2153 de-

82 2177 207 2216 ficiunt,
229 2177 435 2217 peccatorum
452 2184 563 2215 pinnas
583 2184 647 2207 non
666 2175 808 2207 solvunt.
831 2174 925 2212 Quod
941 2183 1005 2205 non
1024 2174 1126 2205 solum

81 2228 165 2268 apud
182 2230 352 2265 Romanos,
367 2227 420 2259 sed
436 2228 531 2259 etiam
546 2228 666 2268 ubique
683 2227 825 2267 gentium
840 2226 966 2258 accidit.
983 2226 1126 2258 Gratiam

82 2289 158 2311 vero
170 2280 340 2320 plurimam
355 2279 459 2319 ipsum
476 2288 533 2319 pro
545 2281 671 2319 recepta
684 2279 832 2310 libertate
847 2278 984 2309 fortunae
995 2277 1125 2317 debere,

80 2341 186 2372 neque
204 2341 273 2364 eam
294 2332 423 2363 domino
445 2333 609 2372 acceptam
625 2333 752 2364 reterre.
778 2333 886 2369 Quum
901 2332 986 2362 enim
1002 2339 1076 2362 eum
1095 2331 1127 2361 in

81 2384 203 2416 bellum
216 2383 374 2423 eduxerit,
392 2384 533 2424 potuisse
552 2384 592 2414 ab
608 2383 753 2415 hostibus
770 2385 899 2424 propter
913 2383 957 2414 rei
980 2382 1128 2414 militaris

82 2436 275 2477 imperitiam
291 2436 408 2476 occidi,
427 2437 482 2466 aut
499 2436 524 2467 si
545 2436 684 2476 fugisset,
702 2436 742 2468 ab
763 2445 813 2474 eo,
828 2437 863 2467 in
880 2435 971 2475 euius
983 2435 1126 2466 dominio

83 2490 169 2526 erat,
184 2487 300 2528 puniri.
348 2489 454 2527 Longe
471 2490 578 2520 autern
602 2488 734 2519 Romani
756 2488 920 2528 benignius
939 2484 1039 2519 servis
1053 2496 1129 2519 con-

82 2542 263 2574 suluerunt.
292 2542 421 2572 Patrnm
439 2542 524 2572 enim
545 2542 601 2573 aut
618 2542 851 2581 praeceptorum
876 2541 1029 2572 affectum
1055 2549 1129 2582 erga

82 2601 136 2625 eos
155 2591 323 2630 exhibent,
337 2593 369 2623 et
389 2595 458 2624 uta
479 2593 571 2624 malis
588 2593 788 2631 abstineant,
806 2595 933 2632 curant,
951 2594 1127 2631 eteorum,

83 2653 156 2685 quae
172 2644 304 2675 honesta
316 2643 451 2681 ducunt,
462 2644 630 2684 participes
641 2644 794 2676 efficiunt.
808 2644 954 2685 Denique
966 2645 1129 2685 corrigunt

82 2704 136 2727 eos
155 2695 187 2726 in
204 2695 264 2731 his,
281 2704 354 2735 qum
370 2695 573 2735 delinquunt,
591 2697 673 2728 sicut
686 2698 718 2728 et
732 2705 805 2727 suos
822 2697 948 2728 liberos.
964 2699 1031 2728 Nec
1043 2697 1127 2727 enim

83 2756 195 2778 servos
209 2749 314 2778 morte
324 2746 459 2786 afficere,
475 2747 560 2778 sicut
573 2747 655 2787 apud
671 2748 814 2788 Scythas,
827 2749 874 2779 sas
887 2749 944 2780 est.
963 2748 1129 2780 Libertatis

82 2808 161 2831 vero
185 2798 396 2839 adipiscendae
422 2799 527 2838 plures
546 2801 622 2830 sunt
644 2799 742 2831 modi.
763 2802 832 2832 Non
850 2800 934 2831 enim
954 2800 1057 2831 solum
1074 2799 1130 2840 qui

82 2850 151 2882 vita
170 2850 337 2888 fruuntur,
360 2850 412 2881 sed
431 2851 527 2881 etiam
544 2851 598 2890 qui
616 2859 633 2882 e
650 2851 732 2883 vivis
752 2851 930 2891 excedunt,
950 2851 1128 2884 libertatem

82 2902 224 2933 tribuere
242 2904 391 2941 possunt,
409 2910 509 2942 quum
530 2901 569 2932 (le
588 2901 680 2934 bonis
695 2903 776 2941 suis,
808 2906 842 2934 ut
857 2903 972 2943 cuique
986 2904 1128 2943 placeat,

83 2955 223 2986 statuere
245 2953 350 2992 liceat,
368 2954 400 2984 et
421 2953 637 2993 quodeunque
657 2954 728 2993 quis
750 2954 887 2985 moriens
903 2954 942 2986 de
960 2955 1054 2986 rebus
1070 2955 1128 2986 do-

84 3005 227 3037 mesticis
244 3004 385 3044 jusserit,
405 3005 457 3035 lex
472 3004 523 3036 sit.
552 3018 567 3031 υ
587 3007 668 3036 'suni
692 3005 743 3036 ille
764 3006 890 3045 plorans
910 3006 1024 3045 inquit,
1047 3007 1129 3046 leges

83 3057 167 3098 apud
181 3059 339 3089 Romanos
352 3056 450 3087 bonas
463 3058 493 3087 et
507 3065 574 3087 rem
586 3057 743 3096 publicam
757 3058 908 3097 praeclare
921 3059 1129 3090 constitutam

84 3118 164 3149 esse,
179 3108 234 3141 sed
247 3108 466 3147 magistratus,
482 3108 536 3148 qui
551 3117 613 3138 non
628 3117 721 3148 aeque
740 3118 777 3139 ac
790 3109 884 3148 prisci
899 3109 990 3149 probi
1004 3111 1036 3141 et
1053 3119 1128 3150 pru-

84 3163 195 3194 dentes
207 3162 282 3200 sint,
293 3169 364 3192 earn
378 3160 568 3191 labefactare
580 3163 610 3192 et
624 3163 816 3200 pervertere.

126 3216 205 3246 Haec
220 3213 302 3244 inter
326 3221 384 3243 nos
402 3211 631 3243 disserentibus
648 3213 762 3252 aliquis
781 3221 820 3243 ex
835 3212 1016 3244 domesticis
1040 3216 1127 3246 One-

85 3266 162 3306 gesii
183 3266 348 3307 septorum
365 3264 480 3294 domus
494 3263 577 3295 fores
596 3264 730 3303 aperuit.
747 3267 813 3303 Ego
833 3265 941 3295 statim
961 3273 1129 3297 accurrere

85 3321 118 3351 et
139 3326 293 3359 quaerere,
311 3326 390 3357 quas
403 3325 453 3348 res
473 3325 503 3347 a
493 3318 579 3356 1geret
596 3316 784 3356 Onegesius;
806 3326 857 3348 me
878 3317 963 3348 euim
981 3318 1098 3350 babere
1111 3328 1129 3350 a

86 3371 274 3410 Maximino,
290 3370 347 3411 qui
367 3371 490 3410 levatus
506 3379 524 3400 a
541 3370 693 3412 Romanis
713 3370 849 3401 venisset
858 3369 968 3410 ,quod
982 3371 1026 3401 illi
1044 3370 1129 3402 diee-

87 3433 168 3455 rcin.
194 3424 251 3455 Ille
269 3431 344 3454 vero
366 3422 557 3462 Onegesiuin
577 3409 653 3452 nulii
675 3422 722 3459 sui
743 3421 902 3453 facturum
926 3421 1050 3462 copiam
1077 3432 1128 3455 ie-

1189 293 1285 346 παρὰ
1313 303 1377 332 aut
1405 292 1502 344 παρὰ
1533 295 1592 330 τοῦ
1619 290 1744 344 παρὰΡ
1771 293 1838 344 Β.)
1868 292 2057 344 Ῥωμαίων
2087 293 2232 341 ἥκοντος

1189 351 1417 405 πρεσὸευτοῧ.
1439 349 1504 394 ⁶0<
1526 349 1561 387 δὲ
1579 350 1809 402 ἀπεκρίνατο,
1827 353 1922 405 αὐτῷ
1940 368 1998 403 μοι
2019 353 2232 398 ἐντεύξεσθαι

1190 412 1312 462 μικρὸν
1331 408 1572 456 ἀναμείναντι·
1591 407 1728 459 μέλλειν
1747 408 1815 462 γὰρ
1832 410 1935 449 αὐτὸν
1954 411 2139 456 ὑπεξιέναι.
2161 411 2233 452 Καὶ

1189 468 1230 515 δὴ
1251 469 1290 507 οὐ
1309 469 1439 506 πολλοῦ
1461 467 1704 519 διαγενομένου
1716 467 1860 520 χρόνου,
1874 472 1920 513 ὡς
1936 470 2104 521 προϊόντα
2125 463 2231 522 εἶδον,

1188 525 1387 579 προσελθὼν
1408 524 1549 576 ἔλεγον,
1571 527 1618 570 ὡς
1642 528 1661 564 ὁ
1690 526 1878 576 Ῥωμαίων
1908 528 2010 566 αὐτὸν
2037 529 2234 573 ἀσπάζεται

1188 583 1421 637 πρεσὸευτὴς,
1440 599 1500 622 και
1520 585 1645 637 δῶρα’
1630 583 1664 629 εξ
1684 587 1790 624 αὐτου
1806 585 1882 632 ἥκω
1899 586 2010 639 φέρων
2031 588 2092 625 συν
2107 587 2167 626 καὶ
2182 589 2233 640 τῷ

1187 643 1284 695 παρὰ
1326 644 1495 695 βασιλέως
1533 643 1726 694 πεμφθέντι
1758 644 1906 697 χρυσίῳ·
1940 645 2172 698 ἐσπουδακότι
2196 626 2234 685 διὲ

1189 718 1222 746 ες
1250 683 1370 753 λόγους
1401 702 1535 752 ἐλθεῖν,
1557 696 1591 740 οἷ
1607 702 1667 740 καὶ
1697 701 1783 740 πότε
1811 703 1972 754 βούὶεται
1994 694 2229 755 διαλέγεσθαι.

1189 759 1260 799 Καὶ
1275 759 1311 804 ὃς
1330 758 1368 798 τό
1393 774 1440 816 τε·
1451 759 1594 812 χρυσίον
1613 760 1658 798 τά
1679 776 1715 798 τε
1737 762 1830 813 δῶρα
1849 762 2008 800 ἐκέλευσε
2027 761 2104 806 τους
2123 778 2234 816 προσ-

1188 819 1335 866 ἥκοντας
1356 818 1537 867 δέξασθαι,
1561 817 1622 869 ἐμὲ
1646 819 1682 857 δὲ
1706 820 1938 872 ἀπαγγέλλειν
1956 820 2164 874 Μαξιμίνῳ,
2185 823 2233 865 ὡς

1188 877 1264 925 ἥξοι
1284 877 1409 916 αὐτίκα
1427 879 1511 930 παρ’
1531 877 1648 918 αὐτόν.
1677 878 1852 927 Ἐμήνυον
1880 880 1992 918 τοίνυν
2016 880 2233 928 ἐπανελθὼν,

1188 937 1246 976 τὸν
1270 936 1482 988 Ὀνηγήσιον
1501 936 1772 989 παραγίνεσθαι·
1800 938 1860 976 καὶ
1886 938 1983 983 εὐθὺς
2002 934 2085 988 ἧκεν
2111 940 2145 983 ἐς
2170 937 2234 986 τὴν

1189 994 1334 1043 σκηνήν.
1364 994 1573 1048 Προσειπὼν
1594 995 1629 1034 δὲ
1658 995 1716 1034 τὸν
1745 996 1944 1048 Μαξιμῒνον
1973 997 2104 1051 ἔφασκε
2129 997 2234 1051 χάριν

1190 1056 1372 1105 ὁμολογεῖν
1391 1054 1479 1107 ὃπὲρ
1507 1057 1575 1092 τῶν
1597 1054 1714 1107 δώρων
1738 1057 1833 1108 αὐτῷ
1862 1072 1899 1094 τε
1918 1056 1978 1095 καὶ
1999 1057 2155 1109 βασιλεῖ,
2173 1055 2235 1096 καὶ

1191 1111 1353 1166 ἀνηρώτα
1370 1111 1390 1150 ὅ
1410 1128 1444 1150 τι
1469 1113 1582 1164 λέγειν
1605 1112 1815 1165 βουλόμενος
1844 1113 1947 1152 αὐτὸν
1968 1114 2233 1168 μετεπέμψατο.

1191 1171 1235 1212 Ὁ
1260 1171 1295 1210 δὲ
1316 1170 1464 1224 ἔφασκεν
1488 1171 1587 1218 ἥκειν
1606 1172 1746 1225 καιρὸν,
1774 1172 1863 1210 ὥστε
1886 1172 2098 1225 Ὀνηγήσιον
2120 1189 2177 1224 μει
2199 1189 2236 1212 ον

1190 1233 1224 1269 ἐν
1251 1229 1445 1284 ἀνθρώποις
1465 1229 1548 1275 ἕξειν
1574 1230 1691 1277 κλέος,
1716 1230 1813 1283 εἴπερ
1832 1230 1930 1283 παρὰ
1958 1230 2105 1284 βασιλέα
2126 1229 2234 1270 ἐλθὼν

1191 1288 1420 1342 διευκρινήσει
1439 1289 1482 1327 τὰ
1504 1288 1686 1343 ἀμφίὸολα
1700 1292 1742 1341 τῇ
1760 1289 1910 1343 σφετέρᾳ
1927 1289 2062 1329 συνέσει
2077 1290 2137 1329 καὶ
2150 1289 2237 1341 ὁμό-

1189 1365 1282 1387 νοιαν
1301 1348 1491 1398 Ῥωμαίοις
1510 1349 1569 1387 καὶ
1588 1347 1733 1392 Οὔννοις
1749 1349 2023 1396 καταστήσεται.
2042 1349 2236 1395 Γενήσεται

1188 1406 1256 1460 γὰρ
1278 1406 1410 1445 ἐνθένδε
1429 1409 1466 1444 οὔ
1487 1407 1591 1457 μόνον
1611 1409 1682 1450 τοῖς
1710 1406 1839 1446 ἔθνεσιν
1863 1407 2069 1460 ἀμφοτέροις
2097 1407 2235 1460 συμφέ-

1190 1481 1245 1517 ρον
1258 1481 1268 1489 ·
1282 1464 1373 1503 ἀλλὰ
1391 1465 1450 1503 καὶ
1465 1468 1515 1518 τῷ
1535 1465 1688 1519 σφετέρῳ
1704 1465 1787 1519 οἴκῳ
1805 1466 1919 1517 ἀγαθὰ
1935 1467 2077 1519 παρέξει
2095 1466 2232 1514 πολλὰ,

1189 1523 1381 1570 ἐπιτήδειος
1400 1523 1495 1562 ἐσαεὶ
1516 1524 1618 1568 αὐτός
1637 1540 1674 1562 τε
1693 1524 1753 1562 καὶ
1776 1527 1807 1563 οἱ
1830 1527 1935 1563 αὐτοῦ
1956 1526 2077 1569 παῖδες
2099 1526 2236 1578 βασιλεῖ

1191 1598 1227 1621 τε
1255 1582 1317 1621 καὶ
1346 1585 1394 1635 τῷ
1416 1582 1543 1621 ἐκείνου
1574 1583 1731 1633 ἐσόμενοι
1753 1583 1855 1632 γένει.
1887 1583 1932 1623 Ὁ
1962 1584 1998 1622 δὲ
2027 1584 2237 1635 Ὀνηγήσιος

1191 1640 1277 1693 ἔφη·
1305 1641 1365 1679 καὶ
1385 1640 1417 1679 τί
1444 1645 1621 1684 ποιοῦντες
1646 1640 1908 1693 κεχαρισμένως
1932 1643 2070 1694 βασιλεῖ
2094 1642 2116 1690 ἢ
2142 1641 2236 1687 ὅπως

1189 1701 1274 1752 παρ’
1287 1702 1391 1738 αὐτοῦ
1406 1699 1450 1737 τὰ
1465 1699 1646 1752 ἀμφίόολα
1663 1699 1780 1746 λυθείη
1793 1716 1802 1747 ;
1818 1700 2109 1753 Ἀποκριναμένου
2126 1701 2174 1749 δὲ,
2187 1703 2236 1745 ὡς

1191 1758 1312 1803 διαὸὰς
1333 1758 1394 1809 μὲν
1410 1760 1456 1802 εἷς
1473 1758 1537 1805 τὴν
1555 1758 1747 1808 Ῥωμαίων
1768 1761 1905 1810 βασιλεῖ
1924 1762 1987 1806 τὴν
2005 1760 2109 1812 χάριν
2125 1776 2235 1798 κατα-

1190 1818 1311 1866 θήσει,
1332 1817 1561 1870 διευκρινήσει
1580 1817 1615 1855 δὲ
1631 1815 1674 1854 τὰ
1696 1817 1878 1870 ἀμφίὸολα
1893 1817 1955 1862 τὰς
1976 1818 2088 1862 αἰτίας
2104 1819 2235 1870 διερευ-

1191 1879 1257 1914 νῶν
1275 1876 1334 1915 καὶ
1350 1876 1478 1919 ταύτας
1493 1875 1584 1914 κατὰ
1599 1875 1657 1914 τὸν
1671 1879 1732 1923 τ’ἧς
1747 1876 1882 1927 εἰρήνης
1893 1876 1985 1914 λύων
1999 1875 2137 1926 θεσμὸν,
2154 1875 2237 1930 ἔφα-

1191 1951 1272 1974 σκεν
1291 1938 1404 1974 ἐκεῖνα
1423 1935 1511 1987 ἐρεῖν
1531 1935 1667 1987 βασιλεῖ
1681 1951 1716 1973 τε
1734 1934 1794 1973 καὶ
1815 1937 1885 1978 τοῖς
1900 1937 1986 1989 ἀμφ’
2005 1934 2107 1973 αὐτὸν
2119 1965 2129 1983 ,
2146 1934 2237 1987 ἅπερ

1189 2068 1328 2108 spondit,
1337 2068 1361 2100 si
1370 2069 1511 2109 paullum
1520 2068 1693 2109 opperiret-3
1701 2068 1864 2100 exiturum
1875 2068 1960 2100 enim
1969 2077 2046 2101 esse.
2060 2071 2126 2100 Nec
2134 2069 2240 2100 multo

1191 2120 1343 2160 temporis
1365 2119 1467 2161 spatio
1487 2119 1664 2160 interiecto,
1682 2121 1719 2151 ut
1735 2119 1838 2160 ipsum
1859 2122 2030 2152 exeuntem
2051 2120 2131 2160 vidi,
2158 2129 2240 2162 pro-

1190 2181 1316 2212 gressus
1329 2173 1395 2204 dixi
1414 2186 1422 2204 :
1437 2185 1452 2200 «ι
1467 2174 1512 2204 Te
1526 2175 1742 2205 Romanorum
1757 2173 1877 2212 legatus
1890 2173 2020 2212 salutat,
2034 2175 2068 2206 et
2079 2173 2164 2205 dona
2176 2173 2236 2205 tibi

1190 2224 1230 2255 ab
1252 2224 1320 2265 ipso
1336 2233 1400 2256 uua
1423 2233 1497 2256 cum
1519 2233 1598 2256 auro
1626 2225 1666 2256 ab
1690 2225 1882 2264 imperatore
1901 2224 1996 2260 misso
2020 2225 2133 2258 assero.
2157 2237 2174 2254 »
2201 2228 2240 2258 Et

1190 2285 1290 2316 quum
1314 2277 1454 2308 maxime
1469 2277 1520 2308 ille
1534 2285 1609 2307 eum
1629 2276 1798 2308 convenire
1811 2278 1962 2316 cuperet,
1987 2276 2042 2308 ubi
2055 2277 2088 2308 et
2109 2277 2239 2318 quando

1190 2329 1287 2360 vellet
1297 2329 1451 2368 colloqui,
1463 2329 1608 2369 quaesivi.
1625 2329 1680 2360 Ille
1691 2337 1776 2366 suos,
1791 2328 1846 2368 qui
1861 2327 2008 2367 aderant,
2018 2329 2111 2368 jussit
2121 2338 2238 2361 aurum

1191 2383 1223 2413 et
1241 2391 1376 2413 munera
1390 2382 1549 2422 recipere,
1566 2383 1597 2414 et
1613 2390 1666 2413 me
1681 2381 1856 2413 Maximino
1875 2382 2077 2422 renuntiare,
2089 2390 2124 2414 se
2143 2382 2239 2422 proti-

1190 2443 1251 2465 nus
1264 2433 1302 2465 ad
1318 2443 1392 2465 eum
1407 2433 1569 2465 accedere.
1589 2433 1716 2465 Reverti
1732 2433 1826 2473 igitur
1842 2432 1881 2464 ad
1902 2433 2126 2474 Maximinum,
2140 2435 2173 2466 et
2185 2443 2237 2467 re-

1191 2485 1350 2524 nuntiavi,
1365 2486 1556 2525 Onegesium
1574 2485 1613 2516 ad
1626 2493 1700 2516 eum
1715 2486 1889 2516 venturum
1903 2493 1970 2516 esse
1984 2494 1991 2515 :
2009 2493 2069 2517 nec
2084 2494 2188 2526 mora,
2205 2487 2238 2518 in

1190 2537 1364 2568 tentorium
1379 2539 1524 2568 nostrum
1535 2536 1679 2576 advenit,
1694 2538 1726 2567 et
1740 2535 1950 2568 Maximinum
1965 2537 2083 2568 affatus
2095 2537 2189 2577 dixit,
2203 2547 2238 2570 se

1191 2590 1371 2631 imperatori
1395 2593 1428 2622 et
1444 2590 1487 2621 illi
1515 2599 1571 2630 pro
1588 2589 1776 2621 muneribus
1789 2589 1906 2630 gratias
1922 2598 2032 2630 agere,
2046 2590 2079 2622 et
2097 2599 2236 2630 percun-

1191 2646 1297 2676 ctatus
1311 2645 1377 2682 est,
1393 2642 1654 2684 quandoquidem
1674 2651 1707 2674 se
1726 2643 1927 2683 arcessisset,
1947 2643 2025 2684 quid
2046 2645 2128 2676 esset
2149 2643 2237 2685 quod

1191 2699 1282 2731 illum
1303 2699 1402 2731 vellet
1427 2711 1435 2730 :
1457 2700 1528 2730 tum
1551 2697 1758 2734 Maximinus,
1778 2696 1897 2727 instare
1919 2698 2060 2736 tempus,
2086 2695 2144 2736 ait,
2169 2705 2236 2737 quo

1191 2751 1297 2790 posset
1315 2751 1468 2790 majorem
1482 2749 1616 2790 gloriam
1631 2748 1714 2788 apud
1730 2748 1873 2779 homines
1886 2747 2028 2787 adipisci,
2045 2748 2071 2779 si
2084 2747 2124 2779 ad
2138 2747 2236 2789 impe-

1192 2804 1330 2834 ratorem
1341 2801 1506 2840 accedens,
1515 2809 1587 2841 quae
1597 2802 1701 2832 essent
1709 2799 1790 2831 inter
1801 2801 1961 2830 Romanos
1971 2800 2003 2830 et
2016 2800 2151 2831 Hunnos
2161 2808 2238 2831 con-

1193 2857 1346 2892 troversa,
1361 2862 1419 2885 sua
1431 2853 1601 2894 prudentia
1614 2854 1832 2891 componeret,
1841 2854 1873 2882 et
1886 2850 1971 2882 inter
1981 2852 2152 2891 utramque
2163 2860 2235 2891 gen·

1192 2908 1257 2938 tem
1282 2905 1485 2937 concordiam
1515 2903 1671 2936 stabiliret
1698 2912 1706 2931 :
1730 2911 1804 2943 quae
1827 2911 1876 2933 res
1894 2911 1958 2933 non
1980 2902 2083 2933 solum
2105 2902 2236 2934 utilitati

1191 2959 1360 2998 utriusque
1379 2957 1481 2997 gentis
1495 2957 1578 2988 esset
1592 2963 1733 2994 cessura,
1749 2953 1803 2986 sed
1819 2953 1917 2985 etiam
1934 2953 2004 2992 ejus
2015 2953 2127 2984 domui
2144 2955 2236 2986 tanta

1192 3009 1275 3041 bona
1294 3007 1478 3049 praebitnra,
1499 3008 1535 3039 ut
1559 3007 1625 3047 ipse
1638 3015 1702 3037 una
1722 3014 1796 3037 cum
1816 3004 1882 3036 suis
1896 3004 2002 3036 liberis
2018 3005 2050 3035 in
2070 3006 2233 3044 posterum

1190 3061 1375 3101 imperatori
1392 3060 1517 3100 totique
1530 3058 1735 3098 imperatorio
1752 3056 1857 3097 generi
1875 3056 1907 3087 iu
1925 3058 2113 3096 perpetuum
2127 3056 2234 3088 devin-

1191 3115 1262 3145 ctus
1279 3114 1372 3145 soret.
1417 3114 1499 3144 Turn
1515 3109 1689 3150 Onegesius
1701 3109 1793 3148 dixit,
1811 3116 1875 3148 qua
1890 3117 1923 3139 re
1941 3107 2111 3147 gratificari
2125 3108 2190 3148 regi
2203 3109 2236 3140 et

1190 3164 1353 3205 quomodo
1370 3162 1604 3195 controversias
1622 3161 1688 3201 ipse
1707 3168 1899 3200 componere
1920 3160 2046 3199 posset?
2062 3160 2235 3199 Respondit

1190 3217 1384 3249 Maximinus
1396 3226 1483 3255 eum,
1495 3215 1560 3246 siin
1575 3216 1790 3246 Romanorum
1802 3212 1954 3244 ditionem
1967 3212 2233 3253 proficisceretur,

1190 3269 1323 3309 gratiam
1339 3267 1424 3308 apud
1446 3276 1551 3306 regem
1572 3265 1739 3304 initurum,
1759 3263 1993 3296 controversias
2009 3265 2118 3296 autem
2141 3274 2234 3296 coin-

1191 3320 1382 3360 positurum,
1400 3319 1425 3350 si
1440 3318 1471 3349 in
1486 3317 1722 3349 criminationes
1732 3316 1841 3347 sedulo
1855 3316 2018 3355 inquirens
2034 3325 2071 3347 ex
2088 3317 2174 3356 pacis
2187 3317 2232 3348 le·

1190 3372 1282 3411 gibus
1305 3380 1357 3402 eas
1373 3371 1520 3402 dilueret.
1539 3372 1622 3401 Tum
1645 3368 1818 3408 Onegesius
1834 3367 1933 3407 dixit,
1954 3376 1987 3398 se
2002 3367 2186 3408 imperatori
2200 3371 2232 3400 et

1192 3423 1242 3462 ijs,
1261 3423 1316 3463 qui
1333 3424 1362 3455 ei
1379 3431 1397 3454 a
1412 3421 1552 3454 consiliis
1567 3422 1683 3460 essent,
1706 3429 1742 3452 ea
1759 3419 1920 3451 dicturum
1932 3428 2011 3459 esse,
2027 3428 2101 3460 quae
2120 3419 2232 3451 Attilas

2323 183 2326 190 .
2322 166 2326 169 .
2319 154 2321 159 -
2318 113 2326 147 aa„
2311 0 2326 106 ..flhm
