2326 3724
732 244 1054 283 AGATllOCLlS
1085 244 1147 283 ET

107 332 392 383 ἐπονομάζουσιν.
417 331 521 371 ’Έστι
550 331 584 369 δὲ
614 330 652 368 τὸ
682 331 831 383 δενδρίον
852 334 900 383 τῷ
928 331 1062 382 μεγέθει
1083 330 1144 381 μὲν

106 388 253 437 ’πτελέης
272 390 332 430 καὶ
351 391 481 436 πεύκης
498 390 594 429 οὐδέν
612 405 643 427 τι
666 392 774 439 μεῖον.
799 390 1009 442 Ἀκρέμονας
1026 390 1055 427 δ’
1074 389 1146 442 ἔχει

105 448 238 500 θαμέας
264 448 325 488 καὶ
349 447 507 501 δολιχοὺς
526 448 586 487 καὶ
616 449 671 486 ἐπ’
691 447 807 499 ὀλίγον
837 447 1079 494 ἀκανθώδεας,
1107 449 1147 485 τὸ

103 506 138 545 δὲ
157 507 284 560 φύλλον
303 506 399 559 τέρεν
423 506 484 545 καὶ
501 506 660 558 χλωρὸν,
682 509 723 559 τῇ
743 509 811 559 φυῇ
833 505 1023 558 περιφερές.
1046 508 1146 558 Καρ-

101 566 249 619 ποφορεῒ
276 565 312 603 δὲ
343 565 391 609 δὶς
423 569 484 603 τοῦ
516 564 628 615 ἔτεος,
655 559 736 617 ἦρός
763 580 799 602 τε
829 565 888 602 καὶ
917 564 1146 616 φθινοπώρου.

102 623 235 667 Γλυκὺς
247 623 282 661 δὲ
294 623 385 662 πάνυ
397 625 415 662 ὃ
426 623 575 675 καρπὸς,
591 623 731 674 μέγεθος
744 621 835 660 κατὰ
849 622 997 675 φαυλίην
1010 621 1130 668 ἐλαίην
1138 653 1148 670 ,

101 681 160 718 καὶ
178 680 242 728 τὴν
264 681 378 734 σάρκα
395 680 455 719 καὶ
472 681 511 719 τὸ
525 681 643 718 ὀστέον
661 679 770 732 ταύτῃ
789 680 1010 732 προσείκελον
1021 710 1031 727 ,
1048 681 1148 717 διαλ-

102 739 235 778 λάσσον
265 739 301 778 δὲ
329 742 372 792 τῇ
404 743 464 778 τοῦ
496 742 611 791 χυμοῦ
641 740 761 791 ἡδονῇ.
796 738 866 777 Καὶ
896 736 1067 790 τρώγεται
1098 736 1148 775 ἔτι

100 798 235 850 χλωρὸς
256 801 274 836 ὃ
294 797 442 851 καρπός·
461 798 521 836 καὶ
540 796 627 844 ἐπὴν
645 799 796 849 αὐανθῇ,
813 799 968 835 ποιοῦσιν
988 796 1023 840 ἐξ
1043 797 1146 834 αὐτοῦ

103 857 252 910 ἄλευρα,
270 856 330 894 καὶ
347 855 535 894 πατέονται
551 859 680 903 ταῦτα,
697 857 734 893 οὔ
751 854 919 906 μάξαντες
933 885 942 905 ,
961 855 1032 892 οὐδ’
1048 853 1148 892 ὕδατι

100 913 272 963 δεύοντες,
291 913 382 953 ἀλλὰ
400 914 540 967 φαύλως
557 913 655 952 ὁκοῖά
676 928 742 965 περ
761 911 927 966 πέφυκεν.
950 930 964 946 n

114 261 188 292 290

386 1033 415 1068 E
443 1031 594 1069 LIBRO
623 1030 852 1067 INCERTO.

605 1147 640 1180 7.

153 1223 280 1258 Schol.
301 1222 350 1258 ad
366 1221 522 1258 Hesiod.
546 1221 617 1256 Th.
643 1220 719 1262 485
738 1233 746 1255 :
763 1217 972 1270 Ἀγαθοκλῆς
990 1215 1025 1254 δὲ
1044 1218 1147 1255 ὃΒα-

99 1278 264 1321 ὅυλώνιός
295 1293 381 1330 φησι
410 1277 472 1324 τὴν
493 1276 600 1316 ‘Px-{av
633 1277 672 1314 ἐκ
697 1274 955 1328 Προικοννήσου
987 1273 1148 1318 δέξασθαι

99 1337 157 1374 τὸν
186 1336 303 1384 λίθον,
324 1351 377 1374 sc.
407 1350 523 1386 quem
551 1338 715 1374 Saturno
746 1335 1007 1372 devorandum
1027 1335 1143 1373 dedit.

101 1397 153 1433 l)e
183 1397 431 1433 celeberrimo
454 1408 666 1441 marmore,
698 1407 774 1443 quo
792 1395 1052 1430 Proconnesus
1072 1394 1144 1431 ins.

101 1454 225 1503 (nunc
254 1456 470 1505 Marmora)
507 1455 698 1500 abundat,
731 1453 793 1489 adi
814 1451 1048 1500 Marquardt.
1068 1453 1093 1486 1.
1118 1453 1142 1487 l.

96 1528 134 1561 p.
159 1514 205 1558 34
227 1527 284 1563 sq.

605 1588 641 1627 8.

150 1690 326 1737 Festusp.
346 1688 421 1736 269
435 1687 495 1724 ed.
506 1687 656 1724 Miiller.
671 1685 930 1733 :Agathocle.s‚
947 1685 1148 1732 Cyzicena-

95 1762 174 1784 rum
185 1762 304 1784 rerum
315 1751 547 1796 conscriptor,
571 1750 633 1790 ait,
660 1748 841 1782 vaticinio
862 1746 992 1780 Heleni
1013 1746 1142 1792 impul-

94 1821 174 1843 sum
192 1810 347 1844 AE-neam
365 1808 519 1842 Italiam
537 1809 715 1854 petivisse
730 1811 941 1853 portantem
960 1816 1066 1838 suam
1085 1816 1142 1838 se-

95 1880 176 1902 cum
188 1875 334 1915 neptem
358 1868 496 1900 Ascani
500 1865 630 1912 filiam
651 1867 799 1899 nomine
816 1862 1020 1906 Rhomam,
1043 1874 1143 1897 eam-

94 1939 173 1973 que,
192 1933 231 1960 ut
247 1926 367 1960 Italia
377 1926 454 1959 sint
468 1923 636 1972 Phryges
652 1925 764 1971 potiti
780 1929 818 1956 et
826 1921 885 1956 his
902 1916 970 1973 [iis
982 1921 1110 1959 Ursin,
1129 1919 1143 1970 ]

95 1985 304 2033 regionibus
318 1986 504 2027 maxime,
523 1995 607 2029 quoe
635 1993 731 2016 nunc
756 1987 841 2015 sunt
869 1982 1004 2015 vicinoe
1034 1979 1133 2022 urbi,

90 2047 218 2091 prima
238 2042 424 2092 [primam
444 2042 572 2077 Ursin.
585 2054 594 2085 3
604 2043 747 2088 primoe
765 2038 938 2075 Grauert.
955 2035 1145 2087 ]omnium

94 2114 327 2137 consecrasse
365 2105 403 2136 in
438 2100 590 2135 Palatio
623 2099 731 2133 Fidei
763 2098 957 2145 templum,
998 2099 1034 2131 in
1074 2109 1146 2144 quo

95 2168 220 2195 monte
243 2168 374 2208 postea
401 2170 510 2206 quum
539 2158 754 2193 conderetur
779 2157 879 2199 urbs,
915 2158 1036 2191 visam
1068 2167 1145 2190 esse

87 2223 229 2265 justam
247 2219 421 2254 vocabuli
438 2219 568 2253 Romoe
586 2229 752 2260 causam,
779 2228 884 2260 eam,
906 2227 992 2262 quoe
997 2217 1136 2262 priore,

98 2279 196 2313 unde
212 2291 259 2313 ea
281 2276 391 2326 [quce
406 2280 514 2325 prior
530 2276 686 2311 eundem
704 2286 806 2311 corr.
829 2272 999 2322 Scalig.]
1024 2271 1142 2308 locum

45 2328 47 2330 Ι
96 2337 338 2385 dedicavisset
347 2336 466 2372 Fidei.
479 2336 512 2370 A
516 2338 545 2369 it
551 2334 696 2382 quidem
704 2332 934 2382 Agathocles
940 2333 1145 2380 complures

99 2407 176 2430 esse
192 2403 374 2439 auctores,
399 2397 462 2442 qui
477 2394 607 2428 dicunt
623 2395 782 2428 AEneam
799 2393 981 2440 sepultum
999 2394 1036 2426 in
1053 2391 1141 2425 urbe

96 2453 346 2500 Berecynthia
353 2455 532 2500 proxime
544 2450 691 2497 flumen
708 2452 852 2494 Nolon,
871 2458 981 2497 atque
996 2461 1046 2484 ex
1062 2452 1142 2495 esus

91 2514 268 2560 progenie
281 2510 467 2558 quendam
484 2512 632 2544 nomine
647 2508 829 2544 Rlzomum
845 2511 989 2543 venisse
1006 2510 1044 2542 in
1058 2509 1140 2542 Ita·

97 2572 205 2614 liam,
231 2578 268 2605 et
281 2569 405 2604 urbem
423 2569 580 2603 Romam
600 2570 829 2602 nominatam
848 2567 1067 2602 condidisse.

148 2630 237 2664 Post
265 2627 384 2664 verba
403 2627 574 2662 vocabuli
607 2627 735 2661 Romoe
764 2626 806 2660 in
840 2624 974 2661 codice
1005 2624 1143 2672 legitur

95 2700 205 2731 nom,·
234 2686 335 2722 unde
355 2688 516 2721 nominis
544 2685 643 2720 eruit
666 2684 847 2729 Ursinus;
878 2683 1039 2718 Miillero
1065 2682 1141 2717 hoc

96 2746 296 2781 delendum
314 2745 476 2780 videtur.
489 2764 541 2770 -
562 2741 862 2792 Nolon]fluvius
879 2742 1045 2789 ignotus3
1073 2741 1141 2775 Be-

95 2804 268 2851 recynthi
289 2803 480 2839 castellum
494 2801 603 2849 juxta
624 2801 846 2849 Sangarium
859 2806 1046 2834 memorat
1062 2799 1143 2834 Ser-

1172 245 1474 284 -AGATHONIS
1508 246 1666 284 SAMlI

1206 334 1287 370 vius
1301 335 1339 369 in
1358 335 1460 382 Virg.
1491 335 1574 372 AEn.
1590 336 1663 380 VI,
1688 331 1778 380 785,
1803 333 1932 371 Vibius
1954 334 2038 383 seq.
2065 337 2120 372 De
2148 334 2252 374 flunt.

1207 405 1240 429 e.
1261 393 1319 430 18.
1345 393 1400 431 Cf.
1420 394 1548 442 steph.
1568 395 1655 441 Byz.
1678 406 1714 430 v.
1743 390 1972 443 Βερέκυντος;
1991 394 2175 432 Niebuhr.
2199 397 2248 433 Η.

1206 452 1254 486 R.
1275 452 1293 487 Ι
1306 478 1316 496 ,
1338 464 1379 500 p.
1406 450 1492 498 187.

1261 510 1378 547 Solin.
1405 510 1540 557 Polyh.
1565 523 1601 547 c.
1638 523 1652 545 1
1675 521 1684 546 τ
1706 509 1933 556 Agathocles
1958 511 2089 546 scribit
2114 512 2254 546 Romen

1207 580 1279 602 non
1298 571 1481 615 captivam
1501 565 1642 613 fuisse,
1676 577 1715 603 ut
1731 581 1846 616 supra
1866 569 2003 604 dictum
2023 577 2096 613 est,
2119 569 2188 604 sed
2203 570 2254 604 ab

1207 627 1370 661 Ascanio
1380 634 1508 661 natam
1519 654 1527 670 ,
1545 629 1678 662 AEneoe
1688 635 1834 675 neptem
1843 655 1851 671 ,
1870 629 2139 675 appellationis*
2151 631 2254 664 istius

1207 696 1358 719 causam
1368 682 1504 729 juisse.
1527 684 1703 722 Ceterum
1730 686 1858 721 locum
1878 687 1978 723 Festi
2003 698 2048 721 ex
2066 698 2183 734 opere
2202 686 2253 722 de

1207 742 1321 777 rebus
1341 741 1616 789 Cyzicenorum
1634 745 1796 791 petitum
1813 756 1911 789 esse,
1934 757 1979 780 ex
1998 745 2125 780 verbis
2145 745 2254 792 Cyzi-

1207 813 1376 836 cenorum
1394 800 1478 838 leist.
1491 804 1653 849 scriptor,
1675 809 1712 838 et
1725 815 1770 838 ex
1783 804 2015 850 Berecyntiae
2029 803 2136 838 urbis
2148 814 2254 839 men-

1178 907 1180 911 *
1209 860 1311 895 tione
1332 860 1536 908 colligitur.

1539 977 1922 1016 ΥΠΟΜΝΗΜΑΤΑ.

1707 1087 1745 1123 9.

1501 1179 1530 1213 Ε
1558 1178 1706 1214 LIBRO
1735 1178 1958 1215 SEPTIMO.

1262 1282 1389 1320 Scliol.
1425 1282 1553 1330 Apoll.
1592 1281 1668 1318 Rh.
1703 1282 1776 1326 lv,
1814 1281 1884 1327 761
1928 1294 1937 1317 ε
1974 1279 2186 1331 Ἀγαθοκλῆς
2218 1282 2254 1319 ἐν

1211 1344 1279 1382 τοῖς
1307 1338 1562 1388 ’Υπομνήμασι
1583 1337 1664 1389 περὶ
1686 1339 1754 1375 τῶν
1775 1337 1951 1388 χαλκείων
1969 1341 2028 1376 τοῦ
2055 1337 2253 1392 Ἡφαίστου

1207 1399 1376 1449 ἱστορῶν,
1405 1397 1489 1447 φησὶ
1510 1396 1602 1435 κατὰ
1633 1395 1798 1435 Σικελίαν
1829 1396 1888 1434 δύο
1918 1390 2005 1435 εἶναι
2024 1397 2172 1444 νήσους,
2205 1391 2255 1436 ὧν

1208 1458 1229 1501 ἡ
1248 1455 1310 1505 μὲν
1327 1458 1487 1493 καλεῖται
1505 1454 1598 1507 Ἱέρα
1610 1483 1619 1501 ,
1636 1457 1658 1501 ἡ
1674 1453 1709 1492 δὲ
1729 1453 1954 1506 Στρογγύλη·
1975 1453 2102 1499 αἵτινες
2122 1455 2255 1508 ἡμέρας

1208 1513 1268 1551 καὶ
1283 1514 1402 1557 νυκτὸς
1411 1517 1481 1565 πῦρ
1501 1515 1658 1566 ἀφιᾶσιν.
1678 1512 1746 1564 [Ὁ
1761 1512 1797 1550 δὲ
1812 1513 1913 1555 αὐτός
1931 1528 2034 1566 φησιν
2051 1514 2085 1552 ἐν
2098 1513 2251 1567 ἑὸδόμῳ·

1209 1591 1224 1605 ‘¹
1236 1572 1298 1611 Ἐν
1308 1572 1452 1624 Σικελία
1461 1571 1780 1623 νῆσοιὺπάρχουσι.
1793 1570 1938 1610 Τούτων
1947 1570 2006 1610 δύο
2015 1575 2084 1624 πῦρ
2095 1573 2252 1625 ἀφιᾶσι.]

1211 1632 1382 1669 Καλεῗται
1396 1630 1465 1677 δὲή
1492 1629 1554 1681 μὲν
1572 1630 1699 1669 Αἰόλου
1710 1659 1720 1677 ,
1731 1632 1753 1674 ἡ
1778 1629 1813 1667 δὲ
1831 1629 2024 1682 Ἡφαίστου
2037 1660 2047 1678 ,
2065 1633 2100 1668 ἐν
2113 1626 2137 1683 ᾗ
2148 1630 2254 1684 πυρὸς

1207 1690 1384 1740 ποταμούς
1411 1705 1515 1742 φασιν
1536 1688 1680 1728 ἀνιέναι.
1706 1707 1720 1721 υ
1741 1691 1860 1726 Uncis
1875 1691 2020 1726 inclusa
2039 1691 2163 1727 codex
2181 1692 2255 1726 Pa-

1206 1752 1341 1786 risinus
1356 1751 1509 1785 omittit.
1534 1748 1760 1797 Agathocles
1787 1755 2003 1784 recensetur
2019 1751 2131 1784 etiam
2156 1749 2255 1784 inter

1208 1816 1381 1845 auctores
1394 1835 1403 1853 ‚
1426 1821 1471 1844 ex
1492 1808 1631 1856 quibus
1655 1809 1704 1844 H.
1726 1807 1773 1844 N.
1794 1807 1913 1843 libros
1935 1809 1965 1844 V
1984 1814 2021 1843 et
2042 1809 2091 1845 VI
2111 1806 2255 1843 Plinius

1207 1868 1465 1904 concinnavit.

1702 1948 1763 1972 10.

1224 2082 1226 2084 v
1261 2035 1395 2072 Cicero
1406 2037 1462 2071 De
1482 2034 1560 2072 div.
1592 2035 1610 2070 1
1623 2061 1633 2079 ‚
1651 2038 1699 2076 αἱ,
1718 2035 1861 2083 :Apud
1885 2033 2134 2084 Agathoclem
2157 2046 2253 2069 scre-

1201 2104 1308 2144 ptum
1326 2100 1364 2131 in
1381 2096 1538 2130 historia
1552 2102 1608 2130 est
1617 2095 1871 2130 Hamilcarem
1889 2094 2244 2143 Carthaginiensem,

1205 2168 1314 2202 quum
1340 2162 1577 2203 oppugnaret
1609 2154 1832 2201 Syracusas,
1867 2143 1989 2189 visum
2018 2165 2097 2188 esse
2124 2153 2253 2193 audire

1205 2227 1333 2249 vocem
1363 2226 1402 2249 se
1427 2214 1606 2261 postridie
1636 2220 1863 2248 coenaturum
1893 2212 2116 2259 Syracusis:
2141 2223 2251 2258 quum

1205 2282 1330 2308 aurem
1363 2276 1393 2307 is
1427 2273 1505 2307 dies
1532 2273 1732 2314 illuxisset,
1761 2283 1938 2318 magnam
1963 2271 2180 2306 seditionem
2215 2273 2253 2304 in

1205 2335 1336 2366 castris
1357 2335 1436 2378 ejus
1459 2334 1557 2366 inter
1577 2331 1711 2367 Poenos
1731 2338 1767 2364 et
1778 2330 1918 2365 Siculos
1936 2330 2069 2364 milites·
2091 2340 2168 2363 esse
2177 2326 2253 2374 sa-

1204 2399 1299 2426 etam
1328 2403 1339 2424 :
1360 2391 1461 2438 quod
1482 2402 1592 2438 quum
1614 2391 1810 2424 sensissent
1829 2388 2075 2435 Syracusani,
2111 2390 2251 2435 impro-

1204 2454 1277 2485 ‹viso
1290 2462 1351 2485 eos
1373 2453 1410 2484 in
1429 2457 1554 2484 castra
1580 2451 1766 2496 irrupisse,
1787 2448 2116 2494 Hamilcaremque
2129 2446 2179 2481 ab
2202 2449 2251 2481 iis·

1203 2513 1323 2544 vicum
1345 2521 1422 2544 esse
1441 2508 1639 2544 sublatum.
1666 2509 1730 2542 Ita
1745 2519 1803 2542 res
1823 2509 2004 2542 somnium
2028 2505 2245 2553 comproba-

1204 2571 1261 2604 vit.
1280 2568 1336 2605 Cf.
1370 2567 1534 2604 Diodor.
1571 2566 1668 2611 XX,
1701 2567 1794 2614 29‚3
1812 2572 1850 2601 et
1882 2564 1974 2610 3o,2
1997 2563 2081 2614 (Ol.
2103 2575 2190 2609 117,
2210 2567 2247 2606 4.

1206 2626 1279 2673 309
1295 2626 1324 2673 ).
1358 2627 1412 2661 Ex
1441 2626 1624 2662 Cicerone
1653 2636 1719 2659 sua
1740 2623 1856 2659 hahet
1875 2623 2044 2660 Valerius
2067 2622 2252 2658 Maximus

1203 2686 1233 2729 I,
1254 2699 1290 2730 7,
1312 2684 1347 2721 8·

96 2912 239 2944 nonnihil
259 2911 417 2952 spinosos;
439 2911 549 2942 folium
580 2919 658 2942 vero
675 2911 822 2942 tenerum
841 2910 873 2940 et
889 2917 925 2940 ex
944 2907 1037 2939 viridi
1049 2907 1143 2947 palli·
1169 2892 1176 2899 ⁸

96 2963 187 3002 dum,
210 2963 311 3002 figura
326 2961 511 2994 rotundum.
524 2962 678 2994 Fructum
693 2962 753 2993 sert
767 2961 876 2992 autem
891 2960 940 2991 bis
952 2959 1141 3000 quotannis,

95 3013 171 3047 veie
187 3017 219 3047 et
237 3015 409 3046 autumno.
427 3015 546 3054 Estque
568 3014 671 3046 dulcis
684 3014 826 3053 fructus,
846 3011 1066 3053 magnitudine
1079 3011 1144 3042 sere

97 3066 235 3107 phaulioe
249 3066 362 3105 olivae,
386 3066 418 3096 et
436 3074 530 3096 carne
549 3067 580 3096 et
593 3065 707 3097 nucleo
721 3065 796 3096 huic
809 3064 933 3101 similis,
956 3062 1011 3095 sed
1023 3062 1144 3103 saporis

97 3118 258 3150 suavitate
280 3116 495 3157 praestantior.
533 3116 723 3148 comeditur
746 3118 855 3148 autem
882 3116 1006 3146 fructus
1033 3122 1143 3146 recens

96 3170 202 3201 adhuc
214 3193 223 3208 ,
251 3169 283 3199 et
298 3169 467 3208 postquam
490 3167 628 3198 siccatus
646 3169 715 3206 est,
745 3175 863 3198 massas
893 3175 933 3198 ex
949 3175 987 3197 eo
1002 3165 1140 3204 iaciunt,

95 3232 176 3263 quas
189 3221 381 3260 comedunt,
400 3229 465 3252 non
481 3220 631 3252 subactas
655 3221 712 3252 aut
736 3229 819 3261 aqua
842 3220 1056 3258 humectatas,
1085 3218 1142 3250 sed

96 3274 181 3306 nude
194 3282 231 3305 ac
246 3272 344 3304 crude
355 3271 468 3313 quales
482 3273 569 3304 sunt.
587 3284 602 3299 »a

645 3327 678 3358 7.

139 3388 325 3428 Agathocles
345 3386 535 3427 Babylonius
549 3386 670 3417 Rlieam
693 3394 733 3417 ex
756 3387 955 3416 Proconneso
976 3385 1077 3416 insula
1094 3385 1141 3416 la-

97 3443 201 3483 pidem
212 3449 306 3481 quem
321 3441 458 3472 saturno
475 3438 694 3471 devorandum
713 3438 811 3478 dedit,
826 3438 981 3478 accepisse
993 3437 1100 3469 tradit.

1533 2933 1909 2974 COMMENTARII.

1703 3039 1739 3072 9.

1243 3107 1430 3157 Agathocles
1439 3116 1471 3147 in
1482 3113 1726 3147 commentariis
1738 3112 1779 3144 de
1790 3111 1927 3143 vulcani
1941 3110 2078 3142 officinis
2087 3118 2249 3151 exponens

1201 3171 1241 3202 ad
1253 3171 1391 3203 Siciliam
1408 3169 1487 3200 duas
1499 3168 1544 3200 ait
1559 3176 1626 3200 esse
1644 3166 1762 3198 insulas
1772 3189 1781 3205 ‚
1799 3173 1937 3205 quarum
1951 3165 2052 3196 altera
2067 3163 2179 3203 Hiera,
2198 3163 2247 3194 al·

1201 3224 1270 3255 tera
1283 3221 1448 3261 Strongyle
1461 3221 1604 3258 vocetur,
1619 3226 1736 3258 easque
1745 3217 1798 3248 diu
1807 3218 1970 3257 noctuque
1986 3216 2089 3256 ignem
2103 3223 2245 3246 vomere.

1203 3274 1292 3306 Idem
1308 3273 1386 3305 dicit
1407 3272 1439 3303 in
1455 3271 1592 3311 septimo
1613 3282 1620 3302 :
1643 3282 1659 3297 «
1685 3272 1785 3309 Prope
1806 3268 1945 3301 Siciliam
1972 3267 2084 3299 insulae
2103 3268 2189 3306 sum,
2206 3275 2247 3296 ex
2279 3301 2285 3307 ⁸

1202 3325 1319 3366 quibus
1343 3325 1416 3356 duae
1438 3323 1542 3363 ignem
1570 3322 1720 3353 vomunt.
1742 3320 1849 3353 Altera
1876 3319 1976 3354 AEoli‚
1998 3319 2097 3350 altera
2113 3318 2246 3349 vocatur

1204 3378 1358 3418 Vulcani,
1372 3378 1405 3409 in
1421 3385 1486 3417 qua
1505 3375 1583 3416 ignis
1600 3374 1714 3406 fluvios
1729 3373 1841 3405 dicunt
1853 3380 1980 3405 sursum
1995 3370 2111 3404 emitti.
2127 3382 2143 3398 υ
