2326 3724
977 199 1313 240 FRAGMENTA.
1319 179 1323 185 '

78 294 244 345 καθέδρας
263 291 433 345 πρόφασιν
454 291 602 328 ἐποιεῖτο
618 287 679 334 τὴν
700 290 758 325 τοῦ
783 285 996 339 πρεσὸευτοῦ
1017 285 1114 338 παρὰ

79 351 236 397 Ζήνωνος
257 348 367 402 ἄφιξιν
399 347 459 387 καὶ
485 362 525 385 το
555 346 738 399 βούλεσθαι
769 347 890 394 μαθεῖν
922 341 1013 387 ὅπως
1033 344 1117 396 πρὸς

78 409 180 447 αὐτὸν
198 408 269 460 ἔχει
285 407 329 446 τὰ
348 409 387 445 έκ
411 410 472 445 τοῦ
496 405 677 458 βασιλέως.
697 403 800 442 Ἐπεὶ
820 403 855 441 δὲ
873 401 935 450 τὴν
965 403 1115 455 ἀδελφὴν

80 467 142 518 μὲν
178 469 417 505 ἀποθανοῦσαν
453 464 592 517 ἔθαψεν,
621 462 666 501 τὰ
696 461 732 500 δὲ
762 461 861 514 παρὰ
888 460 1118 511 Σιδιμούνδου

81 525 261 572 ἀπήντησε
288 525 480 572 καλοῦντα,
510 522 596 575 πρὸς
627 536 704 564 τους
737 519 996 572 Ἥρακλειώτας
1026 520 1117 557 ἐκλι-

81 583 207 627 πόντας
225 582 286 632 μὲν
302 581 364 628 τὴν
380 580 491 628 πόλιν,
502 582 535 624 ἐς
548 579 705 633 φρούριον
721 578 783 616 δὲ’
775 579 914 630 ισχυρὸν
927 580 1118 616 ἀνασκευα-

83 641 273 693 σαμένους,
293 639 435 692 πέμψας
454 637 579 690 ἀπῄτει
597 638 690 675 σῖτον
709 636 818 674 πολύν
837 652 913 674 τινα
935 636 995 674 καὶ
1012 640 1117 687 οἰνον,

81 699 174 743 ὅπως
186 715 236 751 τῳ
247 714 386 751 στρατω
404 696 478 749 ἔχοι
493 695 605 734 ἀπιων
617 695 812 748 ἐφόδια.οἱ
826 694 862 732 δὲ
876 694 1004 733 οὐδέν’
986 710 1120 747 εφασαν

84 759 178 811 αὐτῷ
207 738 374 794 δύνασθαι
397 786 405 794 .
426 786 434 795 ,
464 785 472 794 .
495 756 530 792 ἐν
564 752 747 796 τοσαύταις
773 753 920 804 ἡμέραις
943 753 1119 804 λέγοντες,

83 813 162 854 ὅσον
185 808 310 866 εἶχον
296 813 352 851 επὶ
369 811 520 865 φρουρίω
535 827 575 863 γε
593 813 740 863 μικρῶ
723 812 997 856 δεδαπανῆσθαι.
1021 810 1065 850 ‘O
1086 809 1121 848 δὲ

83 872 168 925 πρὸς
183 871 287 925 ὀργὴν
307 871 351 909 τὰ
369 873 517 909 πλεῖστα
537 886 598 917 της
616 871 748 913 πόλεως
768 868 971 922 ἐμπρήσας,
990 870 1120 920 ἀνδρων

81 931 185 978 οὔσης
202 931 353 984 ἐρήμου,
374 929 470 974 εὐθὺς
491 929 738 966 ἀπανίσταται.
763 927 835 966 Καὶ
855 926 947 965 κατὰ
963 926 1024 973 τὴν
1041 927 1122 965 δύσ-

82 991 158 1029 οδον
174 989 233 1028 καὶΙ
249 988 369 1035 στενὴν
384 987 460 1026 ὁδὸν
475 987 537 1034 τὴν
553 987 609 1025 ἐπὶ
623 985 684 1033 τὴν
699 986 779 1024 νέαν
789 986 976 1037 λεγομένην
991 984 1041 1024 Ἤ
1047 1001 1122 1023 πει-

84 1064 141 1100 ρον
156 1048 359 1098 ἀπάγουσαν
378 1046 578 1092 ἀναστήσας
593 1046 740 1093 ἤλαυνε,
758 1045 816 1083 καὶ
832 1044 1032 1096 προπέμπει
1048 1043 1124 1087 τοὺς

82 1109 201 1150 ἱππεῖς
222 1106 266 1144 τὰ
287 1106 378 1158 ἄκρα
406 1109 450 1157 τῇ
477 1110 622 1157 στρατιᾷ
643 1102 1042 1156 προκαταληψομένους,
1065 1102 1124 1140 καὶ

85 1164 148 1209 ἕως
171 1163 369 1203 ἀνέλπιστοί
393 1165 460 1201 εἶσι
483 1163 560 1201 κατ’
586 1163 698 1201 ἐκεῖνα
728 1162 916 1214 χωρήσειν,
945 1161 979 1205 ἐξ
1004 1161 1124 1213 ἐφόδου

83 1222 209 1275 ἀθρόας
225 1221 475 1274 ἐκκρούσοντας
491 1220 553 1267 τὴν
570 1220 743 1274 φυλακὴν,
763 1220 837 1267 ἥτις
854 1215 895 1266 ἦν
921 1219 1054 1259 αὐτόθι.
1078 1221 1125 1257 Οἱ

83 1282 120 1320 δὲ
142 1285 187 1326 ὡς
208 1281 397 1330 ἀνέδησαν,
418 1283 448 1319 οἱ
466 1281 522 1319 ἐπὶ
537 1284 602 1333 τῷ,
616 1279 736 1332 τειχίῳ
765 1283 988 1332 φρουροῦντες
1015 1293 1124 1330 στρα-

79 1343 203 1378 τιῶται
229 1340 268 1378 τό
301 1356 338 1378 τε
365 1341 493 1386 πλῆθος
521 1339 648 1382 ἰδόντες
687 1338 745 1376 καὶ
774 1337 860 1389 πρὸς
887 1337 926 1375 τὸ
960 1338 1125 1389 αἰφνίδιον

84 1401 200 1437 αὐτῶν
237 1398 517 1448 καταπλαγέντες
545 1396 622 1435 οὔτε
650 1398 683 1440 ἐς
716 1396 825 1442 ἀλκὴν
854 1394 905 1433 ἔτι
933 1394 1126 1448 τραπέσθαι

84 1457 290 1507 ὑπέμειναν,
326 1455 404 1494 οὔτε
432 1455 597 1506 λογισμὸν
629 1454 732 1507 ἔσχον
762 1454 947 1499 ἀποζεῦξαι
981 1453 1020 1491 τὸ
1056 1455 1125 1491 τεί-

82 1531 222 1569 χισμα,
252 1515 330 1553 ἀλλ’
364 1515 534 1567 ὥρμησαν
563 1514 712 1567 φεύγειν,
741 1514 807 1552 ὑπὸ
841 1517 902 1560 τῆς
933 1511 1128 1558 ἐκπλήξεως

83 1573 288 1625 ἀπερίοπτοι
308 1571 445 1611 πάντων
462 1573 560 1624 [τῶν]
579 1575 626 1617 εἷς
639 1572 696 1611 τὸν
711 1573 789 1611 τότε
806 1571 926 1624 καιρὸν
943 1572 1124 1624 ὠφελῆσαι

83 1632 295 1682 δυναμένων.
324 1632 370 1669 Οἱ
400 1631 436 1670 δὲ
464 1631 556 1669 κατὰ
586 1631 719 1678 πολλὴν
749 1631 896 1683 ἐρημίαν
931 1629 1129 1682 προσιόντες

84 1690 251 1743 ἐχώρουν,
273 1690 330 1728 επὶ
349 1693 407 1727 τοῦ
427 1689 598 1761 στόματος
618 1690 719 1734 αὐτὸς
738 1692 756 1728 ὁ
773 1689 1002 1763 Θευδέριχος,
1031 1688 1127 1732 Σόας

83 1747 120 1786 δὲ
136 1750 154 1786 ὁ
171 1747 331 1798 μέγιστος
350 1750 417 1785 τῶν
438 1748 496 1785 ὑπ’
517 1748 619 1786 αὐτὸν
638 1751 842 1801 στρατηγῶν
857 1748 949 1786 κατὰ
966 1746 1003 1785 τὸ
1021 1746 1126 1798 μέσον

83 1799 176 1880 ειχε,
196 1807 452 1856 Θευδιμοῦνδος
468 1807 502 1845 δὲ
519 1806 569 1844 ὃ”
550 1822 663 1859 ετερος
676 1809 744 1844 τῶν
760 1805 976 1858 Βαλαμήρου
993 1806 1128 1843 παίδων

84 1864 141 1904 ἐπὶ
170 1881 230 1911 της
261 1865 436 1917 οὐραγίας.
471 1865 682 1918 Θευδέριχος
714 1864 776 1913 μὲν
806 1869 865 1903 οὐν
900 1863 1128 1916 προκαταὸὰς

83 1992 187 2023 nuntii
199 2001 217 2024 a
227 1992 414 2024 Sidimundo
427 1991 561 2031 veniret,
572 1993 604 2023 et
615 1992 744 2032 propter
756 1991 904 2022 morbum
911 1990 1038 2029 sororis,
1052 1999 1125 2030 quoe

85 2045 191 2084 paullo
210 2046 282 2085 post
291 2045 442 2084 decessit,
460 2045 675 2084 exspectabat.
723 2047 797 2076 Suae
811 2044 919 2074 autem
936 2051 1035 2074 morae
1053 2051 1127 2073 cau-

84 2105 152 2128 sam
167 2099 270 2137 palam
289 2098 427 2136 legatum
442 2106 509 2128 esse
521 2096 694 2135 simulavit,
712 2105 806 2136 quem
820 2096 859 2127 ad
877 2105 949 2127 eum
972 2098 1055 2127 Zeno
1066 2094 1126 2126 mi-

85 2150 187 2187 serat,
207 2148 282 2188 quia
297 2157 338 2180 ex
357 2157 396 2180 eo
408 2172 415 2185 ‚
430 2157 493 2188 quo
509 2148 615 2179 animo
632 2148 665 2178 in
687 2156 721 2179 se
736 2149 819 2179 esset
832 2148 1015 2187 imperator,
1033 2146 1127 2178 intel-

87 2199 180 2239 ligere
208 2200 349 2240 cuperet.
393 2201 458 2231 Nec
487 2200 590 2237 multo
624 2199 713 2239 post,
739 2207 839 2238 quum
858 2207 998 2230 sororem
1037 2207 1128 2229 suam

87 2251 246 2282 mortuam
262 2251 401 2289 elteri-et,
412 2259 431 2281 a
448 2250 636 2282 Sidimundo
652 2250 783 2281 nuntius
801 2250 954 2288 occurrit,
979 2249 1036 2289 qui
1055 2258 1129 2281 eum

86 2303 271 2333 arcesseret.
293 2304 375 2333 Tum
392 2301 430 2332 ad
447 2302 647 2333 Heracleotas
659 2326 667 2341 ,
685 2301 741 2342 qui
760 2301 872 2332 urbem
890 2293 1082 2342 reliquerant
1098 2303 1131 2332 et

86 2353 165 2384 sein
188 2362 294 2384 arcem
312 2353 557 2385 munitissimam
584 2353 781 2393 receperant,
810 2352 893 2384 misit
914 2353 968 2393 qui
986 2354 1131 2392 peterent

87 2413 235 2445 magnam
249 2406 399 2438 frumenti
415 2407 481 2438 vim
495 2406 627 2446 etvini,
642 2407 678 2438 ut
690 2406 854 2438 discedens
864 2406 1030 2446 viaticum,
1044 2406 1130 2446 quod

87 2457 199 2488 alendo
210 2457 364 2488 exercitui
381 2457 551 2495 sufficeret,
581 2458 724 2490 haberet.
767 2458 814 2489 Illi
831 2459 940 2489 autem
963 2458 1130 2497 responde-

88 2509 176 2547 runt,
193 2509 270 2540 nihil
284 2508 342 2540 sibi
358 2510 476 2540 restare
491 2511 729 2540 commeatuum
740 2533 748 2548 ,
767 2518 848 2549 quos
866 2509 972 2549 largiri
986 2512 1130 2550 possent;

88 2561 205 2592 etenim
229 2570 309 2602 quos
328 2562 512 2593 habuissent
529 2563 577 2594 tot
602 2562 714 2594 diebus
731 2561 762 2593 in
788 2571 887 2603 parvo
904 2563 1034 2594 castello
1058 2572 1129 2594 con-

87 2613 268 2653 sumpsisse.
312 2614 370 2646 ]lle
387 2614 433 2645 ira
445 2614 581 2653 exarsit,
601 2618 632 2646 et
658 2614 763 2654 urbis,
783 2624 857 2655 quae
884 2615 924 2646 ab
949 2615 1133 2646 hominibus

88 2674 192 2697 vacua
205 2667 285 2706 erat,
300 2671 397 2707 quam
408 2667 544 2707 plurima
560 2668 630 2699 loca
646 2667 803 2706 incendit,
815 2669 847 2699 et
859 2668 1025 2699 confestim
1039 2668 1134 2700 motis

89 2717 215 2757 castris,
228 2717 281 2749 via
293 2718 393 2749 ardua
406 2720 438 2750 et
451 2719 594 2758 angusta,
618 2727 690 2759 quae
703 2718 743 2750 ad
758 2721 880 2750 Novam
895 2719 1023 2759 Epirum
1036 2720 1133 2751 duce-

89 2767 161 2808 bat,
181 2769 332 2809 perrexit.
375 2772 457 2802 Tum
479 2770 603 2810 equites
625 2770 802 2811 praemittit,
816 2771 871 2811 qui
886 2771 962 2811 Juga
976 2772 1133 2803 montium

91 2820 179 2859 prius
197 2823 471 2862 occuparent,ut,
486 2832 585 2863 quum
605 2832 698 2855 nemo
714 2823 865 2864 suspicari
878 2826 994 2865 posset,
1011 2833 1064 2857 eos
1081 2834 1135 2866 per

91 2878 127 2902 ea
143 2871 212 2903 loca
229 2879 459 2913 progressuros,
474 2875 634 2914 proesidia,
648 2874 750 2915 siqua
766 2878 891 2915 essent,
909 2876 1029 2916 impetu
1043 2876 1134 2908 dere-

93 2923 187 2961 pente
210 2923 296 2955 facto
319 2923 526 2964 depellerent.
544 2925 606 2962 Qui
627 2935 683 2965 pro
699 2926 860 2958 moenibus
887 2926 974 2958 urbis
991 2927 1136 2967 praesidia

92 2973 237 3014 agebant,
263 2975 300 3006 ut
329 2975 570 3007 multitudinem
596 2976 736 3008 hostium
753 2979 1000 3018 conspexerunt,
1030 2978 1136 3018 subito

97 3035 171 3058 casu
186 3029 355 3068 perterriti,
379 3038 483 3070 neque
498 3031 641 3062 resistere
659 3031 727 3061 ausi
742 3032 834 3070 sunt,
858 3040 963 3072 neque
984 3031 1046 3064 illis
1066 3034 1137 3063 tan-

95 3078 165 3109 tum
189 3080 286 3111 animi
319 3081 351 3112 et
370 3081 549 3121 prudentiae
563 3081 642 3121 suit,
665 3083 702 3113 ut
734 3083 1009 3122 propugnaculum
1028 3084 1135 3115 occlu-

95 3128 222 3170 derent‚
250 3131 305 3163 sed
333 3132 366 3163 in
393 3133 497 3173 sugam
519 3133 662 3165 conversi
694 3142 760 3174 prae
786 3143 903 3175 pavore
927 3135 1024 3174 nihil,
1050 3136 1137 3176 quod

96 3181 173 3212 utile
187 3185 286 3221 esset,
312 3184 526 3216 attendeiQunt
546 3186 666 3216 Hostes
682 3186 789 3217 autem
804 3194 860 3226 per
877 3186 945 3217 loca
957 3186 1138 3219 hominibus

97 3239 198 3264 vacua
216 3235 248 3266 et
260 3234 383 3266 deserta
405 3244 481 3276 pr‹o
472 3236 696 3268 *rediebanturn
717 3237 958 3269 Theuderichus
973 3239 1041 3270 erat
1056 3239 1138 3270 inter

96 3283 231 3324 primos,
245 3287 322 3318 Soas
335 3295 353 3317 a
369 3287 589 3318 Theudericho
605 3287 809 3319 secundum
801 3298 834 3320 in
852 3290 992 3321 exercitu
1006 3289 1137 3329 gradum

98 3334 242 3374 tenebat,
257 3338 288 3367 et
303 3337 444 3369 medimn
459 3347 571 3378 agmen
587 3339 740 3378 ducebat,
764 3339 1043 3379 Theudimundus,
1059 3341 1139 3372 alter

99 3391 141 3415 ex
156 3386 307 3418 valamir-i
333 3388 421 3427 filiis,
448 3391 639 3422 extremum.
660 3390 898 3423 Theuderichus
919 3391 1013 3423 valde
1034 3392 1138 3423 audax

2140 209 2209 241 127

1179 284 1238 323 καὶ
1263 286 1447 338 θαρσῶν,“
1431 301 1476 328 ως
1494 280 1645 328 offlam*
1627 301 1664 332 ην
1685 287 1801 329 αὐτοῖς
1820 288 2027 340 ἐφεπόμενος
2041 318 2052 339 ,
2069 294 2139 333 τοῖς
2161 289 2218 327 ἐπὶ

1179 359 1246 381 των
1264 342 1406 393 ἁμαξῶν
1426 342 1486 381 καὶ
1502 343 1570 386 τοῖς
1586 342 1702 387 ἄλλοις
1719 345 1939 398 σκευοφόροις
1959 341 2053 384 εἶπεν
2071 362 2220 398 προχω-

1181 407 1262 453 ρεῖν·
1290 401 1391 445 αὐτὸς
1419 400 1454 439 δὲ
1477 401 1639 452 ἠπειγετο
1667 402 1797 454 φθάσαι
1816 404 2137 456 montelongo-“w
2117 421 2158 452 ην
2180 406 2220 442 ἂν

1181 461 1319 498 δύναιτο
1339 459 1453 499 πόλιν.
1488 459 1558 498 Καὶ
1581 459 1664 511 πρὸς
1686 459 1747 508 μὲν
1776 460 1840 506 τὴν
1866 462 2049 513 Λυχνηδὸν
2070 463 2221 500 ἐπελθὼν

1181 517 1422 570 ἀπεκρούσθη,
1452 517 1510 556 ἐπὶ
1539 520 1666 571 ὀχυροῦ
1697 519 1859 568 κειμένην
1887 521 1946 557 καὶ
1973 523 2094 570 πηγῶν
2128 522 2222 559 ἔνδον

1182 577 1319 629 πλήρη,
1336 576 1396 615 καὶ
1413 575 1509 614 σίτου
1525 576 1738 629 προενόντος.
1762 576 1928 620 Ἀναστὰς
1949 575 1985 614 δὲ
2012 579 2140 616 ἐκεῖθεν
2160 578 2223 624 τήν

1182 650 1218 672 τε
1237 635 1432 684 Σκαμπίαν
1449 636 1559 686 αἱρεῖ,
1578 637 1646 672 τῶν
1664 634 1853 687 οἰκητόρων
1871 634 1978 682 αὐτὴν
1997 636 2108 673 πάλαι
2124 638 2223 674 ἐκλε-

1182 692 1369 740 λοιπότων,
1384 692 1443 731 καὶ
1456 692 1490 736 ἐξ
1507 694 1613 739 αὐτῆς
1629 692 1786 744 ὁρμήσας
1806 692 2023 743 Ἐπίδαμνον
2038 693 2222 742 λαμὸάνει.

1183 751 1411 802 Ἀδαμάντιος
1439 750 1474 789 δὲ
1502 754 1613 789 ταῦτα
1645 751 1835 801 πυθόμενος
1855 751 2058 804 προπέμπει
2079 754 2146 789 τῶν
2166 754 2224 789 ἱπ·

1184 810 1280 848 πέων
1297 812 1364 848 τῶν
1388 808 1571 862 βασιλείων
1585 809 1661 847 τινὰ
1673 840 1683 860 ,
1700 810 1756 854 οὓς
1777 809 2045 863 μαγιστριανοὺς
2061 812 2225 856 καλοῦσι,

1186 867 1406 921 μεμφόμενός
1430 884 1466 906 τε
1500 869 1595 920 αὐτῷ
1627 867 1724 919 παρὰ
1753 868 1816 914 τὴν
1849 868 2035 920 ὑπόσχεσιν
2056 871 2116 914 τῆς
2139 883 2226 920 πρε-

1185 927 1304 970 σὸείας
1323 931 1494 973 ποιοῦντι,
1514 926 1574 965 καὶ
1590 926 1740 964 κελεύων
1765 929 1906 979 ἠρεμεῖν
1927 926 1986 965 καὶ
2007 927 2096 976 μήτε
2120 928 2225 964 πλοῖα

1184 985 1318 1033 λαὸεἷν,
1339 985 1420 1036 μήτ’
1437 986 1524 1023 ἄλλο
1543 1001 1575 1022 τι
1593 988 1661 1023 τῶν
1683 985 1864 1036 παρόντων
1887 985 1990 1024 πλέον
2007 985 2227 1037 νεωτερίσαι,

1185 1044 1249 1088 ἕως
1267 1044 1308 1082 ἂν
1328 1044 1430 1088 αὐτὸς
1451 1044 1531 1096 ἔλθῃ
1545 1059 1553 1068 ·
1572 1045 1777 1082 ἀποστεῖλαι
1797 1044 1832 1082 δὲ
1853 1045 1912 1082 καὶ
1934 1045 2060 1097 ἄνδρα,
2074 1044 2166 1087 ὅστις
2184 1043 2226 1081 τὰ

1185 1102 1291 1141 πιστὰ
1314 1103 1417 1141 δώσει
1433 1106 1495 1150 τῆς
1513 1102 1600 1151 μετὰ
1620 1102 1683 1149 τὴν
1708 1103 1896 1156 πρεσὸείαν
1919 1097 2014 1146 αὖθις
2038 1102 2227 1155 ἀναχωρή-

1186 1178 1272 1205 σεως
1304 1162 1364 1199 καὶ
1395 1165 1455 1208 τῆς
1485 1161 1568 1208 ὅλης
1595 1161 1725 1205 ἀδείας.
1761 1163 1886 1201 Ταῦτά
1915 1178 1951 1200 τε
1991 1163 2075 1214 πρὸς
2100 1164 2228 1200 ἐκεῖνον

1187 1221 1391 1267 ἐπέστελλε,
1413 1219 1473 1258 καὶ
1492 1220 1593 1263 αὐτὸς
1607 1219 1695 1273 ἄρας
1714 1220 1783 1259 ἀπὸ
1801 1217 2065 1267 Θεσσαλονίκης
2088 1221 2227 1273 ἔρχεται

1187 1280 1233 1322 εἷς
1248 1277 1438 1324 ”Εδεσσαν,
1457 1277 1544 1316 ὅπου
1573 1294 1613 1324 ην
1645 1279 1872 1330 Σαὸινιανὸς,
1900 1279 1962 1317 συν
1992 1279 2027 1317 δὲ
2055 1281 2148 1330 αὖτῳ
2169 1279 2228 1317 καὶ

1188 1337 1387 1382 Φιλόξενος.
1410 1336 1481 1375 Και
1505 1337 1566 1380 τάς
1588 1353 1625 1375 τε
1654 1337 1790 1382 δέλτους
1819 1341 1914 1377 αὐτω
1939 1339 2150 1391 παρέχουσι,
2169 1337 2228 1376 καὶ

1188 1395 1381 1448 στρατηγὸν
1409 1395 1658 1448 ἀποφαίνουσι,
1684 1397 1744 1435 καὶ
1773 1397 1851 1449 περὶ
1883 1400 1951 1434 τῶν
1980 1396 2161 1450 παρόντων
2192 1390 2230 1434 εῧ

1188 1453 1459 1492 διεὸουλεύοντο.
1479 1454 1551 1492 Και
1578 1454 1616 1492 τὸ
1643 1454 1706 1504 μὲν
1733 1456 1919 1508 ἐπιχειρεῖν
1944 1458 2013 1499 τοῖς
2043 1454 2231 1508 βαρὸοἱροις

1188 1511 1428 1566 πορευομένοις
1447 1513 1509 1550 οὐκ
1539 1513 1691 1566 ἀσφαλὲς
1717 1514 1850 1564 ἐδόκει,
1873 1514 1997 1565 ὀλίγων
2020 1514 2083 1564 μὲν
2109 1513 2227 1552 συνόν-

1189 1587 1257 1609 των
1283 1573 1377 1623 αὖτῷ
1396 1570 1598 1623 Σαὸινιανῷ
1620 1571 1837 1624 μισθοφόρων
1858 1573 2008 1622 οἰκείων,
2031 1575 2091 1619 τῆς
2108 1571 2143 1610 δὲ
2164 1574 2228 1619 δη-

1191 1629 1315 1681 μοσίας
1346 1636 1512 1681 στρατιᾶς
1537 1630 1597 1668 καὶ
1625 1633 1694 1669 τῶν
1715 1634 1835 1668 κοινῶν
1857 1631 2046 1681 ταγμάτων
2078 1634 2147 1670 τῶν
2168 1631 2230 1682 μὲν

1190 1688 1449 1741 διεσπαρμένων
1467 1688 1558 1727 κατὰ
1573 1689 1689 1733 πόλεις
1699 1720 1708 1737 ,
1722 1692 1790 1727 τῶν
1805 1689 1841 1727 δὲ
1856 1689 1944 1740 μετὰ
1959 1693 2019 1728 τοῦ
2035 1695 2230 1743 στρατηγοῦ

1190 1746 1382 1799 Ὀνούλφου
1416 1747 1427 1798 (
1444 1749 1461 1784 ὃ
1478 1746 1645 1800 εὐούλφου
1664 1748 1761 1798 vgo)
1781 1748 2071 1787 ἀκολουθούντων.
2093 1748 2232 1788 Ἐδόκει

1191 1804 1227 1843 δὲ
1261 1805 1411 1856 πέμπειν
1446 1806 1652 1857 ἁπανταχοῦ
1693 1805 1948 1858 προστάγματα
1993 1808 2231 1857 συγκαλοῦντα

1191 1864 1268 1906 τοὺς
1297 1864 1533 1914 στρατιώτας,
1563 1863 1622 1901 καὶ
1651 1863 1708 1902 τὸν
1741 1864 1933 1917 στρατηγὸν
1959 1866 2127 1911 δηλοῦντα
2146 1881 2233 1918 προ-

1188 1991 1220 2022 et
1234 1991 1414 2030 confidens,
1432 1993 1467 2023 ut
1480 1993 1639 2024 neminem
1651 2016 1661 2033 ,
1679 1993 1733 2033 qui
1750 1993 1808 2024 sibi
1825 1993 2002 2032 resisteret,
2019 1993 2147 2025 obviam
2166 1993 2231 2025 fieri

1189 2043 1286 2083 vidit,
1304 2051 1374 2082 eos,
1389 2044 1444 2083 qui
1466 2043 1549 2084 apud
1565 2053 1677 2075 currus
1692 2046 1723 2076 et
1748 2045 1852 2076 cetera
1876 2044 2101 2084 impedimenta
2124 2048 2232 2085 erant,

1189 2094 1359 2134 procedere
1372 2094 1476 2134 jussit.
1493 2097 1562 2135 lpse
1585 2095 1736 2135 praeibat,
1754 2097 1788 2127 ut
1810 2105 2035 2136 quamcunque
2056 2099 2161 2137 posset
2178 2106 2232 2128 ur-

1192 2146 1264 2178 bem
1281 2146 1504 2187 praevenicndo
1520 2149 1657 2187 caperet.
1677 2148 1725 2180 Ad
1744 2148 1939 2188 Lychnidum
1951 2149 2103 2181 accedens
2121 2152 2169 2181 est
2183 2159 2232 2181 re-

1191 2200 1308 2240 pulsus.
1328 2202 1403 2231 Erat
1420 2200 1504 2231 enim
1529 2200 1649 2232 difficili
1667 2201 1737 2232 loco
1753 2201 1813 2232 sita
1836 2203 1869 2233 et
1893 2202 2028 2233 sontium
2045 2203 2077 2234 et
2101 2203 2234 2234 scaturi-

1191 2253 1261 2293 gine
1276 2254 1386 2294 plena,
1416 2255 1448 2285 et
1464 2257 1619 2285 convecto
1645 2254 1734 2294 prius
1752 2255 1912 2286 frumento
1931 2255 2124 2287 abundabat.
2153 2257 2234 2288 Hinc

1192 2314 1336 2344 movens,
1354 2306 1553 2346 Scampiam,
1567 2314 1664 2346 quam
1684 2305 1876 2345 jamdudum
1894 2306 2005 2338 incolae
2020 2307 2234 2347 reliquerant,

1191 2356 1299 2395 diruit,
1308 2358 1339 2387 et
1353 2357 1424 2388 inde
1436 2365 1615 2397 progressus
1628 2357 1748 2397 impetu
1762 2358 1847 2388 sacto
1863 2358 2075 2398 Epidamnum
2085 2361 2231 2399 occupat.

1192 2408 1286 2445 Quod
1299 2408 1352 2439 ubi
1373 2408 1522 2448 cognovit
1541 2408 1766 2448 Adamantius,
1785 2409 1883 2441 mittit
1903 2418 2003 2441 unum
2020 2419 2059 2441 ex
2077 2411 2236 2451 equitibus

1192 2460 1392 2500 imperatoris
1402 2485 1410 2499 ‚
1423 2460 1562 2501 quicum
1576 2469 1614 2492 eo
1626 2462 1864 2501 expostularet,
1876 2462 1959 2502 quod
1972 2464 2081 2494 contra
2095 2463 2138 2501 id,
2150 2463 2235 2503 quod

1194 2511 1286 2543 missa
1309 2512 1463 2552 legatione
1485 2503 1686 2552 promiserat,
1704 2514 1839 2552 faceret,
1861 2515 1893 2545 et
1905 2513 2032 2553 juberet
2049 2514 2090 2546 ab
2111 2515 2236 2555 incepto

1193 2563 1344 2595 desistere
1355 2573 1459 2604 neque
1472 2573 1569 2595 naves
1581 2573 1719 2603 sumere,
1731 2567 1786 2596 aut
1799 2565 1970 2606 quicquam
1982 2565 2066 2597 aliud
2080 2575 2234 2598 novarum

1193 2624 1301 2647 rerum
1325 2617 1467 2655 tentare,
1496 2615 1598 2647 donec
1615 2615 1801 2648 adventaret
1820 2629 1827 2648 :
1846 2616 1983 2657 denique
2007 2617 2110 2648 virum
2136 2618 2174 2649 ad
2203 2628 2237 2650 se

1194 2667 1338 2706 mittere,
1352 2667 1406 2708 qui
1424 2667 1482 2698 sibi
1499 2667 1559 2698 tuti
1579 2669 1651 2706 post
1667 2668 1827 2708 peractam
1846 2668 2035 2708 legationem
2060 2669 2178 2701 reditus
2205 2674 2237 2702 et

1194 2719 1326 2760 reliquae
1337 2719 1516 2751 securitatis
1530 2718 1624 2749 tidem
1635 2719 1810 2758 praestaret.
1821 2721 1896 2750 Haec
1906 2728 2007 2759 quum
2021 2720 2059 2751 ad
2071 2729 2144 2751 eum
2156 2721 2237 2755 Ada-

1194 2769 1334 2801 mantius
1347 2769 1496 2800 mandata
1510 2768 1659 2807 dedisset,
1672 2769 1738 2809 ipse
1748 2793 1757 2808 ‚
1769 2769 1990 2801 Thessalonica
2003 2771 2130 2810 relicta,
2143 2771 2238 2803 Edes-

1194 2830 1262 2854 sam
1278 2820 1364 2853 venit
1379 2822 1411 2852 et
1427 2829 1490 2851 una
1506 2829 1579 2852 cum
1597 2829 1634 2851 eo
1650 2820 1854 2852 Philoxenus.
1867 2823 1943 2853 Erat
1958 2821 2083 2853 Edessae
2095 2822 2236 2854 Sabinia-

1195 2883 1273 2913 nus,
1290 2873 1342 2905 cui
1366 2873 1487 2904 litteras
1499 2872 1702 2913 imperatoris
1717 2872 1922 2905 reddiderunt
1940 2882 2102 2914 quemque
2121 2874 2236 2906 ducem

1195 2926 1362 2965 crearunt,
1376 2926 1546 2965 ceteraque
1558 2925 1664 2956 omnia
1675 2925 1785 2957 ordine
1798 2920 2072 2958 administrarunt.
2097 2926 2159 2958 Sed
2169 2927 2236 2958 bar·

1196 2978 1289 3010 baros
1310 2977 1493 3009 recedentes
1508 2977 1653 3018 persequi
1673 2977 1804 3009 minime
1821 2979 1927 3009 tutum
1947 2978 2049 3009 visum
2069 2979 2126 3009 est.
2146 2978 2236 3009 Sabi-

1195 3030 1290 3062 niano
1306 3029 1390 3061 enim
1408 3029 1500 3069 pauci
1522 3028 1639 3060 milites
1653 3029 1838 3060 mercenarii
1863 3037 1901 3060 ex
1918 3028 1992 3068 'eius
2011 3029 2191 3061 domesticis
2206 3030 2237 3060 et

1196 3081 1405 3114 familiaribus
1417 3080 1559 3112 aderant.
1575 3083 1655 3113 Nam
1677 3081 1731 3121 qui
1746 3081 1872 3121 publice
1883 3081 2049 3113 merebant
2065 3082 2096 3112 et
2108 3081 2236 3112 ordina-

1198 3134 1251 3165 riis
1266 3133 1441 3173 legionibus
1451 3133 1600 3173 adscripti
1615 3133 1769 3174 stipendia
1782 3134 1950 3172 faciebant,
1959 3142 2059 3174 quum
2076 3142 2131 3173 per
2145 3133 2238 3163 urbes

1197 3185 1345 3225 dispersi,
1368 3185 1438 3216 tum
1462 3184 1637 3224 onulfum,
1666 3183 1780 3215 ducem
1803 3193 1916 3224 suum,
1945 3185 2063 3223 secuti,
2081 3184 2234 3214 abierant.

1198 3238 1308 3276 ltaque
1320 3236 1424 3267 visum
1446 3237 1493 3268 est
1508 3235 1628 3274 edicta,
1641 3235 1758 3275 quibus
1776 3235 1891 3267 milites
1913 3235 2052 3275 undique
2066 3242 2235 3265 evocaren-

1197 3290 1262 3327 tur,
1286 3296 1480 3327 proponere,
1506 3288 1539 3319 et
1561 3287 1676 3318 ducem
1701 3287 1858 3327 legatum,
1879 3286 1986 3326 quiea
2003 3285 2234 3325 promulgaret,

1197 3339 1403 3380 praemittere.
1427 3341 1473 3370 Eo
1496 3339 1563 3379 ipso
1587 3340 1730 3378 tempore
1745 3347 1842 3378 eques
1863 3338 1904 3368 ab
1920 3336 2106 3368 Adamantio
2123 3335 2237 3366 missus

1199 3400 1359 3431 reversus,
1386 3400 1450 3423 una
1474 3400 1583 3423 seeum
1605 3391 1767 3422 adducens
1791 3390 1997 3421 barbarorum
2021 3387 2233 3426 sacerdotem,
