2372 3704
765 196 974 244 HlCESIl,
1004 186 1278 235 HIEROCLIS
1307 196 1642 237 FRAGMENTA.

107 283 282 336 ταρίχους,
292 280 421 320 ἐκείνου
433 282 535 318 τοῦτο
548 277 766 325 αἰτήσαντος.
779 276 973 330 Προθέντος
982 277 1051 329 γὰρ
1063 278 1158 329 αὐτῷ

107 346 169 382 τοῦ
189 341 341 389 Λακίου,
367 339 490 378 λαΕεῐν
518 342 577 377 τοῦ
597 337 728 390 χωρίου
750 336 797 387 (ἢ
830 336 980 389 ἄλφιτα)
1002 335 1024 382 ἢ
1045 335 1158 382 ἄλητα

105 399 128 447 ἢ
147 400 328 453 ταρίχους,
349 397 459 437 εἵλετο
475 399 493 435 ὁ
510 396 701 449 Κυλάὸρας
716 395 795 440 τοὺς
813 394 988 447 ταρίχους.
1006 394 1080 433 Καὶ
1102 393 1158 432 διὰ

103 463 205 498 τοῦτο
224 461 255 497 οἱ
277 458 487 504 Φασηλῖται
506 455 573 494 ἀνὰ
591 461 661 494 πᾶν
681 454 756 499 ἔτος
770 456 820 506 τῷ
838 453 1009 507 Κυλάὸρᾳ
1031 452 1081 492 ἔτι
1098 452 1157 491 καὶ

103 522 163 557 νῦν
178 517 322 570 τάριχον
346 515 476 555 θύουσι.

156 579 326 616 Eandem
337 577 535 613 historiam
547 575 718 611 narravit
731 573 1048 622 Philostephanus
1057 572 1156 607 libro

101 639 229 687 primo
249 634 338 687 Περὶ
357 636 425 672 τῶν
442 635 477 672 ἐν
497 636 539 685 τῇ
559 631 656 685 Ἀσίᾳ
675 631 810 670 πόλεων
831 644 895 681 ap.
917 632 1057 669 Athen.
1079 631 1104 666 l.
1128 631 1154 666 l.

103 696 161 735 Cf.
181 695 327 733 Zenob.
342 696 410 740 VI,
427 693 475 730 36
495 707 503 730 ε
521 692 739 738 Φασηλιτῶν
757 693 870 740 θῦμα·
891 688 949 727 ἐπὶ
968 690 1037 726 τῶν
1058 689 1157 726 εὖτε-

100 754 171 792 λῶν
182 752 243 790 καὶ
259 750 415 801 ἀναίμων
425 750 576 802 λέγεται.
591 749 692 790 Φασὶ
704 748 772 801 γὰρ
787 747 864 791 τοὺς
877 746 1081 790 Φασελίτας
1094 761 1157 784 τα-

103 810 219 863 ρίχους
231 813 302 854 τοῖς
320 813 407 853 θεοῖς
421 807 522 847 θύειν.
537 811 679 847 Eadem
692 809 864 858 Apostol.
878 808 955 844 XX
968 834 978 852 ‚
999 812 1043 851 14
1058 820 1068 852 ;
1085 809 1157 843 Ar-

101 883 180 908 sen.
192 883 234 920 p.
249 871 339 913 462.
354 869 488 906 Suidas
499 876 535 906 et
546 870 656 906 Phot.
667 870 758 906 Lex.
772 881 812 905 v.
825 864 989 912 Φασηλίς
1003 878 1012 902 :
1026 865 1156 910 Φαση-

101 927 200 971 λίτας
218 927 286 979 γὰρ
301 926 447 979 τάριχον
465 928 515 979 τῷ
536 925 714 978 Κολάὸρῳ
737 927 816 976 (sic
836 926 965 971 Phot.;
983 921 1152 973 Καλοίὸρ.

101 987 256 1037 Suidas)
281 985 371 1024 θύειν
389 985 475 1038 φησὶ
493 985 726 1037 Καλλίμαχος
747 986 781 1022 ἓν
802 982 1037 1036 Βαρὸαρικοῖς
1056 980 1154 1030 νομί-

101 1061 178 1096 μοις
196 1047 254 1097 (p.
271 1046 346 1083 218
368 1047 430 1083 ed.
444 1046 622 1095 Blomf.=).
636 1067 689 1072 —
702 1047 758 1082 De
776 1045 894 1081 Lacio
911 1044 989 1079 sive
1008 1043 1155 1079 Rhacio

101 1106 262 1142 coloniae
280 1105 480 1142 conditore
490 1105 572 1153 lege
585 1105 736 1140 Miiller.
756 1104 846 1139 Dor.
863 1104 897 1148 Ι,
914 1115 956 1151 p.
979 1114 994 1138 1
1006 1113 1051 1137 12
1067 1113 1152 1149 sqq.

153 1164 270 1212 Quod
293 1164 545 1213 Hempythum
566 1164 720 1208 attinet,
742 1161 994 1200 Schneiderus
1023 1160 1072 1197 ad
1090 1160 1157 1196 Ni-

100 1224 234 1263 candr.
259 1224 366 1261 Alex.
387 1237 429 1273 p.
463 1223 512 1260 82
539 1224 764 1272 scriptorem
790 1229 966 1257 nostrum
990 1219 1156 1256 eundem

99 1295 177 1320 esse
196 1283 326 1320 statuit
341 1295 428 1319 cum
441 1282 568 1318 Samio
585 1282 652 1317 illo
666 1281 893 1330 Herophyto
905 1306 915 1324 ,
932 1291 1046 1328 quem
1063 1278 1157 1316 dicit

98 1342 322 1378 Plutarchus
342 1342 492 1378 Cimon.
512 1353 547 1376 c.
572 1352 596 1388 9
628 1352 637 1375 :
659 1337 764 1377 Ἐπεὶ
791 1338 858 1390 γὰρ
878 1339 917 1375 ἐκ
937 1337 1079 1382 Σηστοῦ
1096 1334 1156 1372 καὶ

101 1399 293 1443 Βυζαντίου
310 1396 459 1441 πολλοὺς
471 1399 539 1435 τῶν
562 1395 750 1448 βαρὸἄρων
768 1394 1014 1447 αἰχμαλώτους
1032 1392 1156 1431 λαὸόν-

98 1472 154 1500 τες
184 1459 216 1495 οἱ
244 1456 428 1508 σύμμαχοι
455 1457 506 1509 τῷ
542 1455 684 1505 Κίμωνι
716 1455 893 1504 διανεῖμαι
923 1451 1155 1506 προσέταξαν,

98 1519 117 1554 ὃ
137 1516 172 1554 δὲ
193 1515 300 1569 χωρὶς
321 1515 383 1566 μὲν
405 1513 549 1564 αὐτοὺς,
567 1513 675 1566 χωρὶς
695 1512 731 1551 δὲ
747 1512 805 1551 τὸν
825 1511 906 1565 περὶ
925 1515 995 1555 τοῖς
1015 1510 1156 1562 σώμασι

98 1574 228 1625 κόσμον
250 1575 363 1611 αὐτῶν
385 1572 519 1620 ἔθηκεν,
546 1574 697 1623 ᾐτιῶντο
716 1570 779 1618 τὴν
809 1569 979 1621 διανομὴν
1011 1572 1057 1613 ὡς
1079 1569 1156 1607 ἄνι-

98 1650 171 1673 σον.
192 1633 237 1673 Ὁ
265 1632 300 1671 δὲ
321 1635 389 1671 τῶν
411 1631 561 1684 μερίδων
581 1630 762 1669 ἐκέλευσεν
782 1629 906 1673 αὐτοὺς
926 1628 1064 1667 ἑλέσθαι
1092 1628 1155 1674 τὴν

97 1693 234 1746 ἑτέραν,
253 1692 295 1740 ἣν
315 1694 344 1730 δ’
359 1690 400 1729 ἂν
418 1692 541 1729 ἐκεῖνοι
557 1689 816 1738 καταλίπωσιν,
839 1687 1037 1740 ἀγαπήσειν
1054 1687 1156 1735 Ἀθη-

97 1753 221 1797 ναίους.
235 1750 432 1804 Ἡροφύτου
440 1750 475 1788 δὲ
486 1753 544 1788 τοῦ
554 1748 694 1799 Σαμίου
706 1747 1042 1799 συμβουλεύσαντος,
1054 1747 1158 1800 αἱρεῖ-

98 1815 178 1851 σθαι
197 1810 241 1849 τὰ
267 1812 415 1863 Περσῶν
441 1810 573 1860 μᾶλλον
600 1807 622 1854 ἢ
648 1808 810 1860 Πέρσας,
839 1807 897 1846 τὸν
929 1805 991 1857 μὲν
1025 1806 1156 1856 κόσμον

98 1871 196 1910 αὐτοὶ
224 1869 364 1919 ἔλαὸον,
384 1868 576 1916 Ἀθηναίοις
599 1867 635 1905 δὲ
655 1866 734 1911 τοὺς
758 1865 1003 1918 αἰχμαλώτους
1028 1865 1157 1902 ἀπέλι-

97 1946 174 1968 πον.
194 1924 308 1978 Quod
323 1942 447 1978 neque
462 1941 561 1977 nego
583 1940 709 1976 neque
731 1926 879 1963 affirmo
893 1955 903 1974 ,
925 1927 995 1962 etsi
1015 1937 1157 1961 nomen

97 1989 305 2038 Herophytl
321 1989 357 2023 in
376 1988 642 2036 Heropythum
659 1985 887 2021 mutandum
901 1997 978 2020 esse
1002 1995 1156 2032 persua·

99 2062 182 2086 sum
211 2055 277 2085 est.
305 2049 566 2083 Memorantur
589 2053 776 2095 praeterea*
802 2043 1052 2092 Heropytlzus,
1090 2044 1156 2090 qui

98 2108 270 2157 Ephesiis
280 2106 461 2142 libertatis
473 2112 607 2141 auctor
617 2103 781 2152 exstitit(
794 2104 939 2139 Arrian.
948 2104 1042 2151 Exp.
1054 2102 1111 2139 Al.
1122 2103 1155 2150 Ι,

100 2180 164 2214 17,
185 2167 247 2214 12)
264 2168 336 2215 3H.
347 2166 528 2202 Abderita
541 2177 602 2213 ap.
620 2165 846 2212 Hippocrat.
861 2175 901 2210 p.
923 2175 938 2197 1
951 2161 1036 2207 106,
1053 2161 1100 2206 G3
1119 2167 1156 2196 et

98 2229 150 2264 H.
162 2227 303 2262 archon
315 2225 548 2262 Atheniensis
559 2236 622 2272 ap.
635 2223 831 2259 Demosth.
845 2234 886 2270 p.
904 2220 992 2266 282,
1006 2233 1025 2266 7
1042 2227 1079 2255 et
1092 2217 1154 2257 25.

98 2286 213 2334 Apud
229 2286 449 2321 Athenaeum
468 2285 541 2329 XI,
563 2297 604 2332 p.
624 2281 700 2319 508
721 2295 767 2318 ex
782 2282 972 2329 Eurypylo
989 2279 1156 2327 quodam

98 2345 283 2380 nonnulla
307 2350 510 2380 narrantur
529 2342 577 2378 de
607 2343 788 2390 Euagone
807 2342 1157 2388 Lampsacenorum

98 2411 259 2452 tyranno
281 2403 340 2452 (v.
358 2402 605 2438 Democharis
619 2405 753 2449 fragm.
779 2407 874 2435 tom.
894 2399 953 2443 II,
970 2411 1012 2447 p.
1038 2398 1153 2445 447),

99 2463 233 2511 quaein
248 2461 463 2511 Heropythi
477 2472 634 2509 quoque
649 2459 860 2496 Annalibus
872 2458 946 2508 legi
965 2463 1155 2506 poterant.

524 2594 738 2610 —QWQ—

430 2711 786 2771 HICESIUS.

386 2840 509 2879 ΠΕΡι
538 2840 859 2879 ΜΥΣΤΗΡΙΩΝ.

155 2932 326 2970 Clemens
344 2931 453 2968 Alex.
475 2931 602 2968 Protr.
623 2943 657 2968 c.
687 2929 723 2967 5.
743 2943 785 2979 p.
813 2943 881 2980 19,
905 2929 954 2966 28
978 2943 987 2967 :
1011 2930 1155 2968 Σκυθῶν

103 2989 139 3028 δὲ
159 2991 191 3028 οἵ
219 2988 469 3039 Σαυρομάται,
489 2987 535 3031 ὥς
554 3003 659 3041 φησιν
680 2987 827 3032 Ἱκέσιος
845 2990 880 3027 ἐν
906 2990 956 3040 τῷ
979 2987 1068 3041 Περὶ
1089 3005 1154 3039 μυ-

103 3041 267 3100 στηρίων,
286 3047 453 3093 ἀκινάκην
473 3045 646 3086 σε’ὅουσιν.

155 3110 330 3147 Fortasse
343 3109 515 3144 Hicesius
531 3115 585 3144 est
598 3108 764 3144 Milesius
775 3136 785 3156 ,
805 3109 1040 3144 Milesiorum
1052 3109 1155 3157 lega-

104 3220 137 3252 id
152 3221 342 3261 postulante.
357 3222 438 3253 Nam
460 3228 562 3260 quum
580 3220 694 3252 Lacius
711 3220 843 3252 arbitrio
856 3220 926 3261 ejus
942 3220 1154 3261 permisisset,

105 3273 280 3305 farinamne
296 3273 384 3313 (sive
403 3272 616 3305 hordeaceam
641 3273 708 3305 sive
727 3273 910 3313 triticeam)
937 3274 1082 3314 accipere
1099 3282 1156 3314 pro

106 3326 206 3366 pretio
222 3325 280 3358 soli
294 3325 400 3364 vellet,
415 3333 456 3356 an
466 3326 673 3366 salsamenta3
689 3327 881 3358 salsamenta
891 3326 1044 3367 selegerat
1061 3326 1156 3366 Cyla-

106 3376 190 3408 bras.
208 3376 258 3408 Ob
271 3378 406 3417 eamque
426 3385 556 3408 causam
576 3378 745 3409 Phaselitae
770 3379 941 3419 quotannis
954 3378 1101 3419 cylabrae
1117 3378 1157 3410 ad

106 3428 192 3461 hunc
208 3437 308 3469 usque
325 3428 411 3461 diem
423 3427 614 3462 salsamenta
626 3430 778 3463 offerunt.

2198 206 2274 241 429

1222 286 1281 315 tus
1301 279 1351 315 ad
1369 280 1615 316 Ptolemaeum
1635 282 1954 329 Philometorem,
1981 282 2087 330 eujus
2105 278 2277 321 meminit

1220 338 1357 385 Polyb.
1380 338 1565 384 XXVIII,
1593 339 1638 375 16
1650 367 1660 384 ,
1681 337 1717 377 5.
1736 341 1984 388 Legationem
2003 343 2113 378 istam
2128 356 2276 380 sacram

1220 394 1333 431 fuisse
1350 407 1396 431 ex
1415 407 1462 432 eo
1481 398 1668 446 suspicor,
1692 398 1799 446 quod
1829 397 1965 434 eodem
1997 406 2167 448 tempore
2196 402 2276 437 aliae

1221 453 1304 490 duae
1323 455 1531 503 legationes
1549 467 1664 491 sacrae
1694 456 1741 492 ab
1770 456 2062 493 Atheniensibus
2087 460 2128 494 in
2156 460 2277 508 AEgy-

1219 519 1328 561 ptum
1355 514 1474 549 missae
1493 522 1602 560 sunt,
1627 512 1691 562 μία
1721 511 1784 563 μὲν
1804 510 1890 565 ὑπὲρ
1915 515 1982 551 τῶν
2007 516 2278 564 Παναθηναίων,

1219 564 1260 616 ἧς
1287 569 1510 623 προειστήκει
1542 571 1701 615 Καλλίας
1725 574 1743 609 ὁ
1764 571 2071 623 παγκρατιαστὴς,
2090 576 2112 619 ἡ
2133 575 2162 611 δ’
2186 574 2277 622 ἄλλη

1220 628 1318 680 περὶ
1339 629 1606 682 μυστηρίων,
1629 630 1714 683 ὑπὲρ
1733 624 1774 677 ἧς
1794 629 2034 681 Κλεόστρατος
2054 631 2203 670 ἐποιεῖτο
2219 632 2277 670 τὸν

1219 686 1470 737 χρηματισμὸν
1489 687 1549 725 καὶ
1567 686 1644 731 τοὺς
1662 687 1804 739 λόγους,
1829 689 1964 737 Polyb.
1987 690 2011 726 l.
2033 690 2059 725 l.
2085 691 2278 728 Hicesium

1218 746 1409 782 medicum
1433 747 1720 783 Erasistrateum
1740 747 1874 795 saepius
1904 746 2035 782 laudat
2061 749 2276 795 Athenaeus,

1219 805 1355 841 Strabo
1378 806 1472 851 XII,
1496 818 1536 854 p.
1559 804 1647 852 580,
1671 806 1816 843 Plinius
1841 806 1932 851 XX,
1951 803 1990 850 5,
2008 806 2120 852 XXI,
2143 808 2280 857 XXII,

1224 862 1292 909 16,
1309 864 1480 909 XXVII,
1512 868 1550 910 4,
1574 865 1651 900 alii.
1675 864 1783 901 Idem
1802 865 1864 900 vel
1887 864 1983 899 alius
2007 865 2063 899 De
2084 867 2280 901 conditura

1220 924 1301 957 vini
1318 922 1497 958 laudatur
1521 923 1626 968 XIV,
1653 935 1710 971 19.
1730 922 1815 959 XV.
1839 922 1945 958 Alios
1963 923 2135 958 Hicesios
2158 936 2194 961 v.
2215 936 2276 972 ap.

1223 981 1383 1018 Pausan.
1406 981 1464 1025 X,
1483 993 1532 1029 9,
1553 993 1595 1029 93
1617 981 1657 1016 in
1676 982 1952 1030 Corp.1nscrr.
1974 982 2013 1028 I,
2032 994 2073 1031 p.
2098 981 2194 1029 3285
2216 994 2276 1032 ap,

1216 1038 1407 1075 Andocid.
1424 1052 1464 1088 p.
1489 1052 1510 1075 2
1523 1066 1533 1085 ,
1551 1038 1613 1082 43.

1645 1137 1857 1152 Μ.-

1272 1199 1399 1235 anno
1419 1198 1575 1246 quidam
1594 1198 1778 1248 Ephesius
1797 1200 1876 1236 sive
1898 1199 2180 1237 Alexandrinus
2195 1214 2275 1238 me-

1217 1264 1391 1293 moratur
1407 1258 1447 1293 in
1471 1258 1690 1307 Phlegontis
1717 1258 1853 1308 fragm.
1885 1259 1948 1296 32.
1971 1260 2058 1296 vid.
2084 1267 2175 1298 tom.
2196 1262 2276 1310 111,

1216 1328 1258 1365 p.
1278 1315 1371 1353 613.

1646 1431 1866 1447 4000——

1535 1518 1966 1578 HIEROCLES.

1271 1636 1469 1672 Hierocles
1483 1636 1521 1671 in
1531 1636 1639 1672 libris
1650 1638 1715 1685 qui
1727 1634 1937 1688 Φιλίστορες
1951 1637 2274 1685 inscribebantur,

1217 1695 1407 1733 mirabilia
1426 1708 1509 1743 quae
1531 1696 1636 1745 apud
1661 1697 1877 1732 remotioris
1895 1697 1989 1733 Asiae
2007 1699 2172 1745 populos
2198 1706 2279 1736 tum

1218 1755 1298 1803 ipse
1323 1754 1480 1801 viderit,
1495 1761 1576 1790 tum
1592 1755 1694 1803 apud
1710 1756 1914 1804 scriptores
1932 1757 2051 1792 relata
2069 1758 2274 1804 repererit,

1219 1814 1448 1862 congessisse
1462 1814 1628 1850 videtur.
1643 1816 1885 1863 Fragmenta,
1901 1828 1983 1863 quae
1996 1815 2141 1851 disertis
2151 1817 2277 1854 verbis

1216 1872 1306 1908 huic
1319 1873 1427 1921 operi
1438 1873 1695 1918 vindicantur,
1708 1875 1833 1911 omnia
1844 1875 2036 1923 pertinent
2045 1874 2093 1910 ad
2107 1874 2272 1921 Indiam,

1219 1943 1334 1979 quam
1350 1943 1570 1980 peragrasse
1584 1945 1623 1968 se
1640 1941 1776 1968 auctor
1784 1933 1919 1980 jactat.
1937 1933 2124 1969 Strabone
2139 1933 2276 1980 junio-

1217 2001 1298 2025 rem
1317 2001 1395 2025 esse
1418 1997 1525 2038 patet
1544 2002 1591 2026 ex
1610 1990 1744 2039 fragm.
1769 2004 1805 2028 2.
1827 1993 2000 2027 Fortasse
2021 1992 2069 2027 ad
2090 1992 2275 2042 Stephani

1218 2055 1363 2086 aetatem
1378 2049 1537 2097 propius
1552 2051 1722 2085 accessit.
1736 2050 2034 2099 Distinguendus
2048 2050 2095 2086 ab
2117 2063 2162 2089 eo
2172 2052 2277 2088 haud

1219 2107 1335 2148 dubie
1355 2109 1572 2155 Hierocles,
1594 2109 1745 2144 celeber
1770 2109 2024 2157 philosophus
2043 2110 2205 2157 stoicus,
2229 2123 2276 2146 ex

1219 2165 1325 2213 cujus
1354 2167 1461 2202 libris
1491 2174 1670 2216 excerpta
1699 2165 1870 2215 praebent
1890 2168 2047 2205 Photius
2069 2168 2156 2203 cod.
2181 2174 2272 2212 2¹4·

1219 2223 1291 2261 251
1303 2253 1311 2260 .
1333 2225 1397 2273 39.
1422 2230 1518 2271 242;
1537 2226 1709 2262 Stobaeus
1726 2227 1762 2263 in
1784 2226 2011 2274 Florilegi03
2033 2226 2174 2264 Gellius
2192 2228 2249 2263 IX
2263 2255 2273 2273 ‚

1220 2283 1264 2329 5,
1287 2284 1323 2322 8.
1346 2286 1472 2332 Etym.
1502 2286 1554 2322 M.
1579 2292 1616 2321 et
1633 2285 1767 2321 Suidas
1790 2297 1829 2320 v.
1853 2282 2034 2333 ἐμποδών,
2061 2286 2215 2324 Photius
2240 2294 2278 2323 et

1218 2344 1351 2380 Suidas
1373 2357 1411 2381 V.
1439 2342 1552 2394 λέσχη
1571 2352 1608 2381 et
1631 2342 1817 2393 τέμνουσι;
1839 2344 1974 2381 Suidas
1990 2358 2026 2382 v,
2045 2343 2274 2395 διαλέγοιντο.

1218 2400 1318 2440 διότι.
1341 2403 1560 2451 Apostolius
1578 2404 1688 2449 VIII,
1714 2398 1777 2439 2ὸ.
1805 2404 1884 2448 XI,
1912 2416 1974 2452 90.
1997 2404 2273 2452 Theophylact.

1217 2462 1291 2508 Qu.
1312 2463 1380 2497 Ph.
1396 2475 1436 2510 p.
1455 2475 1520 2500 22.
1539 2462 1595 2499 Cf.
1614 2463 1745 2511 Steph.
1764 2463 1852 2510 Byz.
1869 2475 1906 2498 v.
1924 2460 2210 2513 Ὑλλάριμα.“-
2220 2466 2276 2500 De

1217 2522 1385 2557 Ht‘erocle
1400 2522 1663 2557 Alabandensi
1683 2534 1721 2557 v,
1753 2521 1890 2559 Cicero
1910 2522 1950 2559 in
1975 2523 2091 2557 Bruto
2109 2535 2143 2558 c.
2164 2521 2213 2570 95
2240 2531 2277 2559 et

1217 2579 1354 2616 Strabo
1370 2581 1474 2626 XIV,
1490 2593 1530 2629 p.
1553 2580 1644 2616 661.
1662 2601 1717 2608 —
1731 2581 1912 2616 Hieroclis
1931 2581 2065 2616 medici
2079 2582 2277 2629 saepissime

1215 2640 1360 2675 mentio
1377 2637 1420 2674 fit
1434 2640 1473 2674 in
1486 2640 1718 2687 Hippiatric.
1735 2645 1772 2675 et
1788 2639 1828 2677 in
1842 2639 2014 2688 Geopon.
2031 2640 2134 2686 XVl,
2152 2653 2190 2689 9.
2212 2653 2272 2679 10.

1221 2710 1280 2734 11.
1311 2699 1422 2734 Mitto
1442 2700 1648 2734 Ht‘etvclem
1670 2695 1898 2746 Συνεκδήμου
1917 2706 2133 2744 auctorem,
2156 2712 2269 2747 quem

1216 2756 1409 2804 Stephano
1422 2756 1616 2803 juniorem
1636 2755 1801 2803 ideoque
1825 2768 1848 2792 a
1864 2754 2088 2807 Φιλιστόρων
2115 2765 2273 2793 auctore

1218 2813 1407 2850 diversum
1417 2827 1495 2850 esse
1505 2814 1778 2850 demonstravit
1786 2815 2007 2864 Wesseling.
2019 2816 2148 2852 Itiner.
2158 2817 2270 2851 Rom.

1215 2885 1258 2921 p.
1289 2872 1364 2908 623
1398 2872 1478 2923 (vel
1503 2873 1544 2908 in
1572 2873 1807 2911 constantin.
1838 2873 2024 2922 Porphyr.
2055 2873 2115 2911 ed.
2146 2876 2267 2910 Bonn.

1218 2939 1298 2967 tom
1321 2933 1392 2979 ΙΙΙ,
1412 2944 1453 2979 p.
1477 2931 1550 2967 382
1567 2928 1591 2982 ).
1610 2933 1859 2968 ——Hierocles
1867 2941 1991 2981 poeta,
2018 2945 2132 2980 quem
2145 2934 2275 2970 laudat

1216 2991 1333 3026 schol.
1356 2990 1548 3026 Theocrit.
1571 2991 1611 3034 I,
1633 2989 1681 3026 56
1694 3018 1704 3036 ‚
1722 2992 1844 3027 errori
1865 2991 1997 3029 deberi
2012 2991 2178 3028 videtur.
2203 2992 2274 3030 So-

1215 3049 1365 3098 phoclis
1376 3061 1517 3084 nomen
1525 3050 1661 3097 reponi
1671 3049 1753 3085 vult
1763 3050 1945 3099 Toupius.
1957 3050 2038 3086 Alia
2047 3062 2084 3087 v,
2093 3050 2132 3084 in
2143 3051 2271 3100 Steph.

1216 3109 1324 3144 Thes.
1344 3120 1381 3143 v.
1400 3105 1590 3157 Ἱεροκλῆς.

1554 3255 1623 3294 DE
1646 3255 1936 3295 MYSTERIIS.

1259 3340 1346 3372 Inter
1359 3340 1494 3381 Scythas
1511 3342 1711 3373 sauromatae
1723 3365 1732 3380 ‚
1755 3341 1793 3372 ut
1818 3341 1963 3374 Hicesius
1980 3341 2014 3373 in
2040 3340 2122 3373 libro
2137 3342 2184 3373 De
2197 3348 2268 3380 my-

1218 3393 1322 3425 steriis
1339 3393 1464 3433 narrat,
1481 3393 1634 3426 acinacen
1647 3394 1850 3426 venerantur.
