2372 3704
91 3339 95 3357 l

566 211 766 282 cosMAE‚
798 223 1046 264 cummis
1075 199 1777 264 ATHEMENSIS'FRAGMENTA.

97 309 310 362 Αἷγαίωνος,
334 307 416 359 (τὸν
449 307 553 346 αὖτὸν
583 306 644 345 καὶ
673 304 851 359 Βριάρεων
871 305 1027 356 καλῶν)
1050 305 1140 356 Περὶ

97 370 132 409 δὲ
161 372 223 416 τῆς
254 367 409 414 κλήσεως
441 369 502 404 τοῦ
535 364 684 416 Αἰγαίου
715 363 886 415 πελάγους
913 365 955 401 ἐν
985 362 1059 414 μὲν
1084 364 1140 415 τῷ

95 427 226 480 τρίτῳ
246 428 303 479 τῷ
325 424 432 478 Περὶ
460 427 538 471 τῆς
566 423 789 471 Νησιάδος
810 421 914 475 φησὶν
935 423 970 460 ἓν
986 421 1139 465 τούτοις·

97 505 112 520 σι
125 486 179 526 Τὸ
195 485 340 537 Αἰγαῖον
355 484 506 535 πέλαγος
521 484 552 521 οἳ
571 481 634 533 μὲν
651 480 721 520 ἀπὸ
737 484 798 529 τῆς
819 480 1019 533 Περκανίας
1036 479 1142 531 Αἰγὸς

97 544 279 595 ἐπώνυμον
299 542 475 595 γεγονέναι
494 541 618 591 φασίν
636 542 666 579 οἱ
689 539 722 579 δὲ
737 570 747 588 ,
768 538 837 578 ἀπὸ
857 542 918 586 τῆς
941 538 1142 591 Καρυστίας

95 607 157 651 τῆς
178 603 328 656 Αἷγαίης
354 601 626 652 ὀνομαζομένης.
649 603 695 641 Αἱ
723 599 785 652 μὲν
811 598 878 653 γὰρ
898 599 1027 651 Αἰγαὶ,
1049 599 1141 638 ἔνθεν

96 662 154 702 τὸν
177 663 382 703 Ποσειδῶνα
403 660 657 714 παραγίνεσθαι
673 659 781 713 φασὶ,
801 658 893 697 κατὰ
914 658 1140 706 Πελοπόννη-

97 737 156 760 σον
179 721 278 769 εἰσὶν,
303 723 337 760 ἓν
369 721 438 765 τοῖς
467 719 546 773 περὶ
574 718 709 772 Κρίσαν
736 718 853 762 τόποις
887 718 945 769 (ἓν
977 720 1026 771 τῷ
1051 716 1143 756 κατὰ

98 782 130 820 Κ
135 780 233 834 ρίσαν
252 779 406 832 κόλπῳ).
427 797 444 813 υ

151 838 293 892 Ἤρίον
315 838 436 890 Αἷγ.]
451 836 658 885 Ῥυνδακὸς,
675 834 834 887 ποταμὸς
849 835 1010 888 Φρυγίας
1023 865 1034 885 ‚
1052 838 1069 874 ὃ
1086 838 1144 873 νῦν

97 897 271 949 Μέγιστος
283 927 294 946 ,
310 897 395 950 πρὸς
409 892 438 950 ᾧ
458 895 549 935 κατὰ
565 895 627 943 τὴν
642 895 754 940 ἔξοδον
773 894 833 933 καὶ
848 894 1040 946 Αἶγαίωνός
1055 909 1144 938 τινος

96 956 210 1008 ἥρωος
229 958 352 995 Μυσοῦ
373 955 504 1008 τάφος,
525 957 643 994 schol.
671 957 698 994 l.
725 955 754 994 l.
782 956 820 992 Si
841 963 944 991 recte
968 955 1087 991 verba
1107 967 1145 991 se

96 1017 261 1063 habent,
283 1017 305 1062 ἡ
323 1014 462 1061 Νησιάς
478 1028 556 1053 esse
573 1015 687 1052 debet
703 1014 881 1052 Cononis.
911 1014 1060 1053 Reines.
1082 1026 1143 1063 ap.

98 1075 204 1113 Suid.
235 1087 272 1111 v.
303 1075 424 1124 Σῆμος
443 1074 506 1111 ed.
534 1074 672 1111 Bernhv.
699 1086 841 1110 nomen
860 1074 1025 1109 auctoris
1039 1074 1144 1109 exci-

98 1134 193 1171 disse
209 1142 349 1180 censet,
370 1146 507 1183 nempe
520 1134 636 1178 Semi,
658 1131 763 1180 cujus
778 1130 942 1177 Νησιάδα
960 1145 1039 1168 uno
1056 1132 1144 1168 loco

98 1192 227 1229 laudat
240 1193 441 1229 Athenaeus
452 1194 521 1238 ΙΙΙ,
532 1205 572 1241 p.
593 1205 608 1228 1
617 1191 681 1240 23,
695 1193 741 1228 D.
757 1193 806 1227 At
816 1190 1070 1239 probabiliter
1082 1202 1144 1239 ap.

99 1252 234 1288 Athen.
255 1250 520 1300 reponendum
537 1248 698 1295 Δηλιάδα
712 1277 722 1294 ,
746 1248 851 1296 cujus
869 1248 1067 1298 saepissime
1083 1249 1146 1283 ille

97 1311 283 1348 meminit.

514 1437 730 1453 —w

419 1558 803 1619 .COSMES.

453 1684 787 1723 ΑΙΓΥΠΤΙΑΚΑ.

413 1786 444 1821 Ε
472 1785 625 1822 LIBRO
654 1785 827 1822 PRIMO.

152 1879 280 1917 Schol.
304 1878 431 1927 Apoll.
450 1878 525 1917 Rh.
540 1879 606 1923 IV,
627 1877 702 1913 262
722 1889 730 1914 t
753 1874 900 1925 Κόσμης
919 1873 955 1912 δὲ
972 1875 1006 1912 ἐν
1022 1873 1147 1927 πρώτῃ

100 1937 352 1987 Αἰγυπτιακῶν
372 1935 432 1973 καὶ
452 1935 551 1974 Λέων
643 1933 703 1972 καὶ
725 1936 891 1977 Κνωσσος
913 1935 957 1983 (l.
979 1932 1147 1983 Εὔδοξος)

100 1996 136 2032 ἓν
154 1993 186 2032 α’
204 1993 531 2046 Γεωγραφουμένων
545 1996 605 2039 τῆς
618 1991 734 2036 Ἀσίας
743 1991 883 2030 πάντων
898 1991 1149 2044 ἀρχαιοτάτους

102 2052 316 2104 Αἰγυπτίους
336 2052 442 2105 φασί·
464 2052 523 2090 καὶ
545 2053 579 2089 ἐν
608 2051 779 2103 Αἰγύπτῳ
799 2050 941 2101 πρώτην
969 2054 1150 2096 κτισθῆναι

101 2112 202 2150 πόλιν
240 2111 379 2157 Θήὸας.
413 2114 561 2149 Nomen
593 2112 760 2147 auctoris
788 2110 944 2148 fortasse
974 2111 1150 2147 mendam

103 2172 230 2209 traxit.
257 2172 322 2208 Sin
347 2172 553 2220 genuinum
578 2178 654 2216 est,
677 2170 920 2206 scribendum
952 2177 1053 2206 certe
1080 2170 1149 2206 Κο-

102 2231 241 2277 σμῆςβ.
265 2231 424 2278 Κοσμᾶς.

106 2632 265 2672 AEgaeonis
285 2632 402 2672 (quem
421 2630 559 2663 eundem
575 2631 672 2663 etiam
696 2631 861 2663 Briareum
879 2632 1033 2672 appellat)
1051 2632 1150 2672 sepul·

105 2684 233 2715 chrum.
245 2683 340 2721 Quod
350 2692 428 2715 vero
441 2683 691 2715 dominationem
709 2683 806 2714 maris
821 2684 917 2723 AEgaei
930 2684 1056 2721 attinet,
1066 2684 1150 2716 idem

106 2735 190 2768 libro
203 2744 221 2768 e
237 2735 333 2767 tertio
350 2737 396 2767 De
412 2735 523 2767 insulis
539 2735 615 2766 dicit
632 2735 699 2766 haec
715 2747 722 2766 :
742 2747 759 2763 «ι
778 2738 920 2775 AEgaeum
938 2744 1025 2766 mare
1043 2736 1094 2767 alii
1111 2736 1152 2767 ab

109 2790 186 2828 AEge
198 2788 363 2826 Percania‚
379 2787 432 2819 alii
448 2796 467 2819 a
483 2788 627 2829 Carystia
641 2789 759 2828 AEgaea,
773 2797 871 2829 quam
890 2790 1018 2828 vocant,
1033 2797 1152 2820 nomen

107 2840 223 2872 habere
238 2839 341 2871 aiunt.
359 2842 439 2872 Nam
454 2841 558 2879 AEgae,
574 2839 657 2871 unde
671 2841 853 2879 Neptunum
877 2840 1002 2872 venisse
1018 2840 1130 2872 dicunt
1141 2865 1150 2880 ,

106 2891 140 2923 in
163 2892 380 2932 Peloponneso
396 2892 471 2923 sunt
487 2900 505 2923 e
521 2890 647 2931 regione
664 2890 791 2923 Crissae.
809 2904 824 2918 »

316 2973 384 3013 DE
412 2972 578 3012 REBUS
605 2971 891 3011 AEGYPTIACI
899 2973 938 3013 S.

149 3057 320 3087 Cosmesin
331 3057 433 3096 primo
447 3058 492 3087 De
503 3056 599 3088 rebus
612 3056 804 3096 AEgyptiacis
817 3058 848 3087 et
860 3058 943 3088 Leon
957 3058 989 3088 et
1002 3056 1153 3088 Eudoxus

110 3104 142 3137 in
159 3106 260 3146 primo
273 3107 564 3147 Geographicorum
578 3109 660 3139 Asiae
673 3108 834 3148 AEgy1›ti0s
845 3109 989 3139 omnium
1001 3109 1154 3148 antiquis-

110 3159 205 3190 simos
217 3168 303 3200 esse,
317 3168 356 3191 ac
372 3160 507 3200 primam
522 3159 554 3191 in
567 3161 704 3201 AEgypto
721 3160 833 3192 urbem
848 3159 973 3192 Thebas
986 3169 1053 3192 esse
1075 3169 1153 3192 con-

109 3209 221 3241 ditam.

218 3285 284 3324 DE
312 3285 609 3326 SACRIFICIIS
638 3288 1047 3327 ATHENIENSIUM.

618 3369 651 3403 1.

157 3433 268 3467 crates
287 3434 483 3468 Atheniensis
505 3434 538 3467 in
564 3435 645 3467 libro
665 3438 711 3468 De
734 3435 898 3469 sacrificiis
915 3436 1156 3469 Atheniensium

273 3513 460 3538 mmmmm
483 3514 561 3538 nlsT.
581 3515 637 3538 GR.
661 3523 695 3529 —
716 3512 840 3538 VOLAV.

2178 234 2252 269 369

1311 317 1595 406 CRATES
1634 347 2138 408 ATHENIENSIS.

1354 480 1478 518 ΠΕΡΙ
1507 479 1609 519 ΤΩΝ
1638 480 1864 520 ΑΤΗΝΗΣῙ
1891 481 2096 522 ΘΥΣῙΩΝ.

1715 591 1750 617 1.

1259 658 1394 695 Suidas
1406 671 1444 696 v,
1457 655 1666 708 Εἷρεσιώνη,
1678 666 1714 694 et
1723 658 1813 694 hine
1825 659 1942 695 schol.
1955 659 2040 697 Ald.
2057 661 2249 711 Aristoph.

1205 718 1275 765 Eq.
1302 730 1448 766 729,p.
1476 722 1551 760 410
1576 717 1635 753 ed.
1656 717 1798 765 Did0t‚
1822 717 1869 753 de
1884 715 2062 767 εἰρεσιώνη
2081 730 2089 753 :
2112 716 2253 767 Κράτης

1205 774 1240 812 δὲ
1258 777 1275 812 ὃ
1292 774 1467 822 Ἀθηναῖος
1485 776 1518 813 ἐν
1535 776 1584 827 τῷ
1600 773 1686 827 Περὶ
1699 776 1767 812 τῶν
1782 773 1944 821 Ἀθήνησι
1958 777 2095 822 θυσιῶν,
2111 774 2255 827 ἀφορίας

1205 833 1289 873 ποτὲ
1315 833 1560 886 κατασχούσης
1578 832 1641 880 τὴν
1665 833 1786 880 πόλιν,
1811 833 1937 871 θαλλόν
1968 849 2053 886 φησι
2084 834 2255 872 καταστέ-

1205 895 1338 946 ψαντας
1358 892 1459 946 ἐρίοις
1486 892 1665 945 ἱκετηρίαν
1687 894 1864 930 ἀναθεῖναι
1886 894 1936 945 τῷ
1956 892 2161 931 Ἀπόλλωνι.

1716 994 1752 1020 2.

1262 1067 1396 1104 Suidas
1408 1079 1445 1104 v,
1464 1063 1631 1111 Κυνήειος
1642 1074 1680 1103 et
1690 1067 1846 1102 Photius
1861 1077 1896 1103 v.
1918 1064 2065 1110 Κύνειος
2085 1080 2092 1102 ;
2111 1065 2254 1119 Κράτης

1219 1126 1252 1162 ἐν
1282 1127 1331 1177 τῷ
1353 1123 1442 1175 Περὶ
1462 1126 1530 1161 τῶν
1557 1123 1722 1171 Ἀθήνησι
1743 1125 1868 1162 θυσιῶν
1889 1122 1978 1162 οὕτω
1998 1124 2144 1177 γράφει·
2169 1142 2184 1158 ει
2205 1124 2258 1163 Τὸ

1209 1182 1244 1220 δὲ
1269 1183 1430 1222 Κύννειόν
1452 1183 1525 1220 ἐστι
1543 1183 1757 1226 Ἀπόλλωνος
1776 1182 1866 1234 ἱερὸν
1893 1183 2080 1222 Κυννείου·
2107 1182 2255 1236 [ἀναλίο

1210 1257 1331 1279 σκεται
1348 1241 1383 1280 δὲ
1404 1242 1449 1285 εἷς
1465 1240 1526 1284 τὰς
1545 1241 1664 1284 θυσίας
1680 1241 1741 1285 τὰς
1760 1245 1818 1280 τοῦ
1835 1241 2053 1285 ’Λπόλλωνος
2079 1246 2138 1280 τοῦ
2167 1244 2257 1281 Κυν-

1210 1300 1324 1351 νείου]
1343 1302 1383 1338 τὸ
1404 1300 1443 1338 ἐκ
1461 1303 1521 1338 τοῦ
1540 1300 1691 1338 θυννείου
1716 1301 1908 1351 γινόμενον.
1929 1302 2042 1339 Τοῦτο
2062 1300 2098 1338 δέ
2118 1302 2192 1339 ἐστι
2216 1300 2255 1338 τὸ

1210 1362 1357 1397 θυννεῐον
1378 1357 1518 1406 Ἁλῆσι,
1532 1358 1592 1396 καὶ
1610 1358 1742 1409 γίνεται
1759 1358 1926 1412 πρόσοδος
1942 1359 2093 1409 μεγάλη.
2110 1359 2255 1406 Ταύτην

1209 1420 1230 1464 ἡ
1247 1417 1347 1461 πόλις
1365 1419 1412 1461 εἷς
1430 1416 1550 1454 θυσίαν
1567 1417 1802 1470 καταχωρίζει
1822 1419 1872 1470 τῷ
1890 1418 2085 1456 Ἀπόλλωνι
2104 1420 2154 1472 τῷ
2172 1421 2260 1458 Κυν·

1208 1476 1287 1529 νείῳ
1307 1476 1449 1526 Ἁλῆσι,
1467 1469 1506 1514 οἷ
1523 1475 1725 1529 Δημήτριος
1744 1480 1762 1514 ὁ
1782 1476 1958 1529 βασιλεύς.
1980 1495 1996 1511 2,

1268 1533 1456 1586 Κύννειόν]
1474 1534 1631 1581 κυνήειον
1657 1538 1766 1574 phot.
1788 1544 1825 1573 et
1845 1538 1951 1581 Suid.
1979 1559 2031 1565 —
2061 1535 2257 1582 Κυννείου]

1209 1597 1262 1632 sic
1280 1595 1320 1634 h.
1341 1595 1369 1632 l.
1391 1595 1526 1640 Phot.;
1549 1593 1707 1640 κυνηείου
1728 1596 1833 1631 Suid.
1861 1597 1979 1632 Uncis
1997 1597 2140 1632 inclusa
2168 1609 2260 1644 sup-

1208 1655 1327 1703 plevit
1352 1654 1602 1691 hermannus.
1621 1675 1673 1681 —-
1694 1651 1834 1700 Ἁλῆσι]
1864 1653 1986 1699 ἀλήσει
2007 1654 2094 1691 cod.
2125 1655 2257 1699 Phot.;

1211 1713 1329 1759 ἀλῆισι
1349 1720 1566 1758 corrector3
1583 1710 1726 1757 ἀλήσιον
1744 1714 1849 1751 Suid.
1866 1735 1917 1741 —
1932 1711 2068 1760 Ἁλῆσι,
2083 1706 2147 1764 οἷ]
2165 1711 2262 1758 Ἀλη-

1210 1769 1284 1808 σίο”υ
1316 1771 1428 1809 codd.
1452 1771 1562 1808 Phot.
1590 1779 1628 1807 et
1657 1772 1777 1817 Suid.,
1808 1770 1951 1817 ἀλήσιον
1982 1772 2075 1809 edit.
2104 1772 2259 1809 Mediol.

1210 1831 1393 1866 Demetrii
1408 1837 1571 1866 statuam
1583 1831 1865 1879 intelligendam
1883 1843 1960 1867 esse
1977 1839 2130 1867 censent
2141 1834 2257 1867 Hem-

1209 1890 1415 1925 sterhusius
1423 1897 1459 1925 et
1468 1891 1715 1926 Hermannus.
1726 1890 1899 1926 Ceterum
1908 1890 1954 1927 cf.
1965 1891 2129 1927 Socratis
2137 1890 2184 1925 fr.
2202 1903 2213 1925 1
2224 1891 2259 1926 6.

1719 1981 1755 2019 3.

1266 2059 1521 2106 Harpocratio
1538 2069 1546 2095 :
1562 2058 1595 2095 Π
1608 2055 1838 2108 ροκώνια...
1855 2055 2004 2105 Δίδυμος
2015 2055 2049 2093 δὲ
2062 2055 2259 2106 προκώνια,

1211 2114 1318 2166 φησὶ,
1357 2114 1459 2166 πυροὶ
1499 2113 1613 2164 μέλιτι
1655 2114 1896 2166 κεχρισμένον
1940 2113 2185 2168 Ἀριστοφάνης
2221 2112 2258 2151 δὲ

1214 2175 1231 2210 ὁ
1252 2172 1496 2225 γραμματικὸς
1528 2172 1587 2210 καὶ
1620 2173 1761 2224 Κράτης
1787 2172 1832 2211 τὰ
1852 2173 1885 2217 ἐξ
1919 2172 2103 2226 ἀφρύκτων
2134 2174 2260 2224 κριθῶν

1214 2229 1323 2273 οὕτως
1346 2230 1451 2280 φασὶν
1479 2231 1727 2281 ὀνομάζεσθαι·
1749 2230 1838 2269 ἔοικε
1860 2230 1895 2269 δὲ
1917 2231 1975 2269 καὶ
1995 2233 2034 2269 ἐκ
2061 2233 2179 2282 πυρῶν
2201 2230 2261 2269 καὶ

1212 2291 1252 2327 ἐκ
1271 2292 1396 2342 κριθῶν
1414 2291 1592 2342 γίνεσθαι,
1611 2292 1656 2333 ὡς
1676 2289 1907 2337 Ἀντικλείδης
1926 2292 1961 2328 ἐν
1984 2292 2053 2334 τοῖς
2072 2289 2259 2339 Ἐξηγητι-

1212 2351 1284 2391 κοῒς
1300 2348 1545 2398 ὑποσημαίνει.
1562 2347 1693 2396 Δήμων
1712 2349 1749 2387 δέ
1769 2365 1872 2401 φησιν
1888 2351 1922 2387 ἐν
1937 2351 1986 2400 τῷ
2008 2348 2096 2401 Περὶ
2117 2351 2261 2386 θυσιῶν·

1215 2424 1229 2440 «
1245 2406 1318 2446 Καὶ
1332 2406 1509 2459 προκώνιά
1525 2408 1599 2445 ἐστι
1612 2407 1765 2460 κάγχζρος
1778 2408 1922 2460 (κάχρυς
1933 2410 2044 2445 Phot.
2062 2417 2098 2445 et
2112 2408 2260 2458 Suidas)

1212 2465 1460 2518 κατηριγμένοι
1491 2465 1580 2516 μετὰ
1610 2466 1820 2518 ἀρωμάτων.
1853 2486 1867 2502 »
1906 2471 1991 2504 Haec
2025 2469 2072 2504 ad
2100 2468 2264 2504 eundem

1213 2525 1400 2561 Cratetem
1418 2525 1557 2564 refero.
1577 2526 1720 2562 Eadem
1739 2527 1872 2563 Suidas
1889 2534 1925 2563 et
1943 2527 2121 2562 Photiusv

1211 2633 1329 2672 tradit,
1349 2643 1449 2674 quum
1473 2634 1639 2666 sterilitate
1658 2635 1831 2676 aliquando
1853 2636 1930 2667 urbs
1948 2617 2157 2675 premeretur,
2178 2636 2264 2667 cives

1213 2695 1339 2718 ramum
1353 2688 1426 2719 lana
1450 2688 1641 2720 obvolutum
1653 2689 1917 2729 supplicatorium
1932 2689 2093 2721 dedicasse
2110 2689 2259 2730 Apollini.

1253 2803 1361 2834 Crates
1381 2804 1412 2834 in
1439 2803 1520 2835 libro
1543 2806 1589 2835 De
1605 2803 1767 2835 sacrificiis
1784 2803 2024 2835 Atheniensium
2038 2803 2107 2835 haec
2123 2803 2232 2835 scribit
2252 2815 2259 2834 :

1214 2867 1227 2882 α
1241 2856 1408 2895 Cynneum
1420 2858 1466 2887 est
1477 2856 1631 2895 templum
1646 2855 1796 2896 Apollinis
1808 2856 1943 2895 Cynnei.
1958 2858 1992 2887 ln
2004 2856 2096 2896 cujus
2105 2864 2195 2886 sacra
2206 2855 2261 2886 im·

1213 2907 1395 2947 penduntur
1412 2907 1532 2939 reditus
1545 2907 1689 2947 thynnei.
1710 2907 1856 2946 Intelligo
1874 2912 1983 2939 autem
2005 2908 2183 2948 thynneum
2200 2908 2258 2939 Ha-

1212 2958 1330 2997 laense,
1343 2958 1426 2990 unde
1439 2967 1589 2998 magnum
1602 2959 1683 2990 redit
1695 2958 1839 2998 vectigal.
1853 2961 1921 2991 Hoc
1935 2959 2048 2991 civitas
2061 2959 2092 2990 in
2105 2958 2260 2990 sacrificia

1211 3011 1381 3050 assignavit
1407 3012 1540 3051 Apollini
1558 3013 1706 3051 Cynneo,
1731 3012 1821 3051 cujus
1842 3013 1997 3052 templum
2014 3012 2102 3045 Halis
2118 3013 2185 3050 est,
2206 3010 2260 3041 ubi

1214 3063 1393 3094 Demetrius
1410 3071 1465 3094 rex
1482 3063 1621 3103 (statua
1641 3066 1732 3095 Dem.
1754 3065 1873 3105 reqis).
1892 3077 1907 3091 υ
2199 3063 2201 3065 ’

1261 3180 1445 3216 procoma,
1472 3178 1629 3219 Didymus
1649 3179 1715 3219 ait,
1738 3179 1881 3211 triticum
1905 3181 1953 3211 est
1983 3179 2077 3210 melle
2099 3177 2257 3218 perlitum.

1214 3230 1438 3270 Aristophanes
1468 3231 1695 3270 grammaticus
1724 3233 1757 3262 et
1783 3233 1895 3263 Crates
1917 3231 2051 3262 farinam
2076 3230 2120 3260 ita
2151 3227 2258 3259 vocari

1213 3282 1303 3313 aiunt
1312 3291 1353 3313 ex
1370 3282 1487 3314 hordeo
1498 3291 1562 3314 non
1570 3284 1655 3314 tosto
1669 3283 1862 3315 confectum.
1877 3284 2016 3323 Apparet
2023 3283 2131 3313 autem
2142 3281 2256 3312 eatam

1215 3342 1255 3365 ex
1272 3333 1378 3365 tritico
1400 3343 1496 3374 quam
1510 3334 1629 3366 hordeo
1645 3335 1710 3366 fieri
1721 3357 1731 3373 ,
1746 3337 1782 3365 ut
1795 3343 1835 3366 ex
1852 3334 2010 3366 Anticlide
2027 3333 2058 3363 in
2083 3330 2257 3370 Exegeticis

1215 3384 1389 3424 intelligere
1399 3386 1459 3416 est.
1469 3387 1594 3417 Demon
1606 3394 1682 3417 vero
1696 3385 1727 3416 in
1741 3385 1821 3416 libro
1837 3387 1880 3416 De
1892 3383 2052 3416 sacrificiis
2065 3382 2108 3413 ait
2124 3391 2131 3412 ε
2148 3393 2163 3407 α
2179 3382 2255 3411 Pro·
2318 3415 2320 3417 ,

1217 3436 1308 3468 conia
1324 3435 1441 3468 dicitur
1455 3436 1610 3469 hordeum
1627 3436 1872 3475 decorticatum,
1886 3434 2036 3466 aromatis
2049 3431 2224 3464 conditum.
2237 3443 2252 3458 u

2042 3520 2076 3544 24
