2326 3724
111 241 185 274 202

101 324 171 360 τῶν
189 322 306 361 ἵππων
321 325 467 375 ἀγῶνες,
484 323 535 362 ἔτι
549 339 588 376 γε
603 324 672 374 μὴν
690 325 749 364 καὶ
764 328 786 372 ἡ
804 326 1022 377 παντόμιμος
1038 326 1144 379 ὄρχη-

103 396 171 424 σις·
188 383 226 419 οὐ
247 381 317 432 μὴν
333 382 422 420 ἀλλὰ
436 382 495 422 καὶ
511 382 743 436 παλαίστραις
763 385 1002 435 ἐναπεδυόμην
1013 401 1021 409 ·
1035 386 1095 423 καὶ
1112 387 1146 430 ἐς

100 444 262 479 τοσοῦτον
288 440 453 486 ἐξώκειλα
483 442 698 496 ἀφροσύνης,
730 445 777 486 ὡς
806 443 866 481 καὶ
898 443 955 482 τὸν
978 443 1144 497 φαινόλην

101 498 364 550 ἀποδύσασθαι,
378 500 683 539 συναποδύσασθαι
697 500 732 539 δὲ
745 502 839 554 αὐτῷ
851 501 911 540 καὶ
923 501 961 540 τὸ
973 502 1143 555 νουνεχὲς,

99 556 160 594 καὶ
188 557 275 596 ἄλλο
293 557 314 596 δ’
338 574 372 596 τι
401 560 433 602 ἐς
457 559 529 611 βίον
550 559 745 611 ἀγλάϊσμα.
772 559 875 599 Ἐπεὶ
894 559 930 599 δὲ
951 561 1145 614 Μαυρίκιος

99 614 139 652 τὸ
171 615 344 668 βασίλειον
374 617 559 665 διεδήσατο
581 618 723 671 κράτος,
747 622 848 657 τοῦτο
872 621 935 669 μὲν
965 620 1146 672 προμηθί-

99 689 210 713 στατα
239 674 329 728 ἔχων
358 677 390 720 ἐς
409 676 486 721 τοὺς
515 676 703 728 ἐπηκόους,
723 681 824 716 τοῦτο
850 677 885 715 δὲ
913 679 972 716 καὶ
993 680 1144 717 Μουσῶν

98 732 265 784 ἐραστὴς,
285 735 490 785 ποιημάτων
503 751 539 773 τε
557 736 615 774 καὶ
632 735 785 788 ἱστορίας
797 735 923 784 ἥδιστα
941 736 1085 785 ἐπαΐων,
1099 740 1144 781 ὡς

97 790 159 829 καὶ
177 791 217 830 τὸ
235 792 325 831 πολὺ
347 796 409 840 τῆς
428 794 548 838 νυκτὸς
574 794 677 847 μέρος
697 795 964 833 καταναλίσκειν
984 795 1064 847 περὶ
1082 795 1145 840 τὰς

97 850 258 895 τοιαύτας
274 852 473 905 φροντίδας,
488 853 547 890 καὶ
565 859 754 905 παρορμᾶν
772 855 923 892 ἐντεῦθεν
940 854 1000 892 καὶ
1016 853 1143 898 ὅξύνειν

96 910 166 952 τοῖς
184 908 345 961 χρήμασι
363 911 442 954 τοὺς
463 910 701 963 ἀμὸλυτέρους
723 910 782 949 τὸν
800 912 980 963 λογισμὸν,
1003 914 1143 964 ἀγαπη-

96 968 162 1010 τῶς
179 968 213 1004 ἓν
231 969 281 1021 τῷ
300 969 375 1006 τότε
395 968 504 1020 ἔγωγε
521 968 648 1017 ἀλύων,
663 969 722 1007 καὶ
739 970 1008 1022 δυσανασχετῶν
1026 973 1075 1023 τῷ
1094 970 1142 1021 μὴ

94 1023 140 1061 τὰ
160 1023 281 1063 δέοντα
301 1025 406 1077 ἔχειν,
425 1026 711 1078 ἀναλογιζόμενος
735 1021 776 1074 ἦν
803 1030 848 1071 ὡς
869 1030 906 1066 οὐ
926 1029 1039 1080 χρεὼν
1061 1030 1143 1068 ἀνό-

94 1082 183 1128 νητά
204 1099 247 1133 με
266 1086 480 1136 περινοστεῖν
496 1100 504 1108 ·
525 1087 572 1128 ὡς
592 1084 704 1123 τοίνυν
727 1085 776 1135 μὴ
798 1085 854 1123 διὰ
875 1087 1005 1130 παντὸς
1023 1103 1144 1138 κενεμ-

96 1139 254 1189 ὅατοίην,
268 1143 436 1195 ὡρμήθην
457 1143 516 1181 ἐπὶ
533 1143 635 1190 τήνδε
653 1143 717 1190 τὴν
734 1144 950 1198 συγγραφὴν,
972 1145 1142 1198 ἄρξασθαι

95 1198 192 1247 μετὰ
214 1199 277 1247 τὴν
299 1201 490 1239 ἀποὸίωσιν
521 1205 582 1240 τοῦ
612 1201 794 1254 Ἆγαθίου,
822 1203 883 1241 καὶ
909 1207 970 1250 τῆς
991 1205 1143 1258 ἱστορίας

92 1257 306 1303 ποιήσασθαι
325 1259 388 1306 τὴν
417 1259 544 1312 ἀρχήν.
572 1277 587 1294 υ
611 1263 656 1298 In
675 1265 877 1311 postremis
895 1265 1117 1314 Bernhardy
1129 1293 1140 1312 ,

93 1316 211 1363 ejecta
231 1331 321 1355 voc.
342 1318 527 1371 ἄρξασθαι,
542 1321 616 1370 leg.
632 1324 819 1370 proponit
836 1335 846 1360 :
923 1322 1138 1376 συγγραφὴν,

91 1374 150 1411 καὶ
166 1374 211 1412 τὰ
228 1375 318 1426 μετὰ
335 1376 398 1423 τὴν
413 1377 608 1416 ἀποὲίωσιν
625 1382 684 1416 τοῦ
706 1378 779 1430 Ἀγ.
799 1381 860 1426 τῆς
872 1380 1024 1432 ἱστορίας
1037 1380 1139 1427 ποιή·

91 1436 218 1471 σασθαι
237 1433 300 1481 τὴν
327 1435 453 1487 ἀρχήν.
474 1438 530 1477 Cf.
558 1438 732 1474 Eudocia
747 1452 787 1488 p.
813 1452 890 1488 299
909 1451 918 1477 Ζ
940 1439 1139 1491 Μένανδρος

90 1492 163 1543 Πρ.
182 1492 366 1543 ἱστορικός.
389 1493 551 1548 Ἔγραψε
571 1494 616 1532 τὰ
637 1494 726 1546 μετὰ
746 1496 808 1542 τὴν
830 1496 1020 1534 ἀποὸίωσιν
1041 1497 1139 1549 Ἀγα-

88 1549 161 1588 θίου
173 1566 181 1574 ·
196 1550 273 1598 ἤτοι
294 1553 453 1605 διάδοχος
469 1556 530 1601 τῆς
550 1553 681 1592 ἐκείνου
700 1554 867 1607 ἱστορίας.

590 1675 626 1700 2.

139 1762 231 1800 Exc.
249 1765 306 1800 De
316 1771 408 1803 sent.
419 1779 459 1814 p.
479 1765 553 1803 353
573 1769 718 1805 Mai
736 1767 798 1819 [οὐ
809 1769 972 1805 τοσοῦτον
987 1767 1038 1820 τῷ
1050 1767 1132 1819 τῆς]

86 1815 210 1863 λέξεως
230 1821 362 1871 εὐγενεῖ
379 1821 457 1860 ὅσον
474 1826 517 1875 τῇ
532 1826 600 1862 τῶν
620 1825 839 1878 πραγμάτοιν
860 1824 1035 1878 ἀφηγήσει
1048 1841 1135 1879 καρ-

85 1878 234 1914 ποῦσθαι
258 1879 452 1931 θαρρήσας·
473 1884 547 1926 πῶς
565 1882 632 1936 γὰρ
650 1878 757 1922 οἷόντε
778 1878 819 1931 ἦν
837 1883 899 1934 ἐμὲ
921 1885 954 1927 ἐς
972 1888 1133 1922 τοσοῦτον

85 1934 233 1986 ἀφῖχθαι
249 1938 428 1990 παιδείας,
447 1941 494 1983 ὥς
511 1941 572 1979 καὶ
588 1942 622 1986 ἐς
637 1941 678 1980 τὸ
698 1942 907 1995 συγγράφειν
925 1941 1033 1993 ἷέναι;
1052 1941 1136 1992 ἀμέ-

85 2007 205 2043 pipam<
230 1998 298 2048 γὰρ
326 1997 418 2035 ἐσότι
444 1999 524 2048 ἐμοί
545 2015 585 2051 γε
609 2002 628 2038 ὁ
662 2000 734 2052 βίος
762 2000 822 2038 καὶ
850 2000 1134 2052 ἐκδεδιῃτημένος

83 2053 255 2104 ὑπῆρχεν.
275 2057 365 2093 Haec
384 2059 475 2094 item
489 2072 534 2096 ex
550 2062 754 2110 prooemio.
772 2061 901 2097 Prima
915 2061 1033 2096 verba
1044 2073 1132 2108 sup-

83 2111 200 2159 plevit
218 2114 462 2156 Niebuhrius.

859 240 1039 279 MENAN
1049 239 1134 278 DRI
1163 239 1515 280 PROTECTORIS

1366 331 1402 368 3.
1426 329 1524 381 (558
1543 344 1583 380 p.
1607 331 1675 378 C.;
1694 335 1893 371 Justiniani
1909 348 1971 375 an.
1995 338 2086 390 32.)

1257 422 1349 458 Exc.
1370 425 1427 459 De
1445 424 1519 473 leg.
1554 426 1668 463 Rom.
1689 439 1731 475 p.
1768 427 1838 464 132
1867 429 1982 468 Pan:
2011 429 2097 470 “Ort
2126 433 2246 480 ἐπειδὴ

1205 479 1321 524 Μῆδοι
1343 482 1386 531 τῇ
1407 481 1639 534 περιμαχήτῳ
1655 485 1723 521 τῶν
1746 484 1896 537 Κόλχων
1921 486 2023 541 χώρᾳ
2047 494 2247 541 προσκαθε-

1205 536 1361 587 ζόμενοι,
1382 540 1427 582 ὡς
1449 538 1489 576 ἂν
1517 540 1732 587 ποιήσων-ταί
1747 559 1787 595 γε
1814 543 1920 592 αὐτὴν
1948 547 2136 599 κατήκοον,
2159 549 2248 600 μετὰ

1202 595 1350 640 πολλοὺς
1363 595 1461 642 ὅσους
1479 599 1633 649 ἀγῶνας,
1651 601 1777 653 χρόνου
1793 618 1830 641 τε
1849 608 1977 656 συχνοῦ
1991 605 2165 658 τριὸέντος
2185 609 2247 646 αὐ-

1202 655 1291 702 τοῖς,
1318 654 1415 693 οὐδέν
1436 671 1469 694 τι
1496 658 1690 711 περαιτέρω
1717 660 1867 712 ἔδρασαν
1883 678 1892 686 ·
1922 663 2012 701 ἀλλὰ
2034 664 2099 716 γὰρ
2131 665 2175 704 τά
2205 682 2242 706 τε

1202 712 1346 773 πλείονα
1365 715 1426 760 τῆς
1445 716 1599 762 Λαζικῆς
1613 716 1672 754 καὶ
1692 719 1709 755 ὃ
1730 720 1845 763 Φᾶσις
1866 724 1887 766 ἡ
1910 720 2008 766 πόλις
2020 752 2029 770 ,
2047 721 2126 762 ἔνθα
2145 722 2243 773 λέγε-

1202 786 1259 808 ται
1277 771 1419 809 εἶναιτὰ
1433 776 1491 810 τοῦ
1507 773 1637 820 Αἰήτου
1656 776 1833 827 βασίλεια,
1848 779 1943 817 οὐδὲν
1957 775 2058 827 ἧττον
2074 782 2139 820 ὑπὸ
2158 781 2247 822 Ῥω-

1205 828 1326 878 μαίους
1339 828 1527 882 ἐτύγχανον
1541 830 1623 870 ὄντα
1633 848 1642 856 ·
1658 833 1754 878 τέλος
1771 834 1807 872 δὲ
1824 835 1914 880 ἔδοξε
1930 836 2117 888 Ῥωμαίοις
2132 855 2170 878 τε
2183 840 2242 878 καὶ

1204 886 1377 939 Πέρσαις,
1391 882 1438 926 ὧν
1457 888 1519 939 μὲν
1534 891 1568 928 ἐν
1588 894 1722 944 κατοχῇ
1740 894 1908 946 ὑπῆρχον,
1927 894 1996 933 εἴτε
2013 897 2158 950 φρούρια
2175 897 2243 936 εἴτε

1203 947 1303 999 ἕτερα
1324 947 1432 1007 ἀλλα,
1452 947 1526 986 οὔτι
1546 953 1761 999 μεταθεῖναι,
1781 946 1869 990 εἶναι
1886 952 1921 990 δὲ
1945 955 1979 992 ἐν
1999 957 2047 1007 τῷ
2063 957 2158 1008 αὐτῷ
2177 955 2243 1007 με’-

1203 1020 1281 1057 χρις
1306 1008 1345 1043 οὓ
1365 1005 1623 1058 ἀσφαλέστερον
1643 1009 1892 1063 διευκρινηθείη
1909 1011 1954 1049 τὰ
1981 1016 2043 1060 τῆς
2062 1014 2239 1067 διαφορᾶς.

1202 1063 1276 1102 Καὶ
1293 1063 1404 1102 τοίνυν
1424 1063 1535 1102 ἐδόκει
1554 1066 1617 1103 οὐκ
1637 1065 1767 1116 ἄλλως,
1788 1069 1960 1120 ἐκεχειρία
1975 1069 2014 1108 τέ
2029 1087 2079 1115 τις
2095 1072 2244 1123 ἐγεγόνει

1202 1120 1281 1159 ὅσον
1307 1121 1404 1160 οὔπω
1424 1123 1638 1170 τελεωτάτης
1660 1125 1797 1177 εἰρήνης
1823 1125 1952 1182 ἔχουσα
1973 1129 2119 1180 ἐλπίδα,
2141 1130 2186 1168 τά
2204 1145 2241 1168 τε

1203 1179 1352 1231 μέγιστα
1377 1183 1446 1219 τῶν
1466 1182 1733 1233 πολιτευμάτων
1752 1185 1903 1236 ἡσυχίαν
1928 1180 2026 1237 ἦγον,
2059 1187 2160 1227 Ἐπεὶ
2184 1182 2242 1227 οἷν

1201 1243 1312 1277 ταῦτα
1332 1240 1413 1291 τῇδε
1429 1239 1552 1292 ἐχώρει
1572 1240 1632 1278 καὶ
1651 1240 1687 1279 οἵ
1703 1257 1742 1293 γε
1763 1242 1851 1295 ἀμφὶ
1867 1242 1925 1281 τὸν
1946 1245 2131 1297 Ζαὸεργὰν
2150 1241 2244 1285 03¹0-

1201 1314 1251 1336 νοι
1274 1298 1393 1351 πόρρω
1407 1314 1472 1337 που
1489 1302 1551 1346 τῆς
1566 1299 1756 1350 Ῥωμαίων
1777 1302 1999 1354 ἐπικρατείας
2019 1303 2245 1355 ἀπεληλαμέ-

1202 1372 1252 1394 νοι
1274 1356 1478 1409 ἐτύγχανον,
1501 1361 1693 1404 τηνικαῦτα
1714 1358 1954 1405 Ἰουστινιανὸς
1975 1363 2029 1414 (ἐν
2046 1364 2095 1415 νῷ
2111 1361 2178 1416 γὰρ
2196 1356 2243 1400 εἶ-

1200 1429 1275 1467 χεν,
1292 1417 1338 1458 ὡς
1354 1414 1551 1453 ἐλεύσονται
1567 1415 1627 1454 καὶ
1651 1410 1745 1461 αὖθις
1760 1419 1790 1455 οἱ
1811 1418 2037 1471 Κοτρίγουροι
2053 1419 2244 1472 δῃώσοντες

1200 1473 1243 1511 τὰ
1273 1473 1331 1511 ἐπὶ
1354 1474 1519 1527 Θράκης)
1549 1475 1743 1527 ἓγκείμενός
1773 1492 1809 1514 τε
1832 1471 1873 1524 ἦν
1905 1481 1955 1531 τῷ
1985 1479 2170 1532 Σανδίλχῳ
2191 1481 2241 1531 τῷ

1199 1535 1267 1570 τῶν
1290 1533 1511 1585 Οὐτιγούρων
1530 1534 1698 1586 ἡγεμόνι,
1718 1535 1804 1573 ἀνίει
1821 1551 1858 1574 τε
1872 1537 2033 1587 οὐδαμῶς
2049 1541 2239 1588 παραινῶν,

1199 1590 1388 1643 πρεσὸείας
1399 1607 1435 1630 τε
1451 1592 1580 1644 συχνὰς
1594 1593 1783 1644 ἐκπέμπων
1797 1594 1857 1633 καὶ
1872 1595 1994 1634 ἄλλοτε
2011 1596 2106 1648 ἄλλῳ
2123 1597 2240 1650 τρόπῳ

1199 1650 1418 1702 ἀνερεθίζων,
1439 1652 1484 1695 ὡς
1506 1650 1545 1689 ἂν
1567 1652 1787 1704 ἀμωσγέπως
1810 1654 2040 1706 ἐκπολεμώσῃ
2069 1670 2108 1706 γε
2137 1656 2240 1694 αὐτὸν

1198 1711 1244 1753 ὡς
1263 1708 1320 1747 τὸν
1341 1709 1536 1762 Ζαὸεργάν.
1563 1711 1767 1763 Προσετίθει
1796 1711 1831 1749 δὲ
1851 1715 1926 1757 ταῖς
1945 1716 1991 1757 ὡς
2008 1713 2065 1751 τὸν
2085 1714 2237 1752 Σάνδιλ-

1196 1783 1258 1820 χον
1274 1768 1450 1819 ἀγγελίαις
1474 1770 1491 1806 ὃ
1512 1769 1755 1822 αὐτοκράτωρ,
1777 1773 1840 1818 ὡς,
1864 1771 1897 1808 εἴ
1912 1787 1951 1823 γε
1968 1770 2241 1823 καταγωνίσοιτο

1195 1825 1273 1870 τοὺς
1293 1826 1563 1880 Κοτριγούρους,
1579 1827 1639 1865 καὶ
1656 1827 1700 1866 τὰ
1718 1827 1783 1866 ὅσα
1801 1829 1922 1876 ἐτήσια
1935 1829 2102 1882 χρήματα
2122 1832 2162 1869 ἐκ
2177 1835 2238 1877 τῆς

1197 1883 1388 1936 Ῥωμαίων
1419 1886 1639 1938 ἐπικρατείας
1670 1887 1933 1937 ἀπονεμηθέντα
1955 1884 2052 1936 ἦσαν
2081 1892 2131 1943 τῷ
2158 1892 2238 1929 Ζα-

1197 1942 1325 1996 ὅεργᾷ,
1353 1943 1560 1994 μεταθήσειν
1576 1947 1621 1988 ὡς
1641 1944 1755 1983 αὐτόν.
1779 1946 1850 1985 Καὶ
1869 1946 1981 1985 τοίνυν
2007 1950 2025 1985 ὃ
2045 1948 2237 2000 Σάνδιλχος

1198 2003 1208 2051 (
1222 2001 1413 2053 Ῥωμαίοις
1427 2002 1493 2055 γὰρ
1505 2003 1695 2050 ἐπιτήδειος
1709 2003 1870 2043 ἕδούλετο
1884 1999 1988 2056 εἶναι)
2007 2007 2145 2058 βασιλεῖ
2157 2006 2236 2054 ἐσή-

1198 2076 1319 2111 μηνεν,
1341 2063 1386 2105 ὡς
1404 2079 1420 2095 τι
1441 2060 1592 2114 πέφυκεν
1610 2062 1676 2114 οὐχ
1694 2062 1786 2101 ὅσιον
1808 2062 1870 2114 μὲν
1891 2064 1968 2102 οὐδὲ
1986 2064 2098 2108 ἄλλως
2115 2065 2238 2118 εὐπρε-

1194 2117 1256 2161 πὲς
1272 2117 1348 2161 τοὺς
1367 2119 1561 2172 ὁμοφύλους
1582 2120 1749 2172 ἀφανίσαι
1770 2120 1893 2173 ἄρδην,
1914 2121 1963 2171 μὴ
1983 2121 2035 2160 ὅτι
2052 2122 2238 2174 ὁμόγλωσ-

99 2187 2234 2209 Ἦ

83 2233 119 2264 ut
134 2236 295 2273 paenulam
309 2246 457 2278 quoque,
472 2241 505 2270 et
517 2248 592 2271 cum
603 2248 640 2271 ea
650 2248 759 2271 sanam
774 2241 915 2271 mentem
926 2241 958 2270 ct
973 2239 1128 2280 quidquid

82 2285 241 2318 virtutum
251 2290 345 2320 ornat
366 2290 478 2330 vitam,
499 2299 663 2323 exuerem.
682 2293 893 2332 Posteaquam
907 2300 983 2322 vero
1009 2291 1129 2323 Mauri-

81 2335 150 2367 cius
178 2338 346 2378 imperium
366 2342 553 2381 capessivit,
578 2343 633 2382 qui
659 2344 690 2374 et
704 2343 813 2383 populi
837 2343 971 2375 salutem
998 2343 1129 2383 provide

81 2390 232 2430 curabat,
251 2393 282 2423 et
302 2394 410 2425 Musas
428 2394 576 2433 amabat,
596 2396 859 2436 poematibusque
875 2397 906 2427 et
924 2395 1063 2427 historiis
1075 2405 1128 2428 au-

81 2443 204 2475 diendis
232 2453 329 2485 quam
355 2447 531 2486 plurimum
560 2447 791 2488 delectabatur,
820 2449 899 2480 adeo
926 2451 964 2480 ut
980 2437 1128 2489 magnam

82 2495 186 2526 noctis
202 2498 327 2536 partem
345 2497 410 2537 ipse
430 2498 461 2529 in
478 2499 514 2530 iis
527 2499 640 2530 studiis
656 2502 875 2538 consumeret,
895 2502 926 2532 et
940 2501 1062 2540 ingenia
1073 2501 1128 2532 he-

81 2546 205 2579 betiora
222 2549 442 2582 munificentia
458 2552 611 2583 excitaret
627 2556 723 2592 atque
733 2555 862 2584 acueret
878 2563 886 2584 ε
901 2555 980 2585 tunc
993 2563 1050 2594 ego
1061 2563 1127 2585 me-

81 2598 144 2630 rito
166 2599 279 2632 dolens
298 2602 331 2632 et
344 2601 451 2634 animo
470 2611 566 2643 aeger,
578 2603 664 2643 quod
675 2612 712 2635 ea
730 2604 847 2644 quibus
868 2614 948 2644 opus
968 2606 1050 2636 esset
1063 2614 1126 2636 non

81 2650 252 2691 haberem,
278 2662 407 2686 mecum
429 2657 576 2696 reputare
594 2656 695 2696 coepi,
717 2665 781 2687 non
798 2659 944 2696 oportere
958 2666 1010 2688 me
1027 2657 1126 2688 vitam

81 2702 161 2734 adeo
175 2704 310 2736 inertem
324 2707 356 2737 et
369 2706 504 2738 otiosam
522 2707 701 2739 traducere.
723 2711 830 2746 Quare
849 2716 890 2739 ne
903 2717 1032 2748 prorsus
1047 2709 1126 2740 nihil

79 2763 225 2796 agerem,
242 2757 284 2788 ad
297 2758 380 2790 hanc
396 2758 562 2791 historiam
583 2760 726 2791 animum
748 2760 874 2800 appuli,
898 2760 1030 2801 ejusque
1049 2770 1126 2792 con·

79 2807 285 2847 scriptionem
311 2809 352 2841 ab
362 2810 399 2842 iis
413 2810 509 2843 rebus
521 2812 704 2853 auspicatus
718 2820 789 2844 sum
801 2812 834 2844 in
849 2812 966 2853 quibus
978 2813 1127 2853 Agathias

80 2860 220 2892 moriens
235 2861 387 2895 substitit.
400 2875 417 2891 »

587 2939 622 2971 2.

121 3011 365 3055 [Nequaquam
389 3017 541 3058 tantum]
555 3017 744 3051 elocutionis
756 3020 924 3053 nobilitate
935 3045 944 3061 ,
967 3022 1125 3062 quantum

80 3062 177 3095 rebus
195 3067 362 3099 narrandis
379 3077 432 3100 me
458 3072 707 3103 consecuturum
724 3081 792 3104 esse
810 3074 946 3114 speravi.
969 3076 1050 3106 Nam
1069 3076 1126 3116 qut

79 3113 146 3145 fieri
161 3117 265 3155 potest
283 3119 320 3149 ut
338 3128 395 3159 ego
409 3120 624 3154 eruditionem
639 3123 865 3164 adquisiverim
882 3125 1023 3158 historiae
1039 3135 1124 3158 com·

79 3166 236 3248 gonendae
258 3171 468 3203 necessariam
479 3196 488 3211 ,
503 3172 559 3212 qui
579 3173 692 3206 rudem
707 3175 808 3207 vitam
825 3178 858 3208 et
872 3177 940 3209 sine
959 3177 1126 3219 disciplina

103 3218 179 3250 uxi?

585 3299 619 3331 3.

122 3362 205 3394 Medi
220 3362 251 3395 in
271 3365 463 3398 Colchorum
479 3369 638 3408 regionem
648 3394 657 3409 ‚
672 3370 712 3402 de
724 3380 787 3411 qua
801 3373 996 3414 certabatur,
1020 3375 1124 3408 irrue·

84 3414 176 3454 runt,
194 3416 230 3447 ut
246 3415 346 3457 ipsam
358 3418 417 3450 sibi
430 3419 635 3462 subjicerent,
652 3423 683 3454 ct
703 3424 774 3463 post
786 3425 887 3456 multa
902 3426 934 3458 et
949 3426 1037 3459 varia
1054 3436 1124 3460 cer-

1195 2240 1318 2272 tamina
1334 2241 1540 2282 multumque
1557 2242 1710 2283 temporis
1726 2244 1953 2284 consumptum
1968 2243 2046 2275 nihil
2063 2244 2238 2285 quicquam

1195 2292 1407 2331 profecerunt.
1424 2293 1549 2325 Etenim
1561 2294 1701 2325 maxima
1712 2303 1784 2335 pars
1798 2295 1918 2326 Lazicae
1937 2296 2085 2335 regionis,
2098 2296 2238 2328 maxime

1193 2351 1270 2374 vero
1284 2343 1394 2375 Phasis
1410 2345 1508 2385 urbs,
1529 2345 1583 2377 ubi
1597 2345 1758 2386 quondam
1771 2370 1780 2386 ,
1795 2347 1832 2377 ut
1846 2345 1948 2386 aiunt,
1959 2347 2057 2378 AEetis
2071 2347 2154 2387 regia
2164 2347 2238 2386 fuit,

1193 2394 1401 2427 nihilominus
1413 2404 1540 2436 semper
1558 2398 1776 2428 remanserant
1795 2397 1828 2428 in
1841 2397 1903 2428 fide
1914 2399 1946 2428 et
1956 2398 2112 2438 potestate
2124 2401 2238 2430 Roma-

1193 2456 1320 2479 norum.
1337 2450 1448 2488 ltaque
1467 2449 1619 2481 Romanis
1635 2451 1667 2481 et
1685 2449 1785 2481 Persis
1803 2458 1823 2481 a
1850 2450 2044 2490 possessione
2067 2451 2134 2483 sive
2149 2451 2238 2492 oppi-

1191 2499 1307 2530 dorum
1323 2500 1535 2540 munitorum,
1547 2501 1613 2532 sive
1625 2501 1760 2532 aliarum
1775 2510 1883 2533 rerum
1892 2525 1901 2541 ,
1918 2510 1993 2542 qua²
2003 2501 2140 2543 quisque
2153 2502 2238 2535 bello

1191 2554 1424 2591 occupaverat,
1450 2552 1611 2585 discedere
1626 2553 1756 2585 minime
1780 2553 1918 2594 placuit,
1946 2554 2002 2586 sed
2017 2555 2054 2586 ut
2072 2556 2179 2587 omnia
2205 2555 2237 2587 in

1190 2603 1304 2635 eodem
1317 2604 1403 2635 statu
1422 2599 1608 2643 manerent,
1626 2604 1728 2636 donec
1750 2606 1966 2637 controversia
1979 2614 2108 2646 prorsus
2120 2605 2234 2647 dijudi-

1189 2655 1326 2686 caretur.
1337 2655 1431 2691 Quod
1440 2664 1540 2695 quum
1553 2656 1717 2696 utrimque
1723 2656 1886 2688 decretum
1897 2659 1990 2696 esset,
2002 2657 2138 2690 induciae
2145 2659 2237 2690 factm

1187 2706 1274 2745 sunt,
1289 2714 1362 2746 quae
1374 2714 1461 2746 spem
1475 2707 1678 2747 praebebant,
1694 2708 1760 2739 sore
1778 2711 1814 2739 ut
1826 2708 1914 2739 brevi
1929 2708 2068 2748 perfecta
2077 2717 2138 2749 pax
2150 2718 2235 2740 com·

1189 2759 1362 2797 poneretur
1380 2770 1388 2790 :
1402 2767 1467 2798 quo
1478 2759 1562 2791 sacto
1576 2759 1716 2791 maxima
1727 2760 1781 2791 illa
1792 2760 1856 2792 duo
1870 2761 2002 2801 imperia
2012 2761 2230 2801 quiescebant.

1191 2810 1266 2840 Haec
1281 2818 1381 2849 quum
1400 2810 1445 2841 ita
1462 2811 1551 2850 gesta
1575 2814 1679 2842 essent
1701 2813 1732 2843 et
1747 2812 1866 2850 Hunni,
1886 2811 1940 2852 qui
1955 2811 2130 2852 Zabergani
2145 2821 2232 2854 pare·

1188 2859 1281 2899 bant,
1298 2860 1388 2901 longe
1400 2861 1441 2892 ab
1454 2861 1577 2901 imperii
1596 2861 1728 2893 Romani
1746 2862 1863 2894 finibus
1878 2863 2012 2894 fuissent
2025 2863 2160 2904 repulsi,
2177 2866 2235 2897 Ju-

1187 2912 1344 2944 stinianus
1368 2913 1552 2953 suspicans,
1574 2914 1759 2953 Cotriguros
1780 2915 1897 2945 iterum
1913 2914 2083 2946 Thraciam
2098 2916 2233 2955 popula·

1186 2964 1328 2996 tionibus
1346 2966 1498 2996 vexatum
1523 2967 1693 3005 venturos,
1713 2966 1800 2996 totus
1818 2965 1851 2996 in
1874 2965 2082 2997 Sandilchum
2095 2990 2104 3005 ‚
2122 2967 2232 3008 Utigu-

1188 3025 1297 3048 rorum
1317 3016 1452 3057 ducem,
1475 3017 1639 3056 incubuit,
1656 3026 1754 3057 quem
1778 3017 1996 3058 frequentibus
2021 3018 2233 3058 legationibus

1187 3067 1310 3100 hortari
1325 3077 1390 3100 non
1400 3068 1542 3108 destitit,
1555 3069 1588 3100 et
1603 3069 1691 3100 omni
1709 3069 1833 3100 ratione
1852 3068 1892 3099 ad
1908 3069 2030 3100 bellum
2043 3071 2155 3101 contra
2170 3073 2230 3103 Za-

1188 3118 1359 3159 berganem
1387 3120 1529 3151 excitare
1558 3121 1691 3151 conatus
1709 3121 1768 3151 est.
1796 3120 1916 3151 Praeter
1941 3120 2019 3152 alias
2033 3120 2232 3154 conditiones

1187 3171 1362 3212 imperator
1378 3171 1550 3204 Sandilcho
1566 3172 1726 3212 pollicitus
1747 3172 1814 3212 est,
1830 3172 1856 3203 si
1873 3172 2057 3213 Cotriguros
2074 3173 2230 3207 debellas-

1187 3224 1254 3263 set,
1270 3222 1310 3254 ad
1326 3223 1430 3264 ipsum
1447 3231 1569 3255 annuas
1583 3224 1791 3264 pecuniarum
1810 3224 1992 3264 pensiones,
2010 3233 2084 3265 quoe
2096 3226 2229 3265 quotan-

1187 3274 1237 3306 nis
1249 3273 1422 3315 Zabergani
1446 3274 1679 3315 pendebantur,
1691 3275 1850 3307 redituras
1863 3284 1942 3307 esse.
1963 3277 2075 3317 Itaque
2100 3277 2229 3309 Sandil·

1188 3326 1268 3358 chus
1278 3326 1420 3365 ,tametsi
1433 3326 1697 3358 necessitudinem
1706 3326 1763 3358 sibi
1773 3335 1848 3358 cum
1856 3328 2006 3359 Romanis
2012 3336 2079 3359 esse
2086 3331 2227 3368 cuperet,

1188 3377 1370 3418 imperatori
1396 3377 1603 3417 significavit,
1621 3377 1751 3409 minime
1767 3378 1826 3409 sibi
1844 3378 1931 3418 pium
1956 3379 2012 3410 aut
2027 3378 2142 3410 decens
2161 3379 2227 3411 sore

1188 3437 1299 3462 omnes
1331 3438 1405 3461 suos
1430 3430 1624 3463 contribules
1654 3429 1694 3462 ad
1718 3430 1963 3463 internecionem
1986 3438 2087 3471 usque
2112 3430 2226 3463 delere.
