2372 3704
200 212 276 244 670

200 301 300 329 tante
317 292 495 331 Cramero
516 293 555 327 in
568 291 710 328 Anecd.
730 293 848 330 Paris.
870 294 929 337 11,
956 306 996 341 p.
1021 292 1084 339 87.
1108 294 1243 329 Eusta-

200 353 298 387 thius
318 353 380 388 ille
410 351 565 386 fortasse
599 363 676 385 non
703 358 756 386 est
785 351 950 387 diversus
982 352 1029 387 ab
1055 352 1239 388 historico

150 452 156 458 .
199 419 343 447 nostro.
374 410 550 448 Ceterum
587 410 836 458 fragmentum
875 410 969 446 illud
1001 423 1117 458 quum
1140 424 1241 446 non-

198 471 269 505 nisi
302 482 447 505 summa
473 469 596 517 capita
624 469 791 505 historiae
822 469 988 505 Judaicae
1006 471 1138 518 paucis
1157 483 1242 506 ver-

198 529 255 564 bis
272 528 464 576 indigitet‚
478 541 557 563 non
575 535 655 564 erat
669 540 738 563 cur
759 528 1023 565 exscriberem.

251 586 344 636 Pag.
373 587 460 635 146,
478 594 559 630 not.
580 587 628 623 ad
649 587 694 625 fr.
715 588 832 631 4‚lin.
853 587 889 625 6.
904 588 1151 622 -Nimirum
1165 587 1239 622 360

199 657 315 681 annos
331 645 445 681 habet
464 645 597 681 Suidas
608 658 642 682 v.
659 642 864 695 Ἡράκλειος
877 658 887 689 ;
901 657 1019 680 annos
1038 645 1111 680 362
1123 672 1132 688 ‚
1150 657 1244 691 quos

199 704 381 739 Meursius
407 715 427 739 e
446 703 559 740 Suida
583 703 709 748 affert,
730 703 832 739 idem
858 704 1121 751 grammaticus
1148 715 1243 751 prae·

198 762 262 798 bet
278 775 315 799 v.
331 762 592 803 Κωνσταντῖνος
609 763 626 798 ὁ
642 759 749 810 μέγας
765 774 805 809 p.
828 761 901 797 382
913 789 922 806 ,
945 762 1005 806 16,
1020 761 1080 796 ed.
1103 760 1241 798 Bernh.

253 819 344 870 Pag.
366 833 380 855 1
390 820 433 856 81
445 849 454 858 .
476 841 529 848 -
542 819 655 867 Apud
669 819 856 856 Codinum
869 821 925 854 De
936 819 1034 854 aedif.
1050 819 1241 856 Constant.

198 891 238 928 p.
267 883 338 922 114
361 879 421 915 ed.
438 880 560 916 Bonn.
587 879 672 926 lego
693 878 770 913 haec
795 890 804 913 :
837 875 890 915 Τὸ
922 875 1072 913 παλαιὸν
1099 875 1244 927 Πετρίον

203 936 336 989 Πέτρος
354 951 402 980 τις
419 935 598 987 πατρίκιος
613 934 668 972 ἐπὶ
688 940 758 977 τοῖς
778 934 910 986 χρόνοις
924 934 1169 973 Ἰουστινιανοῦ
1184 938 1244 972 τοῦ

201 995 355 1046 μεγάλου
373 993 517 1032 ἔκτισεν·
551 993 667 1045 ἔλεγον
689 992 724 1031 δὲ
746 993 848 1030 αὐτὸν
882 992 941 1031 καὶ
971 993 1245 1045 Βαρσυαμιακὸν

200 1053 258 1091 τὸν
276 1052 402 1104 Σύρον,
422 1050 552 1094 πολλὰς
573 1050 684 1104 ἀρχὰς
703 1053 752 1102 τῷ
769 1052 847 1089 τότε
869 1051 1058 1090 ἀνύσαντα.
1088 1055 1193 1098 Haec,
1216 1054 1244 1088 si

201 1113 295 1161 quid
306 1113 417 1148 video
434 1139 443 1157 ‚
460 1112 509 1147 ad
523 1112 745 1147 historicum
765 1119 937 1147 nostrum
951 1113 1156 1160 pertinent.
1175 1113 1246 1160 Igi-

185 1168 191 1174 “
202 1178 262 1207 tur
274 1178 448 1218 parentes
458 1170 535 1217 ejus
546 1183 565 1205 e
574 1170 680 1217 Syria
690 1170 843 1206 oriundi
856 1171 1124 1206 Thessalonicae
1136 1171 1243 1206 habi-

200 1230 374 1268 taverint.
391 1229 503 1277 Apud
519 1227 753 1276 Procopium
766 1241 859 1264 vero
879 1229 993 1265 Goth.
1014 1229 1032 1263 I
1046 1255 1056 1273 ‚
1081 1228 1100 1264 3
1123 1228 1176 1276 (v,
1192 1235 1245 1264 te-

199 1288 348 1324 stimon.
371 1299 414 1335 2,
434 1299 474 1334 p.
502 1283 594 1336 183)
614 1299 687 1335 pro
708 1283 874 1336 Ἰλλύριον
900 1284 938 1322 τὸ
957 1284 1053 1336 γένος
1074 1287 1245 1323 scriben-

202 1345 291 1380 dum
308 1353 402 1394 puto
425 1342 536 1395 Σύρον
560 1345 622 1393 (ἰη
650 1345 755 1380 libris
774 1345 887 1380 fuerit
908 1342 1053 1395 Σύριον)
1077 1343 1116 1381 τὸ
1135 1343 1244 1394 γένος.

207 1406 292 1451 Quo
311 1404 472 1439 admisso
484 1430 493 1447 ‚
514 1415 594 1438 non
611 1410 666 1438 est
683 1416 750 1439 cur
768 1403 816 1439 ad
836 1404 1131 1440 Niebuhrianam
1145 1405 1248 1440 vocis

204 1458 372 1512 Ἰλλύριον
402 1462 717 1511 explicationem,
740 1461 983 1510 quantumvis
997 1464 1246 1512 ingeniosam,

202 1522 476 1570 confugiamus,

255 1579 348 1629 Pag.
370 1579 461 1627 269.
491 1599 546 1606 —-
564 1578 654 1616 Post
676 1578 876 1615 Menandri
910 1579 1045 1628 fragm.
1071 1579 1118 1626 75
1150 1580 1247 1616 adde

201 1639 279 1674 haec
302 1651 309 1674 t
334 1638 466 1674 Suidas
485 1651 523 1673 v.
545 1637 684 1678 Φᾶσιςῑ
703 1636 771 1674 Καὶ
789 1638 1008 1675 Φασιανοὶ
1026 1639 1055 1674 οἱ
1071 1636 1246 1688 οἰκήτορες

202 1699 263 1733 τοῦ
283 1694 404 1742 τόπου,
423 1693 482 1732 καὶ
504 1693 683 1732 Φασιανοὶ
703 1694 890 1744 κατάλογοι
928 1694 1125 1747 (cohortes
1150 1696 1247 1733 Pha-

201 1753 348 1803 sianae),
367 1755 397 1791 οἱ
415 1753 484 1790 ἀπὸ
503 1756 564 1791 τοῦ
585 1752 755 1800 Φάσιδος,
777 1752 876 1804 παρὰ
893 1753 1101 1807 Μενάνδρῳ.

255 1814 362 1850 Idem
391 1825 401 1851 ε
437 1813 757 1863 Σαπρωθῆναι,
788 1811 1009 1859 σαλευθῆναι·
1036 1830 1051 1846 α
1081 1811 1155 1855 Τὰς
1182 1812 1247 1861 μὲν

203 1870 361 1915 ἐπάλξεις
382 1873 669 1922 καταρραχθῆναι
691 1874 766 1912 ταῖς
798 1870 936 1920 βολαῖς,
971 1869 1031 1907 καὶ
1050 1870 1107 1908 τὸν
1131 1873 1246 1922 τοῖχον

201 1928 342 1967 ἅπαντα
364 1933 424 1966 τοῦ
441 1928 573 1980 πύργου
594 1931 820 1980 σαπρωθῆναι
840 1931 884 1981 τῇ
907 1928 966 1981 βίᾳ
986 1946 1014 1975 »,
1044 1929 1247 1983 Μένανδρός

203 2003 302 2042 φησι.
336 1989 544 2026 Meinekius
567 1991 624 2025 De
656 1989 867 2024 Menandro
895 2002 994 2025 com.
1018 2003 1058 2038 p.
1097 2003 1245 2036 xxxlx,

200 2048 305 2092 haec,
324 2047 433 2083 sicuti
457 2059 540 2094 quae
568 2060 605 2084 v,
628 2044 832 2089 Σπαλίωνες
863 2047 932 2096 (fr.
959 2048 1032 2096 73)
1052 2049 1244 2098 leguntur,

200 2119 401 2155 perperam
416 2106 546 2142 retulit
561 2106 607 2141 ad
621 2106 869 2142 Menandrum
887 2107 1100 2154 Ephesium.

255 2163 349 2213 Pag.
370 2177 444 2213 ²9²
457 2192 466 2209 ‚
479 2171 567 2213 post
585 2165 687 2213 Agiae
701 2164 834 2214 fragm.
858 2178 872 2200 1
888 2166 1076 2202 —insere
1096 2179 1104 2202 :
1123 2166 1246 2202 Schol-

204 2225 249 2261 ll.
273 2223 315 2268 λ,
332 2224 408 2271 690
425 2234 434 2260 :
454 2221 698 2273 Αὖγέαςῌες.
721 2221 854 2272 Ἀγίας)
878 2221 914 2260 δὲ
932 2224 966 2260 ἐν
987 2223 1020 2260 α’
1041 2223 1247 2275 Ἀργολικῶν

203 2280 287 2334 φησὶ
301 2282 369 2318 τῶν
388 2280 562 2332 Γηρυόνου
583 2282 671 2331 βοῶν
689 2280 876 2332 ἀφελέσθαι
889 2280 1008 2328 Νηλέα
1020 2297 1028 2305 ·
1047 2281 1121 2319 ὅθεν
1134 2281 1248 2334 Ἥρα-

203 2337 288 2376 κλέα
306 2337 456 2389 Νέστορι
474 2339 693 2390 παραδοῦναι
727 2338 790 2385 τὴν
813 2340 940 2391 ἀρχήν.
969 2339 1194 2392 Τελέσαρχος
1212 2339 1247 2378 δὲ

203 2398 282 2435 κτλ.
298 2397 364 2447 (V.
382 2398 500 2436 Telcs.
519 2397 565 2432 fr.
582 2409 603 2433 2
616 2428 626 2444 ‚
649 2405 740 2436 tom.
759 2401 822 2444 lv,
840 2412 881 2447 p.
900 2399 1009 2448 508).

256 2454 350 2504 Pag.
371 2467 462 2503 297,
493 2463 580 2503 post
599 2457 735 2492 Alcimi
757 2449 896 2506 ⁵fragm.
924 2458 947 2493 6
977 2459 1098 2494 insere
1126 2459 1204 2494 haec
1237 2472 1245 2494 ε

202 2514 400 2550 Laudatur
419 2521 602 2561 praeterea
622 2517 787 2550 Alcimus
804 2517 880 2552 sive
893 2524 1021 2552 noster
1043 2518 1119 2552 sive
1154 2518 1248 2553 alius

205 2572 309 2620 apud
334 2571 562 2620 Appulejum
588 2575 644 2609 De
665 2574 837 2622 orthogr.
870 2587 911 2622 p.
941 2580 961 2618 4
980 2575 1038 2610 ed.
1066 2575 1205 2613 Osann.
1237 2588 1246 2614 :

206 2624 350 2668 Rlzoeo..
361 2659 368 2667 .
378 2632 468 2679 filia
478 2632 653 2680 Staphyla·
666 2641 702 2669 et
722 2633 946 2680 Clzrysffldis,
963 2636 1141 2669 sororibus
1155 2636 1251 2670 Mol-

202 2693 325 2739 paslia
345 2695 474 2737 masor,
508 2692 714 2728 Parthenia
733 2697 871 2737 minor‚·
893 2706 979 2741 quoe
997 2693 1046 2727 ab
1075 2695 1250 2740 Apolline

206 2762 413 2797 compressa
429 2751 655 2798 gravidaque
663 2750 796 2797 sacta,
825 2764 850 2786 a
876 2760 988 2799 patre
1011 2755 1048 2786 in
1067 2763 1157 2786 arca
1184 2756 1248 2786 in-

211 2809 309 2843 clusa
328 2816 394 2851 est,
432 2817 470 2844 et
486 2812 523 2844 in
552 2822 655 2845 mare
686 2810 831 2856 desecla
859 2813 897 2844 in
922 2811 1053 2845 Delum
1081 2812 1241 2859 appulit,

201 2866 395 2914 filiumque
412 2871 537 2915 genuit
549 2872 696 2904 nomine
711 2871 862 2911 Anium,
884 2871 945 2917 qui
961 2870 1057 2904 clam
1074 2870 1122 2904 ab
1133 2871 1248 2917 Apol-

208 2925 418 2967 linetalitus
447 2934 483 2961 et
511 2928 708 2962 divinitate
736 2929 895 2962 donatus
921 2935 994 2974 est,
1025 2929 1239 2977 PolycarJn',

207 2984 358 3027 Alcimi,
379 2985 620 3034 Maximique
639 2990 859 3023 testimonio.
879 3007 933 3015 —
946 2987 1019 3034 Qui
1035 2986 1174 3023 suerint
1189 2988 1243 3023 illi

744 203 988 242 ADDENDA
1019 204 1085 242 ET
1120 204 1452 246 CORRIGENDA
1481 207 1532 246 1N
1562 207 1678 247 VOL.
1713 207 1780 247 lv.

1301 293 1537 344 Polycarpus
1548 303 1585 332 et
1600 297 1802 340 Maximus,
1821 309 1906 332 cum
1920 297 2071 332 Osanno
2097 296 2231 344 ignoro
2243 323 2254 342 ,
2275 308 2341 333 ne·

1303 366 1376 401 que
1394 355 1435 389 in
1454 362 1527 390 tam
1547 356 1716 391 sublestae
1740 354 1827 391 fidei
1853 356 2036 403 scriptore
2065 355 2206 390 diutius
2235 368 2342 404 quae-

1303 411 1462 447 rendum
1485 425 1560 448 esse
1581 414 1692 449 duco.

1355 469 1447 519 Pag.
1468 471 1557 516 307,
1577 471 1622 507 fr.
1641 485 1682 516 7„
1692 473 1757 508 lin.
1777 472 1845 509 ult.
1866 493 1917 498 -—
1941 470 2031 507 Post
2046 485 2083 507 v.
2103 480 2142 507 et
2161 471 2346 520 Euphor-io

1303 528 1402 564 adde
1421 539 1430 566 :
1448 536 1484 564 et
1495 530 1696 564 Larissaeus
1711 531 1935 578 EurypyluS.

1358 585 1447 634 pag.
1470 587 1558 632 314,
1587 588 1834 623 Archemaehi
1860 588 1904 624 fr.
1937 601 1969 623 1.
1988 609 2042 616 -—
2061 589 2103 624 In
2128 589 2194 624 lat.
2226 589 2309 637 lege
2332 601 2342 626 :

1304 647 1366 691 qui
1393 647 1571 680 Arnoeam
1604 646 1832 692 incolebant,
1863 646 1906 681 1ιί
1925 650 1987 694 qui
2012 650 2048 681 ἰη
2072 648 2250 683 Boeotiam
2273 660 2346 683 mm

1304 702 1486 740 abierant.

1359 761 1446 809 Pag.
1466 761 1540 810 319
1553 789 1564 810 ‚
1583 762 1632 798 ad
1652 763 1809 798 Ariaethi
1835 762 1882 801 fr.
1901 761 1935 799 5.
1957 784 2010 789 —-—
2027 763 2175 798 Nomen
2191 763 2357 798 Ariaethi·

1305 817 1583 868 Prellerus(De
1604 821 1799 856 Hellanico
1827 834 1864 868 p.
1897 821 1943 857 33
1973 820 2070 868 not.)
2093 820 2347 869 probabiliter

1306 878 1575 914 restituendum
1597 885 1721 914 censet
1735 879 1837 927 apud
1861 879 1979 914 schol.
1998 880 2043 914 ll.
2063 892 2099 928 γ,
2123 877 2193 924 175
2211 889 2220 916 :
2250 876 2347 916 ‘0⁴82

1309 934 1504 986 [Ιορφύριος
1534 937 1568 973 ἐν
1589 938 1659 978 τοῖς
1680 935 1885 988 Ὁμηρικοῖς
1899 936 2097 982 ζητήμασιν
2121 933 2211 973 οὕτω
2230 935 2345 988 φησίν·

1307 1010 1323 1025 «ι
1335 991 1483 1039 Ἑλένης
1501 1009 1537 1031 τε
1554 993 1613 1031 καὶ
1631 994 1810 1032 Μενελάου
1830 995 1957 1046 ἱστορεῖ
1971 993 2088 1036 Δίεθος
2101 994 2183 1043 (vel
2193 993 2343 1042 Δίαιθος;

1306 1051 1378 1100 leg.
1399 1052 1475 1089 vid.
1497 1050 1682 1102 Ἀρίαιθος)
1718 1051 1826 1089 παῖδα
1848 1051 2052 1103 Μορράςριον
2075 1051 2278 1104 (Μαράφιον
2306 1066 2344 1089 ν.

1306 1110 1366 1158 1.),
1389 1109 1447 1161 ἀφ’
1464 1104 1502 1147 οῧ
1522 1108 1560 1147 τὸ
1578 1111 1646 1147 τῶν
1663 1108 1875 1162 Μορραφίων
1891 1109 1985 1159 γένος
2008 1111 2042 1147 ἐν
2063 1109 2238 1162 Πέρσαις·
2253 1109 2346 1154 ὡςδὲ

1310 1166 1495 1214 Κιναίθων,
1513 1166 1765 1219 Νικόστρατον.
1785 1167 1890 1220 Παρὰ
1900 1167 1935 1205 δὲ
1949 1166 2233 1218 Λακεδαιμονίοις
2245 1166 2342 1208 Ἑλέ·

1308 1239 1367 1270 νης
1388 1225 1447 1263 δύο
1461 1227 1580 1268 παῖδες
1594 1228 1784 1275 τιμῶνται,
1799 1225 2032 1278 Νικόστρατος
2052 1226 2111 1263 καὶ
2136 1224 2346 1270 Αἷθιόλας.ὀ

1308 1285 1350 1319 In
1369 1285 1488 1320 schol.
1508 1285 1664 1333 Didym.
1685 1286 1737 1321 ita
1761 1293 1815 1321 cst
1835 1298 1843 1320 :
1863 1286 1880 1321 ὁ
1897 1282 1931 1321 δὲ
1959 1282 2152 1336 Πορφύριος
2173 1281 2263 1321 οὕτω
2279 1297 2346 1335 φη-

1308 1340 1359 1378 σίν
1372 1357 1379 1364 ·
1401 1339 1548 1388 Ἑλένης
1563 1341 1598 1380 δὲ
1615 1341 1675 1380 καὶ
1689 1342 1869 1381 Μενελάου
1889 1342 2008 1386 παῖδες
2024 1341 2161 1386 Δίαιθος
2174 1340 2234 1380 καὶ
2245 1343 2347 1395 Μορ-

1309 1399 1440 1451 ραφίων
1460 1409 1532 1439 etc.
1892 1447 1894 1450 y

1360 1458 1451 1508 Pag.
1468 1460 1556 1508 319.
1580 1461 1705 1497 —Ad
1725 1462 1934 1498 Aristaeneti
1954 1461 2001 1498 fr.
2022 1460 2072 1497 cf.
2097 1459 2283 1497 Addenda
2298 1460 2348 1498 ad

1308 1519 1491 1555 Hellanici
1508 1519 1552 1556 fr.
1577 1524 1661 1562 104.

1360 1576 1451 1626 Pag.
1475 1578 1564 1622 334,
1583 1578 1631 1613 ad
1653 1579 1865 1614 Aristocriti
1885 1578 1932 1616 fr.
1957 1591 1987 1615 1.
2001 1578 2208 1616 —Forma
2218 1575 2350 1620 Εὐξάν-

1307 1649 1376 1677 τιος
1392 1648 1463 1683 pro
1478 1649 1514 1672 v,
1536 1633 1719 1678 Εὐξάνθιος
1736 1636 1954 1684 reponenda
1974 1643 2027 1672 est
2046 1649 2108 1684 ap.
2139 1635 2348 1684 Apollodo-

1307 1705 1392 1728 rum
1408 1694 1486 1737 111,
1508 1707 1542 1738 1,
1570 1706 1608 1738 2,
1632 1694 1670 1729 6.

1361 1750 1453 1799 pag.
1479 1751 1632 1794 345.—
1651 1752 1710 1787 Ad
1726 1751 1859 1800 fragm.
1879 1751 2114 1788 Athenodori
2134 1752 2348 1787 Eretriensis

1307 1810 1526 1847 referendus
1536 1812 1800 1847 videtui-locus
1820 1808 1972 1858 Apuleji
1996 1813 2052 1846 De
2063 1811 2283 1859 orthograp.
2298 1810 2321 1846 6
2336 1823 2344 1845 ε

1307 1869 1563 1905 Athenodorus
1582 1878 1619 1905 et
1633 1871 1799 1905 Mum-tes
1826 1868 2033 1917 (Mnaseas)
2061 1869 2148 1904 Orci
2162 1876 2201 1904 et
2221 1868 2350 1914 Styg&-

1307 1941 1359 1964 sc.
1377 1930 1484 1976 filias
1502 1942 1579 1965 esse
1599 1931 1738 1965 Fur-Ias
1755 1929 1895 1964 dicunt.
1917 1947 1970 1955 —
1987 1929 2029 1962 In
2047 1927 2090 1963 iis
2108 1939 2190 1975 quae
2210 1926 2349 1963 deinde

1308 1987 1559 2034 subjiciuntur
1587 1987 1633 2023 de
1662 1990 1810 2036 Augea‚
1827 1987 1908 2035 lege
1937 1986 2221 2033 :corrigendum
2255 1992 2349 2034 puto

1309 2044 1435 2095 Ἀγίας.
1459 2048 1492 2081 V
1494 2048 1543 2082 id.
1562 2047 1732 2084 Addend.
1748 2047 1802 2081 ad
1813 2054 1899 2081 tom.
1919 2046 1981 2090 lv,
1996 2057 2037 2092 p.
2059 2057 2149 2093 292.

1362 2104 1452 2153 pag.
1477 2105 1564 2151 403,
1575 2106 1614 2140 iu
1626 2112 1707 2142 not.
1725 2105 1772 2140 ad
1787 2103 2005 2140 Echemenis
2018 2097 2284 2151 fragmentum.
2295 2121 2349 2129 —

1309 2162 1400 2200 Post
1413 2165 1531 2199 verba
1550 2165 1714 2199 :Eadem
1728 2163 1882 2199 Natalis
1899 2163 2030 2199 Comes
2043 2162 2124 2206 IX,
2145 2173 2159 2196 1
2170 2160 2207 2205 3,
2223 2159 2344 2200 adde:

1309 2235 1386 2271 quo
1403 2224 1490 2259 loco
1502 2223 1730 2259 Echemenes
1749 2223 1908 2270 Cyprius
1921 2221 2071 2256 citatur.

1362 2279 1453 2330 Pag.
1473 2281 1560 2324 408.
1579 2300 1634 2308 -—
1649 2279 1739 2315 Post
1758 2278 1979 2327 Euelpidem
1999 2277 2208 2324 Carystium
2227 2276 2346 2318 insero.

1309 2340 1386 2375 haec
1412 2352 1419 2376 :
1447 2341 1669 2375 Eunmus
1687 2341 1899 2374 Lnussaeus
1914 2349 1974 2385 ap.
1995 2335 2241 2383 Quinctilian.
2263 2334 2320 2371 xl
2334 2361 2344 2379 ‚

1311 2411 1332 2434 2
1347 2425 1357 2443 ,
1382 2398 1443 2442 16,
1475 2399 1573 2434 inter
1589 2410 1652 2433 eos
1671 2404 1899 2441 recensetur,
1917 2396 1983 2443 qui
2006 2395 2181 2439 domum,
2201 2395 2241 2428 in
2269 2403 2343 2440 qua

1310 2456 1521 2493 Simonides
1550 2464 1664 2505 poeta
1692 2457 1969 2492 Dioscurorum
1997 2465 2071 2502 ope
2100 2459 2268 2488 servatus
2285 2451 2347 2496 sit,

1310 2515 1502 2560 Pharsali,
1521 2529 1598 2551 non
1616 2527 1707 2551 vero
1731 2516 1951 2560 Crannone,
1977 2512 2088 2548 fuisse
2108 2510 2347 2547 tradiderint.

1363 2574 1454 2623 Pag.
1471 2575 1556 2620 467,
1582 2581 1668 2623 post
1686 2573 1876 2610 Pausaniae
1894 2572 1940 2610 fr.
1961 2584 1998 2607 2.
2011 2591 2064 2599 —-
2082 2569 2192 2618 Adde
2203 2570 2351 2605 Tzetzes

1311 2636 1424 2683 Exeg.
1447 2635 1487 2669 in
1502 2635 1546 2671 ΙΙ.
1568 2647 1607 2682 p.
1649 2633 1734 2678 138,
1758 2631 1802 2668 15
1827 2644 1835 2667 :
1858 2628 2063 2671 Παυσανίας
2085 2626 2120 2665 δὲ
2141 2629 2159 2665 ὁ
2178 2623 2348 2678 ἱστορικὸς

1311 2693 1345 2729 ἐν
1378 2693 1427 2744 τῷ
1451 2691 1530 2743 περὶ
1551 2689 1760 2743 Ἀντιοχείας
1791 2690 1933 2732 κτίσεως
1966 2688 2092 2741 γράφει
2115 2684 2344 2737 πλατύτερον.

1313 2750 1536 2801 Κυπάρισσος
1555 2751 1681 2801 ὡραῖος
1700 2743 1740 2795 ἦν
1754 2750 1932 2790 νεανίσκος
1951 2745 2150 2797 Αἰγύπτιος·
2165 2737 2204 2782 οὗ
2221 2742 2349 2780 πεσόν-

1309 2825 1364 2852 τος
1383 2809 1441 2847 καὶ
1461 2806 1707 2859 ἀποπνιγέντος
1721 2809 1756 2845 ἐν
1771 2806 1911 2860 φρέατι,
1934 2807 1965 2844 οἱ
1983 2806 2060 2842 καθ’
2081 2797 2171 2853 αἷμα
2190 2805 2249 2840 τοῦ
2271 2800 2348 2839 νέου

1309 2866 1371 2913 τὴν
1405 2867 1632 2918 κυπάρισσον,
1669 2865 1776 2915 μήπω
1802 2862 2020 2914 καλουμένην
2045 2862 2272 2912 κυπάρισσον,
2303 2861 2350 2902 εἰς

1310 2924 1417 2975 ὄνομα
1455 2929 1514 2963 τοῦ
1535 2923 1715 2962 νεανίσκου
1743 2922 2050 2972 κατωνομάκασιν,
2072 2917 2191 2972 ὥσπερ
2211 2917 2270 2956 καὶ
2299 2917 2342 2955 τὰ

1307 2983 1412 3022 λοιπὰ
1431 2986 1498 3022 τῶν
1516 2982 1660 3035 δένδρων
1681 2985 1727 3027 εἰς
1748 2979 1946 3031 ἐπωνυμίας
1967 2977 2109 3031 ἑτέρων.
