2372 3704
809 204 1133 244 ARISTAENETI.
1162 204 1501 245 FRAGMENTA.

579 313 616 352 4.

124 404 255 443 Schol.
274 403 456 454 Apollon.
477 402 550 440 Rh.
568 403 624 452 ΙΙ,
643 401 721 453 498
742 414 751 438 :
773 399 977 453 Φερεκύδης
991 399 1029 439 δέ
1038 415 1123 454 φησι

71 461 132 501 καὶ
156 459 316 514 Ἄραιθος
337 460 426 514 (sic)
453 459 512 498 ἐπὶ
541 459 675 498 κύκνων
697 458 805 507 αὐτὴν
833 458 914 509 (τὴν
932 459 1119 512 Κυρήνην)

71 523 261 575 ὀχηθεῖσαν
280 519 373 559 κατὰ
392 518 608 563 Ἀπόλλωνος
623 518 827 572 προαίρεσιν
856 519 902 562 εἷς
916 517 980 565 τὴν
1002 519 1122 572 Κυρή-

71 596 134 629 νην
153 579 352 634 ἀφικέσθαι.
371 581 447 617 Pro
462 575 503 617 'A
511 581 625 631 ραιθος
638 580 760 616 codex
777 580 967 616 Parisinus
980 581 1125 629 praebet

70 639 234 693 Ἄρατος.
256 642 387 687 Falso;
404 651 495 676 nam
511 639 558 676 de
578 639 726 688 Cyrene
739 639 836 675 nihil
851 639 957 689 apud
966 642 1124 676 Aratum

70 702 221 750 legitur.
249 702 368 737 Error
388 699 478 736 inde
495 706 608 737 natus
632 699 739 747 quod
755 699 886 748 paullo
902 706 990 749 post
1017 701 1124 736 Arati

70 761 178 797 locus
195 759 343 812 (Phaen.
369 758 463 808 151)
487 758 534 795 de
550 759 672 795 etesiis
683 759 832 794 citatur.
849 758 1054 806 Quomodo
1077 758 1124 795 de

71 820 218 868 Cyrene
250 820 292 856 in
309 818 507 856 Arcadicis
531 830 655 855 sermo
678 830 755 854 esse
784 819 976 867 potuerit,
1010 818 1126 854 docet

70 878 171 916 filius
198 878 280 926 ejus
305 879 502 924 Aristaeus,
533 876 642 925 cujus
670 878 793 914 cultus
824 877 928 927 apud
958 876 1125 914 Arcades

71 938 238 987 vigebat.
264 938 441 975 Fortasse
471 937 588 986 igitur
619 949 666 973 ex
697 936 834 973 eodem
853 937 1022 973 Ariaetho
1055 937 1126 973 de-

71 1005 224 1047 sumpta
241 1004 329 1033 sunt
347 1009 431 1046 quae
448 996 676 1032 antecedunt
701 1009 763 1045 ap.
784 996 905 1032 schol.
927 996 954 1032 l.
976 997 990 1032 l
1012 1009 1021 1034 :
1049 996 1122 1034 Τοῦ

70 1055 139 1108 γὰρ
165 1053 489 1108 κατηστερισμένου
521 1053 621 1097 κυνὸς
651 1054 708 1107 [ἐν
736 1056 786 1107 τῷ
816 1053 949 1102 λέοντι,
984 1053 1124 1092 ἐπειδὰν

72 1115 92 1152 ὁ
115 1114 215 1162 ἥλιος
245 1113 384 1165 εἰσέλθῃ
403 1113 462 1152 τὸν
482 1112 607 1152 λέοντα
625 1115 734 1151 addit
754 1115 843 1151 cod.
878 1115 1019 1161 Paris.;
1042 1128 1125 1163 quae

71 1182 159 1212 sunt
171 1175 279 1211 Arati
294 1175 486 1211 Phaenom.
518 1173 588 1210 151
606 1201 617 1220 ‚
645 1181 683 1210 et
711 1175 843 1223 paullo
858 1182 947 1223 post
969 1175 1126 1211 uberius

72 1232 364 1284 exscribuntur]
398 1231 582 1286 φλέγοντος
612 1232 673 1275 τὰς
691 1231 881 1276 Κυκλάδας
909 1232 1033 1279 νήσους
1065 1232 1126 1271 καὶ

71 1290 181 1329 πολὺν
199 1289 323 1343 χρόνον
337 1291 476 1343 αὐχμοῦ
498 1306 535 1328 τε
548 1290 609 1328 καὶ
625 1289 773 1344 ἀπορίας
784 1290 900 1339 οὔσης,
919 1292 950 1329 οἱ
965 1290 1028 1338 τὴν
1046 1290 1127 1329 Κέω

73 1353 314 1393 κατοικοῦντες
339 1350 378 1388 ἐκ
404 1348 613 1402 θεοπροπίου
644 1348 904 1387 ἐπεκαλέσαντο
930 1349 1126 1400 Ἀρισταῖον

72 1409 132 1448 τὸν
148 1408 365 1452 Ἀπόλλωνος
377 1408 438 1447 καὶ
458 1408 623 1461 Κυρήνης
639 1409 722 1460 [τῆς
736 1407 876 1462 Ὑψέως
900 1410 989 1447 add.
1011 1408 1125 1459 Pan]

73 1470 112 1507 ἐκ
128 1468 254 1512 Φθίας.
273 1466 319 1507 Ὁ
339 1468 375 1505 δὲ
396 1467 616 1521 παραλαὸών
632 1484 727 1512 τινας
743 1467 783 1513 ἐξ
804 1468 872 1517 Ἀρ
886 1483 908 1506 κ
919 1467 1022 1506 αδία
1034 1462 1127 1515 ςῆλ-

74 1531 130 1567 θεν
148 1529 194 1572 εἷς
213 1526 277 1574 τὴν
312 1526 414 1575 Κέω,
443 1526 502 1565 καὶ
522 1526 605 1571 Διὸς
624 1526 716 1580 ἱερὸν
749 1527 916 1580 ἱδρύσατο
936 1526 1126 1577 Ἶκμαίου,

74 1587 177 1626 ἕνεκα
207 1589 269 1625 τοῦ
298 1585 378 1629 τοὺς
410 1584 564 1639 ὅμὸρους
589 1585 744 1638 γίνεσθαι
769 1586 853 1638 [καὶ
881 1585 958 1630 τοὺς
987 1585 1130 1633 ἐτησίας

74 1648 172 1684 πνεῖν
203 1646 293 1684 add.
322 1647 408 1685 Par.
422 1645 456 1697 ],
477 1645 538 1683 καὶ
558 1644 616 1684 τὸν
633 1644 722 1683 κύνα
743 1645 942 1690 ἐξιλάσατο.
966 1643 1039 1684 Καὶ
1056 1646 1130 1683 ἐνο-

71 1703 251 1755 μοθέτησε
268 1702 348 1742 κατ’
370 1704 527 1742 ἐνιαυτὸν
547 1705 619 1748 τοῒς
638 1704 757 1747 Κείοις
774 1706 849 1752 μεθ’
864 1702 982 1742 ὅπλων
1003 1705 1130 1750 ἐπιτη-

77 1769 148 1817 ρεῖν
161 1762 226 1811 τὴν
244 1761 409 1809 ἐπιτολὴν
430 1767 490 1802 τοῦ
509 1763 630 1814 κυνὸς,
647 1763 709 1802 καὶ
734 1763 826 1802 θύειν
852 1765 960 1815 αὐτῷ.
974 1764 1032 1803 Cf.
1053 1766 1130 1801 He-

74 1824 208 1863 raclid.
232 1824 343 1862 Pont.
365 1823 408 1860 fr.
427 1837 451 1874 9
474 1823 591 1875 (tom.
618 1826 676 1870 ΙΙ,
691 1838 731 1875 p.
757 1829 831 1869 214
849 1823 876 1874 ).

583 1916 619 1953 5.

131 2005 262 2042 Schol.
283 2006 461 2044 Vatican.
484 2004 619 2052 Eurip.
638 2004 751 2040 Rhes.
769 2003 816 2039 36
839 2016 848 2038 ε
870 2000 941 2040 Τὸν
968 2003 1072 2041 Πᾶνα
1093 2003 1129 2040 οἳ

79 2062 143 2114 μὲν
162 2063 374 2110 Πηνελόπης
394 2061 480 2114 φασὶ
498 2061 583 2113 [ἢὲ]
607 2062 829 2104 Καλλιστοῦς
845 2060 906 2099 καὶ
924 2060 984 2098 δύο
1003 2062 1132 2104 παῖδας

76 2121 282 2172 γενομένους
303 2123 348 2173 (l.
365 2121 426 2159 καὶ
443 2120 524 2165 Διὸς
540 2121 650 2158 παῖδα
674 2119 880 2172 γενέσθαιῗ)
902 2121 980 2173 (ἀφ’
1001 2115 1043 2167 ἧς
1057 2120 1133 2173 ὄρος

79 2181 300 2232 Κυλλήνης)·
337 2180 437 2219 ἄλλοι
468 2179 504 2218 δὲ
524 2179 740 2223 ’Λπόλλωνος
763 2179 825 2218 καὶ
845 2178 1070 2232 Πηνελόπης,
1086 2181 1132 2223 ὡς

78 2241 138 2280 καὶ
153 2240 349 2294 Εὐφορίων·
362 2238 399 2278 ὃν
420 2238 568 2292 ἔθρεψαν
587 2238 744 2292 νύμφαι·
769 2238 821 2277 διὸ
847 2238 907 2277 καὶ
926 2241 1131 2291 νυμφαγενῆ

80 2299 184 2338 αὐτόν
209 2315 295 2353 φησι
311 2298 488 2352 τραφέντα
514 2300 601 2347 παρ’
624 2297 782 2342 ἐκείναις.
804 2297 962 2349 Ἀρ.ἢθος
983 2295 1074 2348 (sic)
1098 2297 1134 2336 δὲ

83 2362 103 2398 ὁ
129 2358 310 2408 Τεγεάτης
345 2356 489 2409 Αἷθέρος
517 2356 620 2395 αὐτὸν
660 2356 720 2395 καὶ
753 2355 889 2409 νύμφης
914 2356 1045 2403 Οἰνόης
1073 2372 1131 2408 γε·

30 2432 36 2439 “
83 2418 260 2469 νεαλογεῗ.
289 2415 405 2458 Ἔνιοι
437 2415 474 2454 δὲ
508 2415 694 2469 Ὀρσινόης
725 2416 861 2469 νύμφης
891 2415 952 2454 καὶ
980 2416 1132 2469 Ἑρμοῦ.

79 2477 309 2529 Ἐπιμενίδης
334 2475 370 2515 δὲ
391 2477 613 2520 Καλλιστοῦς
639 2476 700 2515 καὶ
726 2475 808 2520 Διὸς
835 2477 965 2520 παῖδας
991 2479 1133 2528 γεγενῆ-

81 2540 161 2576 σθαι
182 2538 287 2576 Πᾶνα
302 2535 363 2574 καὶ
386 2534 539 2588 Ἀρκάδα
561 2535 739 2586 διδύμους.

133 2597 222 2635 Non
254 2603 337 2633 erat
358 2608 427 2632 cur
459 2597 676 2644 Wagner-us
695 2595 832 2646 fragm.
854 2597 989 2645 Tragg.
1015 2609 1055 2645 p.
1084 2609 1134 2632 20

80 2654 225 2708 Ἀρῆθος
235 2662 402 2692 mutaret
417 2655 459 2691 in
478 2652 718 2706 Ἀρίσταρχος.
738 2656 870 2692 ΟΕηοε
889 2656 1002 2692 Panis
1012 2663 1135 2692 mater

84 2714 160 2764 (cf.
181 2715 312 2752 Schol.
332 2714 526 2753 Theocrit.
551 2715 590 2760 1,
617 2715 657 2764 3)
679 2715 920 2763 Tegeaticam
939 2716 1134 2752 narratio-

80 2786 170 2810 nem
196 2774 341 2823 arguit3
368 2773 557 2821 siquidem
575 2774 779 2810 Pausanias
800 2775 902 2819 VIII,
925 2778 990 2819 47,
1011 2786 1032 2809 2
1045 2803 1056 2822 ,
1087 2774 1135 2810 de

82 2834 285 2882 Tegeatico
300 2832 388 2869 fano
403 2833 581 2869 Minervae
607 2833 708 2869 Aleae
734 2832 853 2869 verba
879 2833 1041 2882 faciens,
1061 2845 1134 2869 arae

594 2958 630 2990 4.

124 3028 324 3069 Pherecydes
353 3030 386 3062 et
414 3029 575 3063 Ariaethus
596 3029 706 3070 cygnis
726 3030 850 3062 vectam
881 3032 1028 3071 Cyrenen
1045 3029 1139 3070 Apol·

84 3079 156 3114 linis
168 3081 301 3113 consilio
310 3081 343 3113 in
356 3082 503 3122 Cyrenen
517 3081 641 3114 venisse
653 3083 795 3114 narrant.

594 3152 627 3185 5.

127 3225 193 3256 Pan
207 3222 384 3256 secundum
406 3222 585 3256 Ariaethum
613 3223 752 3256 AEtheris
784 3224 817 3257 et
839 3225 961 3256 OEnoes
985 3222 1140 3265 nymphae

87 3274 237 3308 filiusest.

2156 211 2230 245 319

1185 291 1298 339 hujus
1324 293 1401 329 deae
1426 294 1633 342 insculptas
1655 306 1731 331 esse
1767 296 1819 331 ait
1843 297 1989 332 Rheam
2008 306 2045 334 et
2070 299 2232 335 OEnoen

1185 352 1392 399 nympham
1405 379 1416 397 ‚
1446 353 1648 400 parvulum
1666 354 1686 388 J
1691 366 1799 389 ovem
1814 361 1996 393 tenentes,
2010 357 2159 393 Ibidem
2171 358 2234 392 in—

1186 417 1244 446 ter
1261 407 1473 459 ἀναθήματα
1505 411 1637 459 templi
1660 419 1904 448 recensentur
1929 414 1965 449 αἱ
1984 412 2109 463 πέδαι,
2141 413 2234 460 πλὴν

1187 467 1270 511 ὅσας
1282 467 1450 521 ἠφάνισεν
1462 469 1575 506 αὐτῶν
1597 468 1664 515 ἰὸς,
1682 468 1722 513 ἅς
1740 485 1779 520 γε
1797 468 1933 521 ἔχοντες
1947 473 2234 522 Λακεδαιμονίων

1187 527 1218 564 οἳ
1234 526 1455 578 αἰχμάλωτοι
1475 525 1514 565 τὸ
1534 527 1651 565 πεδίον
1668 526 1864 578 ’Τεγεάταις
1876 527 2070 567 ἔσκαπτον·
2099 532 2207 568 addit
2225 545 2233 570 ζ

1189 584 1418 638 Μαρπήσσης
1441 601 1479 623 τε
1498 585 1684 632 ἐπίκλησιν
1703 585 1829 638 Χήρας
1849 585 2010 637 γυναικὸς
2028 588 2237 638 Τεγεατίδος

1187 644 1368 682 ἀνακεῒται
1384 643 1423 682 τὸ
1437 641 1556 682 ὅπλον.
1570 647 1673 682 Haec
1689 646 1857 682 notanda
1871 646 2024 683 fuissent
2041 648 2089 683 ad
2105 649 2238 684 Diniae

1187 704 1440 754 fragmentum
1455 703 1478 740 8
1503 703 1568 754 (ex
1599 703 1863 753 Herodiano),
1888 718 1927 753 p.
1955 705 2019 750 26,
2039 706 2239 742 ubiLace—

1188 763 1366 800 daemonii
1395 764 1514 799 vincti
1544 762 1686 800 flumen
1717 776 1788 812 per
1826 776 2005 812 eampum
2041 764 2239 801 deduxisse

1186 829 1390 858 narrantur
1407 834 1415 857 z
1436 822 1524 871 Περ
1538 820 1640 871 ιμήδ
1649 836 1694 864 ας
1710 822 1745 859 ἐν
1757 820 1873 874 Τεγέα
1893 820 2180 869 δυναστευούσης,
2196 821 2238 868 ἣν

1186 879 1386 917 οἱπλεῖστοι
1406 880 1553 917 καλοῦσι
1573 878 1721 932 Χοίραν.
1741 881 1940 919 Totusille
1955 882 2163 918 Herodiani
2182 882 2241 917 lo-

1188 952 1252 975 cus
1269 952 1389 988 quum
1405 940 1453 975 sit
1469 940 1746 987 quammaxime
1767 948 1971 988 corruptus
1982 967 1992 986 ‚
2009 953 2088 976 non
2105 940 2240 975 dubito

1188 999 1282 1046 quin
1301 998 1404 1034 istud
1424 995 1672 1049 Περιμήδας...
1693 996 1826 1049 Χοίραν
1840 1012 1884 1035 ex
1905 999 2091 1035 Pausania
2105 1000 2238 1034 corri—

1187 1057 1354 1106 gendum
1371 1058 1431 1094 sit.
1451 1058 1564 1094 Plura
1585 1057 1710 1094 dehac
1726 1059 1916 1106 Marpessa
1937 1059 2112 1108 exposuit
2141 1059 2241 1094 Pau-

1187 1118 1309 1153 sanias
1323 1118 1413 1155 VIII
1428 1145 1438 1163 ,
1463 1117 1528 1167 48,
1543 1121 1564 1160 4
1582 1130 1686 1166 sqq„
1700 1130 1785 1165 quae
1804 1125 1846 1153 tu
1862 1118 1962 1154 vide.

1633 1250 1807 1263 ⁴00—-

1398 1363 2036 1423 ARISTAENETUS.

1486 1488 1608 1526 HEPI
1637 1487 1952 1528 ΦΛΣΗΛΙΔΟΣ.

1246 1588 1426 1637 Stephan.
1444 1590 1535 1636 Byz.
1554 1601 1590 1627 v,
1614 1585 1709 1626 Γέλα
1728 1602 1736 1624 :
1757 1586 2009 1639 Ἀρισταίνετος
2027 1588 2057 1625 δ’
2069 1589 2104 1626 ἐν
2119 1586 2242 1640 πρώτῃ

1195 1646 1264 1683 τῶν
1282 1645 1373 1698 Περὶ
1391 1645 1605 1693 Φασήλιδα,
1623 1645 1677 1684 ὅτι
1694 1645 1826 1690 Λάκιος
1843 1646 1903 1684 καὶ
1918 1645 2125 1698 Ἀντίφημος
2139 1648 2247 1685 ἀδελ-

1194 1703 1251 1757 φοὶ
1279 1703 1435 1748 ἐλθόντες
1463 1705 1510 1749 εἷς
1538 1703 1693 1758 Δελφοὺς
1715 1705 1996 1756 μαντεύσασθαι·
2016 1705 2078 1752 τὴν
2109 1705 2144 1743 δὲ
2170 1707 2248 1744 Ur.-

1195 1762 1271 1800 θίαν
1285 1761 1383 1801 ούδὲν
1393 1762 1474 1815 περὶ
1484 1763 1624 1802 ἐκείνων
1640 1763 1825 1814 λέγουσαν,
1838 1763 2098 1816 προστάξαιτὸν
2111 1764 2244 1804 Λάκιον

1194 1820 1279 1873 πρὸς
1299 1817 1471 1866 ἀνατολὰς
1491 1822 1592 1869 ἡλίου
1614 1823 1731 1861 πλεῖν·
1754 1826 1814 1861 τοῦ
1846 1825 1876 1861 δ’
1898 1822 2112 1876 Ἀντιφήμου
2140 1823 2248 1874 γελοί-

1196 1896 1320 1925 σαντος
1336 1880 1399 1928 τὴν
1414 1880 1550 1919 Πυθίαν
1570 1883 1678 1920 εἰπεῖν
1697 1881 1804 1920 πάλιν
1820 1882 1948 1933 [πλεῖν
1964 1883 1978 1933 ]
1994 1883 2047 1935 ἐφ’
2069 1881 2170 1929 ἡλίου
2187 1883 2248 1920 δυ-

1198 1941 1296 1990 σμῶν
1307 1939 1367 1977 καὶ
1377 1939 1421 1987 ἢν
1437 1939 1478 1978 ἂν
1496 1940 1597 1978 πόλιν
1612 1939 1738 1992 οἷκήσῃ
1756 1943 1805 1988 (l.
1820 1940 1880 1979 καὶ
1896 1939 2010 1980 Γέλαν
2021 1957 2063 1980 π.
2077 1941 2207 1979 οἰκίσαι
2219 1941 2247 1993 ).

1249 1999 1306 2038 Cf.
1328 2002 1453 2048 Etym.
1477 2002 1532 2039 M.
1553 2014 1594 2050 p.
1620 1999 1695 2037 225
1727 2014 1735 2037 :
1761 1998 2010 2053 Ἀντίφημοςῆ
2033 1999 2244 2050 Δεινομένης

1196 2059 1214 2095 ὁ
1244 2056 1398 2106 Ῥόδιος,
1424 2057 1517 2096 κατὰ
1544 2057 1667 2111 χρόνον
1687 2058 1913 2111 (χρησμὸνὲ)
1935 2061 1982 2102 εἷς
1999 2059 2153 2112 Δελφοὺς
2180 2074 2252 2097 πα-

1197 2116 1443 2169 ραγενόμενος,
1475 2117 1624 2164 ἤκουσεν
1650 2120 1696 2162 ὣς
1725 2117 1796 2156 δέοι
1822 2117 1906 2171 πρὸς
1939 2117 2073 2168 δυσμὰς
2100 2119 2250 2156 ἀπιόντα

1195 2175 1298 2213 πόλιν
1322 2175 1468 2221 κτίζειν·
1499 2176 1557 2214 ἐπὶ
1580 2175 1616 2214 δὲ
1635 2179 1677 2228 τῇ
1706 2176 1962 2231 ἀπροσδοκήτῳ
1989 2178 2074 2230 ἀκοῇ
2103 2177 2250 2228 ἐγέλασε

1196 2234 1255 2272 καὶ
1281 2234 1350 2273 ἀπὸ
1369 2239 1430 2274 τοῦ
1457 2235 1657 2286 συμὸάντος
1676 2234 1838 2286 ὠνόμασε
1864 2235 1928 2282 τὴν
1948 2235 2064 2276 πόλιν.
2094 2239 2151 2274 De
2177 2240 2252 2274 An-

1197 2296 1367 2344 tipherno
1397 2297 1496 2333 Gelae
1516 2296 1717 2332 conditore
1744 2309 1783 2334 v.
1812 2295 2001 2334 Herodot.
2022 2298 2109 2342 VII,
2149 2295 2249 2341 153;

1197 2355 1372 2402 Thucyd.
1403 2356 1470 2401 VI,
1512 2359 1558 2402 43
1591 2356 1688 2400 VII,
1727 2353 1800 2401 573
1834 2356 1997 2392 Pausan.
2036 2356 2150 2401 VIII,
2181 2356 2250 2401 463

1197 2414 1325 2450 Schol.
1350 2415 1504 2454 Pindar.
1532 2415 1594 2452 Ol.
1621 2415 1679 2460 ΙΙ,
1706 2418 1767 2457 14.
1795 2415 1854 2451 De
1882 2415 2022 2459 Lacio,
2046 2414 2255 2451 Phaselidis

1199 2474 1413 2518 conditore,
1455 2482 1492 2511 et
1523 2474 1757 2523 Antiphemo
1791 2473 1837 2512 cf.
1874 2474 2042 2510 fabulam
2072 2475 2255 2510 Philoste-

1197 2534 1317 2582 phani
1337 2546 1400 2582 ap.
1425 2534 1564 2572 Athen.
1586 2535 1655 2570 VII
1669 2560 1680 2579 ‚
1706 2546 1747 2582 p.
1775 2545 1866 2581 297,
1886 2535 1939 2579 F;
1962 2541 1999 2569 et
2014 2546 2097 2581 quae
2117 2534 2255 2569 similia

1196 2601 1401 2630 narrantur
1430 2593 1479 2630 de
1504 2593 1687 2630 Telmisso
1713 2600 1751 2629 et
1779 2593 1939 2630 Galeota
1972 2605 2035 2641 ap.
2073 2592 2254 2641 Stephan.

1196 2653 1281 2700 Byz.
1313 2666 1352 2691 V.
1395 2652 1593 2691 Γαλεῶται.
1632 2652 1811 2691 Ceterum
1842 2665 1877 2687 v.
1918 2652 2255 2688 Raoul-Rochette

1196 2712 1323 2750 Etabl.
1345 2714 1384 2750 d.
1414 2714 1486 2751 col.
1516 2725 1576 2761 gr.
1610 2713 1687 2759 III,
1718 2724 1758 2760 p.
1791 2716 1887 2757 2513
1919 2710 2071 2748 Mulier.
2100 2712 2191 2749 Dor.
2214 2712 2252 2757 I,

1226 2799 1235 2808 .
1266 2784 1338 2807 110
1359 2784 1375 2806 s
1410 2801 1417 2808 .

1195 2783 1221 2819 p
1250 2784 1402 2879 Alium:I
1421 2838 1535 2880 puto,
1568 2831 1837 2868 Aristaenetum
1867 2835 2145 2866 commemorat
2178 2830 2253 2864 Eu-

1533 2969 1600 3007 DE
1625 2969 1693 3007 PH
1698 2968 1925 3007 ASELIDE.

1242 3061 1454 3093 Aristaenetus
1474 3059 1557 3092 libro
1573 3059 1677 3100 primo
1705 3062 1750 3092 De
1766 3059 1931 3092 Phaselide
1946 3058 2056 3091 narrat
2078 3057 2210 3090 Lacium
2223 3061 2257 3090 et

1201 3112 1421 3152 Antiphenum
1439 3111 1554 3143 fratres
1569 3111 1692 3143 oraculi
1716 3110 1920 3143 consultandi
1938 3118 2034 3142 causa
2050 3109 2190 3149 Delphos
2203 3116 2261 3140 ve-

1201 3164 1302 3204 nisse;
1322 3164 1472 3205 Pythiam
1494 3172 1572 3195 vero
1588 3163 1629 3195 ad
1647 3172 1702 3203 ea,
1720 3171 1795 3204 quae
1810 3162 1892 3195 scire
1913 3161 2088 3203 cupiisent‚
2109 3159 2188 3192 nihil
2203 3167 2250 3191 re-

1201 3215 1410 3256 spondentem
1425 3214 1518 3246 Lacio
1535 3214 1724 3255 imperasse,
1741 3215 1778 3247 ut
1795 3214 1952 3246 orientem
1965 3221 2077 3245 versus
2092 3211 2254 3250 navigaret

1203 3267 1404 3308 (urbemque
1428 3266 1593 3299 conderet.
1610 3266 1661 3299 Ob
1684 3267 1750 3299 tale
1773 3264 1988 3307 responsum)
2011 3272 2111 3305 quum
2136 3261 2254 3294 risisset

1202 3320 1426 3361 Antiphemus,
1441 3320 1517 3352 huic
1527 3320 1677 3361 Pythiam
1687 3319 1834 3360 jussisse,
1851 3320 1889 3351 ut
1904 3326 2054 3350 occasum
2067 3323 2178 3349 versus
2192 3322 2251 3346 na·

1204 3371 1344 3413 vigaret,
1362 3372 1394 3404 et
1410 3372 1522 3405 Gelam
1534 3371 1663 3413 (Risus)
1681 3371 1794 3404 urbem
1811 3370 1974 3403 conderet.
