2372 3704
88 241 179 294 γ486

153 324 304 360 Vossius
322 324 419 360 Hist.
435 324 502 361 Gr.
519 336 560 373 p.
582 323 657 359 226
679 337 686 359 z
711 339 726 355 «
746 325 872 360 Facile
887 324 1045 360 assentio
1059 323 1150 359 ami-

100 381 279 420 cissimo..
288 383 350 417 .M
357 383 481 418 eursio
493 410 503 428 ,
519 382 585 430 qui
600 381 763 418 eundem
779 383 1022 418 Ptolemaeum
1037 382 1149 418 intel·

100 440 213 488 ligit·
202 453 242 476 m
270 440 344 476 illis'
369 442 562 477 Ammonii
580 441 707 477 verbis
719 443 778 479 De
802 441 885 478 diff.
905 454 987 478 voc.
1009 439 1148 479 :³180u-

101 502 201 546 μαῖοι
220 496 280 535 καὶ
309 496 474 536 Ἰουδαῖοι
505 497 785 551 διαφέρουσιν,“’
761 515 806 541 ως
827 513 911 550 φησι
930 470 1149 547 Πτολεμαῖος

99 557 134 593 ἐν
166 555 295 608 πρώτῳ
326 556 416 609 Περὶ
445 556 604 608 Ἡρώδου
632 561 692 595 τοῦ
720 555 902 605 βασιλέως.
925 557 1071 605 Quodsi
1101 557 1148 593 de

98 616 253 652 Herode
272 618 442 666 scripsit,
463 620 634 666 Augusto
663 630 740 653 esse
772 617 965 664 antiquior
981 629 1059 651 non
1074 629 1149 664 po-

98 681 192 720 test;
219 687 310 711 nam
339 677 512 712 Herodes
539 678 608 712 iste
635 678 714 712 sine
745 677 863 712 dubio
895 682 950 711 est
977 675 1149 711 Herodes

98 735 274 782 Magnus,
304 736 371 783 qui
401 736 508 771 annis
538 736 844 783 quattuordecim
877 734 1035 770 decessit
1063 741 1149 778 ante

99 791 248 828 obitum
273 795 444 842 Augusti.
475 796 525 830 At
547 793 730 830 Mendesii
757 793 950 828 Ptolemaei
977 793 1149 827 meminit

96 853 225 900 Apion
238 880 249 897 ,
265 854 331 900 qui
352 853 421 887 snb
438 853 591 888 Tiberio
608 852 687 899 jam
700 853 852 887 maximi
871 852 1035 886 nominis
1052 858 1144 886 erat.

95 910 221 958 Quare
237 912 325 947 hinc
344 913 546 947 verisimile
559 911 614 956 fit,
636 912 795 959 Augusti
816 918 852 946 et
868 911 1021 946 fortasse
1035 910 1148 945 etiam

95 970 238 1006 Tiberii
267 978 440 1018 tempore
470 971 626 1016 vixisse,
656 969 865 1018 praesertim
907 980 1026 1015 quum
1061 975 1148 1003 ante

93 1029 284 1077 Apionem
316 1042 386 1065 nec
418 1030 544 1064 multae
576 1029 670 1064 adeo
703 1028 877 1063 lectionis
905 1026 1042 1062 Strabo
1076 1038 1146 1062 nec

93 1095 262 1124 veterum
281 1089 392 1131 alius,
416 1087 521 1135 quod
541 1088 655 1122 sciam
668 1115 677 1131 ,
696 1087 910 1122 meminerit
926 1084 990 1131 huj
999 1097 1040 1120 us
1059 1085 1147 1119 Pto-

91 1146 225 1186 lemaei.
246 1163 262 1179 »
281 1169 333 1174 —
348 1148 635 1182 Westermanno
651 1145 700 1181 ad
717 1146 755 1183 h.
776 1146 801 1182 l.
819 1145 937 1181 verba
955 1144 1146 1180 Ammonii

93 1216 226 1253 sapere
249 1205 427 1240 videntur
457 1205 698 1240 Ptolemaeum
722 1205 1001 1249 Ascalonitam‚
1040 1202 1146 1249 cnjus

91 1264 305 1299 testimonio
337 1275 426 1299 usus
458 1265 574 1300 etiam
604 1266 783 1300 Ammon.
817 1277 855 1299 v.
894 1259 1075 1314 σταφύλην
1108 1269 1145 1298 et

89 1321 231 1373 τριετές.
257 1325 306 1359 At
332 1323 378 1358 de
403 1323 586 1358 historico
613 1323 741 1371 aliquo
766 1323 878 1370 hujus
910 1322 1145 1372 grammatici

91 1393 206 1429 opere
228 1395 308 1418 non
332 1389 493 1420 constat.
522 1382 690 1430 cogitari
714 1383 835 1431 possit
861 1382 907 1418 de
939 1382 1140 1417 Ptolemaeo

90 1439 204 1476 fratre
224 1441 372 1477 Nicolai
397 1442 636 1478 Damasceni.

356 1660 844 1719 PYRRHANDER
859 1706 872 1718 .

363 1792 858 1833 ιιΕΛοιῑοΝΝΗΣιΑΚΑ.

596 1898 630 1924 1.

139 1960 333 1996 Plutarch.
359 1961 443 1997 Par.
459 1961 552 1999 min.
571 1973 603 1997 c.
620 1959 667 2007 37
688 1971 696 1998 :
718 1957 822 1998 Μετὰ
841 1957 904 2005 τὴν
918 1957 1025 1998 Ἰλίου
1047 1957 1140 1996 ἅλω-

87 2031 141 2055 σιν
160 2016 390 2069 Ἀγαμέμνων
408 2017 497 2068 μετὰ
524 2017 758 2071 Κασσάνδρας
779 2016 942 2069 ἀνῃρέθη.
965 2017 1136 2088 Ὀρέστης

87 2074 123 2113 δὲ
140 2076 237 2128 παρὰ
267 2076 430 2151 Στροφίῳ
460 2076 670 2129 ἀνατραφεις
695 2092 772 2119 τους
792 2082 904 2129 φονεῖς
929 2080 989 2114 τοῦ
1010 2077 1140 2129 πατρὸς

86 2134 344 2187 ἐτιμωρήσατο·
358 2138 404 2179 ὡς
422 2135 624 2189 Πύρανδρος
639 2133 956 2217 (Πύρρανδροςῗγ
940 2151 974 2173 εν
985 2135 1140 2189 τετάρτῳ

86 2193 442 2241 Πελοποννησιακῶν.

595 2303 633 2328 2.

138 2368 287 2403 Tzetzes
306 2367 354 2402 ad
385 2367 579 2414 Lycophr.
613 2365 711 2414 1339
739 2377 747 2403 :
781 2363 827 2403 ‘fl
853 2363 920 2417 γὰρ
942 2363 1058 2417 μήτηρ
1078 2367 1139 2402 τοῦ

84 2422 328 2475 Ἀλεξάνδρου,
353 2427 375 2470 ἡ
406 2422 613 2472 Ολυμπιὰς,
641 2425 687 2466 εἷς
716 2423 854 2475 Πύρρον
881 2423 938 2461 τὸν
956 2423 1139 2475 Ἀχιλλέως

86 2482 149 2521 καὶ
164 2481 311 2522 εἙλενον
328 2481 384 2519 τὸν
408 2482 573 2534 Πριάμου
594 2481 631 2519 τὸ
654 2481 750 2532 γένος
775 2482 940 2519 ἀνέκαθεν
963 2482 1139 2535 ἀνέφερεν,

84 2540 131 2585 ὥς
147 2556 234 2594 φησι
250 2541 462 2590 Θεόπομπος
486 2542 551 2590 (fr.
574 2540 669 2591 232)
688 2540 748 2578 καὶ
771 2540 981 2592 Πύρανδρος.
1004 2540 1139 2591 Ἀνάγει

85 2599 122 2638 δὲ
138 2599 177 2637 τὸ
195 2598 293 2650 γένος
309 2602 327 2637 ὁ
352 2599 414 2649 μὲν
436 2599 575 2651 Πύρρος
595 2599 641 2641 εἷς
667 2598 813 2646 Αἰακὸν,
835 2601 852 2636 ὁ
873 2598 908 2636 δὲ
927 2598 1074 2642 ἽΞλενος
1094 2600 1139 2641 εἷς

83 2659 279 2711 Δάρδανον.
299 2660 354 2696 Cf.
375 2661 510 2696 Justin.
530 2660 663 2703 XVII,
685 2658 721 2696 3.

590 2784 622 2815 1.

379 2855 765 2895 PELOPONNESIA
772 2857 847 2896 CA.

124 2938 200 2969 Post
215 2936 263 2968 llii
277 2936 436 2968 excidium
454 2940 650 2977 Agamemno
667 2945 742 2968 cum
754 2936 931 2968 Cassandra
948 2934 1135 2967 interfectus

85 2990 142 3020 est.
172 2989 302 3021 Orestes
330 2990 439 3019 autcm
458 2989 543 3028 apud
570 2989 756 3029 Strophium
779 2988 955 3027 educatus,
978 2987 1135 3018 occisores

85 3040 182 3083 patris
194 3040 281 3072 ultus
294 3040 353 3071 est.
371 3040 532 3079 Pyrander
546 3042 660 3080 quarto
681 3041 1035 3081 Peloponnesiacorum.

591 3107 624 3137 2.

125 3159 229 3191 Mater
252 3158 425 3191 Alexandri
453 3159 616 3199 Olympias
641 3169 739 3199 genus
766 3159 946 3191 deducebat
977 3167 995 3190 a
1013 3158 1134 3199 Pyrrho

84 3210 232 3250 Achillis,
251 3212 284 3242 et
298 3210 340 3242 ab
359 3210 479 3242 Heleno
502 3211 618 3242 Priami
639 3212 722 3251 filio,
743 3214 779 3243 ut
798 3212 842 3244 ait
858 3212 1084 3252 Theopompus
1101 3211 1134 3242 et

84 3263 256 3304 Pyrander.

588 3315 622 3347 3.

127 3368 287 3408 Pyrander
297 3369 328 3400 et
336 3367 538 3408 Hypsicrates
550 3369 724 3400 Homerum
733 3369 859 3401 Hesiodi
870 3369 1027 3409 aequalem
1040 3369 1133 3402 fuisse

85 3418 208 3456 dicunt.

855 235 1220 285 PYRRHANDRI,
1251 234 1552 286 PYRGIONIS,

1269 340 1283 356 «
1294 326 1465 361 Fortasse
1478 326 1678 374 legendum
1693 324 1918 377 Πείσανδρος.
1937 326 1994 365 Cf.
2007 328 2109 365 Bz‘bl.
2122 329 2162 363 d.
2181 330 2255 366 alt.
2311 357 2315 365 .

1209 383 1285 418 Lit.
1309 396 1344 419 ιι.
1365 386 1447 420 Kst.
1471 385 1589 433 11‚*p.
1618 384 1688 429 164
1708 393 1755 420 -et
1783 387 1914 433 fleyne
1935 385 1984 421 ad
2010 387 2141 434 virgil.
2169 387 2254 423 AEn.

1209 443 1262 487 ΙΙ,
1279 455 1318 491 p.
1341 442 1429 480 233.
1451 458 1466 475 »
1491 443 1665 479 Murum.
1685 444 1768 490 Qua
1788 443 2008 490 conjectura
2025 444 2134 480 facile
2149 457 2257 481 care-

1210 513 1305 536 mus.
1337 502 1510 537 Fortasse
1532 500 1779 538 Μακεδονιακά
1806 503 1867 538 vel
1895 500 2132 552 Ἠπειρωτικά
2159 504 2257 550 Pyr-

1209 558 1540 607 rhanderscripsit.
1554 558 1792 607 Quamquam
1808 568 1986 607 poterant
1997 561 2075 597 haec
2090 562 2201 597 etiam
2219 561 2259 596 in

1210 629 1256 652 eo
1283 617 1622 662 Πελοποννησιακῶν
1650 618 1738 653 loco
1770 619 1864 666 legi,
1893 631 1972 668 quo
1991 619 2038 656 de
2060 618 2197 668 Pyrrhi
2218 620 2259 655 in

1210 676 1340 724 Pelop.
1359 676 1472 711 rebus
1486 676 1598 723 gestis
1617 687 1741 711 sermo
1762 683 1856 715 erat.

1259 833 1349 870 ‚Vita
1367 833 1483 868 Hom.
1506 832 1570 881 ed..
1590 833 1745 871 Yriart.:
1760 829 1962 884 Πύρανδρος
1989 831 2099 883 (cod.
2117 829 2258 884 ιὟραν·-

1211 889 1301 941 δρος)
1322 889 1358 927 δὲ
1384 889 1443 927 καὶ
1464 888 1679 941 Ὑψικράτης
1694 889 1883 937 ἡλικιώτην
1913 892 1984 942 (sc.
2009 888 2174 929 Ἡσιόδου
2198 889 2259 928 τὸν

1209 946 1372 997 ςΌμηρον
1411 948 1588 998 γεγονέναι
1631 947 1756 1001 φασί).
1791 951 1988 998 Scripsisse
2018 950 2260 1001 Pyrrhander

1209 1008 1360 1045 videtur
1377 1007 1466 1059 Περὶ
1485 1009 1636 1054 ποιητῶν
1658 1007 1718 1046 καὶ
1735 1010 1927 1057 μουσικῶν.

1523 1212 1645 1249 ΠΕΡΙ
1676 1211 1810 1250 ΑἸἉΗ
1818 1210 1935 1248 ΤΩΝ.

1261 1309 1462 1345 Athenaeus
1475 1309 1581 1352 XIV,
1601 1320 1640 1356 p.
1665 1307 1755 1352 634,
1780 1309 1847 1343 D:
1878 1306 2113 1343 Aristarchus
2129 1317 2256 1354 gram-

1205 1369 1366 1403 maticus
1393 1365 1488 1416 γένος
1510 1366 1618 1402 αὐλοῦ
1646 1364 1748 1416 φησίν
1780 1358 1869 1402 εἶναι
1891 1364 1948 1402 τὸν
1969 1363 2136 1414 μάγαδιν.
2155 1365 2256 1401 Nihil

1207 1427 1253 1463 de
1273 1427 1330 1461 his
1354 1427 1625 1470 A1istoxenus‚
1654 1426 1749 1460 nihil
1772 1425 2048 1462 Archestratus.
2075 1423 2153 1462 Οὐκ
2177 1415 2253 1459 εἶπε

1206 1483 1242 1521 δὲ
1262 1487 1362 1520 τοῦτο
1389 1483 1466 1521 οὐδὲ
1489 1483 1750 1535 Πύρρανδρος’
1735 1498 1770 1520 εν
1794 1498 1843 1520 τω
1873 1482 1960 1534 Περὶ
1981 1483 2155 1530 αὐλητῶν,
2175 1478 2255 1518 οῦδὲ

1206 1542 1333 1586 Φίλλις
1351 1544 1369 1580 ὁ
1389 1543 1526 1588 Δήλιος.

1620 1667 1837 1682 ,ψ

1557 1768 1897 1827 PYRGION.

1493 1889 1718 1928 KPHTIKA
1746 1890 1966 1928 ΝΟΜΙΜΑ.

1512 1987 1540 2021 Ε
1568 1985 1719 2022 LIBRO
1748 1985 1944 2022 TERTIO.

1257 2071 1458 2107 Athenaeus
1488 2071 1552 2116 lv,
1573 2083 1614 2119 p.
1643 2069 1737 2116 143,
1765 2071 1795 2106 E
1817 2082 1826 2106 ε
1854 2066 2018 2120 Πυργίων
2037 2068 2067 2106 δ’
2089 2068 2124 2106 ἐν
2148 2068 2255 2122 τρίτῳ

1206 2128 1390 2179 Κρητικῶν
1419 2126 1591 2176 Νομίμων
1613 2144 1628 2161 «
1656 2126 1720 2166 Ἔν
1750 2129 1821 2170 τοῖς
1847 2126 2035 2170 συσσιτίοις
2061 2125 2198 2178 (φησὶν)
2218 2126 2252 2165 ὀἱ

1206 2189 1340 2239 Κρῆτες
1347 2185 1539 2234 καθήμενοι
1553 2186 1724 2223 εὐσιτοῦσι
1735 2200 1743 2208 ·
1756 2203 1772 2219 ι»
1781 2184 1840 2222 καὶ
1851 2184 1902 2223 ὅτι
1916 2184 2173 2233 ἀὸαμὸάκευτα
2180 2185 2252 2228 τοῖς

1203 2247 1361 2298 ὀρφανοῖς
1382 2243 1633 2296 παρατίθεται·
1654 2244 1714 2282 καὶ
1732 2243 1784 2282 ὅτι
1806 2246 1836 2282 οἱ
1859 2243 2023 2282 νεώτατοι
2043 2245 2158 2282 αὐτῶν
2173 2245 2252 2296 ἐφε-

1203 2310 1305 2342 στᾶσι
1323 2305 1557 2346 διακονοῦντες
1569 2318 1577 2326 ·
1598 2302 1658 2340 καὶ
1677 2302 1729 2340 ὅτι
1746 2305 1822 2353 μετ’
1849 2303 2020 2355 εὐφημίας
2045 2301 2251 2346 σπείσαντες

1203 2365 1272 2406 τοῖς
1291 2364 1378 2405 θεοῖς
1397 2361 1574 2414 μερίζουσι
1593 2363 1660 2398 τῶν
1681 2361 1966 2434 παρατιθεμένων
1984 2360 2135 2399 ἅπασιν·
2156 2362 2250 2398 ἄπο-

1203 2421 1346 2470 νέμουσι
1371 2419 1408 2458 δὲ
1423 2419 1569 2463 καὶτοῖς
1593 2421 1698 2470 υἱοῖς,
1725 2419 1817 2457 κατὰ
1837 2420 1894 2458 τὸν
1919 2423 2022 2467 θᾶκον
2044 2434 2103 2457 του
2120 2418 2251 2470 πατρὸς

1203 2478 1432 2531 ὑφιζάνουσιν,
1454 2477 1486 2522 εξ
1513 2477 1675 2527 ἡμισείας
1703 2479 1772 2515 τῶν
1792 2482 1861 2520 τοῖς
1883 2476 2029 2529 ἀνδράσι
2061 2479 2250 2528 παρατιθε-

1204 2554 1246 2587 με
1238 2538 1331 2576 ’.νων
1353 2537 1443 2581 lou<
1468 2537 1497 2575 8
1519 2535 1687 2589 ὀρφανους
1703 2538 1879 2609 ἰσομερεῖς
1895 2539 2001 2574 εἶναι·
2019 2534 2249 2588 παρατίθεται

1203 2599 1233 2635 δ’
1261 2598 1375 2640 αὐτοῖς
1396 2597 1654 2646 ἀίαμὸάκευτα
1682 2599 1725 2647 τῇ
1757 2596 1879 2648 κράσει
1907 2597 1985 2633 καθ’
2017 2594 2150 2632 ἕκαστα
2180 2595 2249 2631 τῶν

1203 2655 1474 2706 νενομισμένων.
1499 2657 1613 2693 Ἦσαν
1630 2655 1665 2692 δὲ
1682 2670 1741 2692 και
1756 2653 1880 2698 ξενικοι
1901 2658 1998 2692 θᾶκοι
2015 2652 2075 2691 καὶ
2094 2652 2248 2704 τράπεζα

1449 2795 1669 2835 CRETICA
1700 2794 1989 2834 INSTITUTA.

1238 2896 1372 2937 Pyrgion
1409 2897 1506 2927 lertio
1538 2895 1619 2927 libro
1657 2896 1879 2927 institutorum
1913 2894 2132 2937 Cretensium5
2160 2894 2205 2926 ait
2235 2907 2244 2926 :

1196 2962 1210 2977 «
1235 2952 1271 2981 ln
1308 2949 1446 2990 Syssitiis
1474 2949 1619 2980 sedentes
1649 2950 1816 2979 Cretenses
1845 2948 1989 2979 hilariter
2013 2947 2194 2987 epulantur.
2227 2959 2244 2975 »

1197 3003 1355 3043 Orphanis
1368 3003 1455 3033 cibos
1477 3002 1592 3042 apponi
1615 3001 1660 3032 ait
1682 3001 1770 3032 nullo
1794 3001 1951 3032 lenocinio
1969 3000 2132 3040 eondit0s;
2148 3001 2246 3032 aetate

1194 3056 1343 3088 minimos
1365 3057 1471 3086 autem
1490 3055 1615 3086 adstare
1631 3053 1842 3085 ministerium
1861 3053 2020 3084 facientes.
2040 3054 2155 3084 Fausta
2168 3061 2243 3092 pre-

1194 3108 1255 3140 cati
1274 3108 1353 3146 diis,
1373 3106 1570 3138 distribuunt
1586 3108 1669 3137 inter
1687 3114 1798 3137 omnes
1818 3105 1936 3136 fercula
1962 3105 2126 3144 apposita:
2146 3105 2242 3136 etiam

1194 3160 1284 3199 siliis,
1319 3161 1389 3200 post
1416 3159 1542 3198 patrum
1576 3154 1666 3189 sedes
1691 3157 1918 3195 assidentibus,
1948 3158 2071 3196 partem
2096 3155 2242 3187 tribuunt

1193 3211 1358 3243 dimidiam
1381 3218 1493 3242 eorum
1516 3218 1588 3250 quae
1613 3209 1687 3240 viris
1702 3208 1845 3248 apposita
1867 3208 1952 3239 sunt.
1985 3207 2144 3247 orphanis
2165 3216 2242 3238 vero

1193 3263 1298 3304 portio
1323 3262 1455 3302 aequalis
1480 3261 1593 3301 (atque
1617 3261 1709 3300 viris)
1733 3260 1904 3300 apponitur
1929 3260 1968 3291 de
1997 3259 2144 3290 omnibus
2167 3267 2241 3299 quoe

1192 3324 1234 3347 ex
1247 3314 1392 3346 instituto
1408 3313 1524 3354 apponi
1536 3313 1659 3351 soleut3
1676 3311 1731 3343 sed
1751 3311 1865 3342 horum
1886 3311 2014 3351 quidem
2031 3311 2135 3351 portio
2151 3310 2241 3342 nullo

1193 3366 1328 3398 artificio
1340 3367 1396 3397 aut
1408 3364 1566 3405 exquisita
1578 3363 1720 3395 mixtura
1733 3363 1860 3394 condita
1869 3365 1926 3395 est.
1942 3364 2041 3394 Erant
2055 3370 2131 3394 vero
2143 3361 2239 3394 etiam

1194 3418 1284 3451 sedes
1302 3417 1480 3458 hospitibus
1505 3415 1690 3455 destinatae,
1717 3416 1748 3446 et
1763 3416 1859 3446 tertia
1881 3423 2010 3452 mewa,
2034 3413 2074 3445 ad
2092 3413 2239 3446 dextram
