2372 3704
0 366 14 430 i

427 238 729 278 STESICles
758 238 1118 290 ATHENIENSIS,
1146 244 1465 286 TELEPHANIS
1493 248 1819 304 FRAGMENTA.

539 341 598 364 11.

98 402 240 441 Plinius
256 403 306 438 H.
327 403 375 438 N.
393 403 439 447 V,
459 401 522 447 31,
538 401 587 438 36
608 401 898 452 :(Cosinsula‚)
919 406 1090 453 utplures

46 464 281 507 existimant,
311 461 469 509 Il1erope
495 469 651 505 υο(ἀῑα,ι
682 462 780 506 Cea,
809 470 848 497 ut
867 462 1085 511 Staphylus.

0 534 10 567 g
45 541 97 548 —-
128 521 276 557 Nomen
295 519 469 568 staphyli
487 520 656 555 occurrit
675 519 792 555 etiam
819 521 860 555 in
875 520 1000 557 indice
1027 534 1089 557 au-

47 585 197 615 etorum
214 578 304 614 libri
318 579 381 616 IV.

540 660 600 684 12.

97 725 234 761 Strabo
262 725 382 773 X‚p.
402 723 493 770 476,
512 724 693 773 appositis
722 724 769 760 de
799 725 919 761 Cretae
953 726 1090 762 incolis

43 783 202 819 Homeri
223 781 316 832 (Od.
330 797 366 828 τ,
389 782 482 832 176)
502 783 694 829 versibus,

564 868 616 900 Ἐν
631 868 684 910 μὲν
699 869 831 910 Ἀχαιοὶ,

128 914 160 947 ἐν
169 915 197 946 δ’
212 914 408 955 Ἐτεόκρητες
425 915 628 956 μεγαλήτορες
640 939 649 954 ,
668 916 699 947 ἐν
714 917 746 947 δὲ
760 916 906 952 Κύδωνες

128 961 261 1003 Δωριέες
273 973 307 993 τε
319 962 475 1003 τριχάϊκες
488 962 549 995 δῖοί
562 973 597 995 τε
610 962 784 1004 Πελασγοί,
799 962 900 1009 pergit
917 975 925 994 ι

11 1047 15 1050 ’
47 1030 194 1072 Τούτων
207 1046 293 1084 φησι
314 1031 496 1085 Στάφυλος
512 1031 551 1070 τὸ
576 1032 638 1082 μὲν
656 1032 740 1105 πρὸς
760 1032 805 1070 ἕω
822 1034 965 1084 Δωριεῖς
985 1031 1087 1070 κατέ-

43 1105 132 1142 χειν,
153 1089 194 1129 τὸ
213 1089 249 1128 δὲ
264 1090 430 1141 δυσμικὸν
449 1091 636 1140 Κύδωνας,
662 1091 701 1129 τὸ
721 1090 757 1129 δὲ
778 1090 888 1130 νότιον
904 1090 1091 1142 Ετεόκρη-

0 1190 1 1193 ¹
43 1164 125 1196 τας,
142 1142 189 1187 ων
204 1141 292 1187 εἶναι
309 1148 487 1200 πολίχνιον
506 1151 665 1202 Πρᾶσον,
682 1149 767 1188 ὅπου
784 1165 823 1187 το
844 1153 904 1188 τοῦ
922 1149 1087 1188 Δικταίου

43 1206 123 1257 Διὸς
144 1206 254 1260 ἱερόν·
274 1207 352 1251 τους
375 1209 406 1246 δ’
432 1208 579 1255 ἄλλους,
604 1208 787 1261 ἰσχύοντας
806 1208 927 1258 πλέον,
950 1210 1090 1255 οἶκησαι

41 1264 85 1303 τὰ
107 1265 222 1305 πεδία.
241 1268 421 1316 Sequitur
432 1267 625 1305 Andronis
641 1265 876 1318 (Halicarn.)
895 1267 1027 1316 fragm.
1052 1271 1087 1310 4.

43 1325 130 1362 Vid.
153 1333 245 1365 tom.
259 1328 364 1376 II‚p.
382 1326 474 1374 349.

542 1401 602 1437 13.

93 1476 238 1513 Zenob.
255 1479 286 1514 V
299 1503 310 1522 ,
336 1477 384 1524 76
403 1490 411 1513 :
428 1473 607 1522 Πεύκης
623 1473 797 1527 τρόπον·
821 1473 910 1520 αὕτη
931 1473 1092 1511 τάττεται

43 1532 134 1571 κατὰ
152 1535 219 1571 τῶν
233 1534 457 1585 πανωλεθρίᾳ
478 1533 743 1583 ἀπολλυμένων·
760 1531 914 1584 παρόσον
934 1534 956 1577 ἡ
975 1546 1090 1578 πευκη

0 1634 3 1636 ,
42 1593 189 1630 κοπεῖσα
208 1590 323 1629 οὗκέτι
342 1591 480 1644 φύεται.
500 1591 689 1657 Μέμνηται
712 1590 748 1629 δὲ
768 1592 875 1637 αὐτῆς
907 1589 1091 1642 Στάφυλος

42 1652 60 1689 ὃ
80 1649 338 1702 Ναυκρατίτης.

95 1712 243 1747 Tzetzes
262 1710 356 1747 Hist.
373 1711 447 1758 IX,
470 1709 560 1748 833:

124 1801 313 1842 Ἐχεπευκές
325 1824 334 1841 ,
348 1802 543 1843 πανώλεθρον
557 1801 609 1832 καὶ
627 1801 663 1833 τὸ
675 1801 786 1841 πικρὸν
798 1799 924 1841 κυρίως,

126 1848 163 1880 ὲκ
178 1848 301 1890 δένδρου
315 1848 431 1885 πεύκης
448 1848 473 1879 δ’
486 1848 618 1888 ἔσχηκεν
628 1847 721 1887 ἄμφω
739 1849 794 1884 τήν
807 1848 916 1885 κλῆσιν
928 1845 1056 1883 ταύτην·

128 1897 149 1933 ἡ
164 1895 264 1932 πεύκη
276 1894 350 1935 γὰρ,
364 1896 406 1930 ὡς
423 1893 578 1933 Στάφυλός
592 1904 682 1933 φησιν
700 1895 718 1924 ὁ
731 1892 945 1934 Ναυκρατίτης
956 1918 964 1933 ,

124 1942 319 1983 πανωλεθρίᾳ
335 1942 477 1980 ὄλλυται,
490 1944 544 1979 τῆς
554 1944 686 1981 κορυφῆς
700 1940 859 1978 κοπείσης.

94 2014 152 2053 Cf.
181 2013 371 2051 Herodot.
387 2014 439 2050 VI
451 2042 460 2058 ,
479 2011 544 2057 37,
565 2013 694 2060 ibique
711 2013 886 2050 Creuzer.
912 2020 949 2048 et
964 2013 1085 2048 Baehr.

41 2074 213 2109 Fortasse
250 2072 410 2108 eandem
441 2083 522 2106 rem
543 2071 744 2119 Staphylus
771 2071 942 2106 narravit
975 2083 1089 2118 quam

0 2125 5 2169 ἶ·
42 2131 284 2178 Herodotus,
318 2131 385 2178 qui
415 2131 583 2167 Croesum
610 2130 662 2164 ait
685 2128 949 2177 Lampsacenis
973 2129 1088 2176 impe-

0 2202 4 2204 *
46 2201 166 2236 rasse,
185 2197 228 2226 ut
243 2189 453 2225 Miltiadem
469 2216 479 2234 ,
499 2201 612 2236 quem
637 2189 769 2224 vivum
797 2194 999 2235 ceperant,
1017 2188 1089 2222 sal-

1 2275 16 2294 2,
41 2261 132 2285 vum
160 2248 412 2293 dimitterent3
446 2247 476 2284 εἷ
510 2244 547 2284 δὲ
579 2245 643 2295 μὴ,
674 2245 781 2298 σφέας
814 2244 933 2288 πίτυος
962 2243 1089 2296 τρόπον

42 2304 233 2352 ἠπείλησεν
266 2304 438 2358 ἐκτρίψειν
473 2306 553 2343 κτλ.
584 2307 705 2352 Quem
739 2304 930 2341 Herodoti
962 2305 1090 2340 locum

42 2367 196 2414 respicit
223 2367 438 2401 Eustathius
456 2365 506 2401 ad
530 2366 642 2400 Hom.
661 2365 705 2402 11.
721 2377 761 2409 α,
790 2362 854 2413 51,
873 2376 913 2412 p.
943 2367 990 2406 42
1003 2389 1013 2407 ,
1041 2362 1089 2398 36

43 2430 81 2460 et
98 2424 239 2461 Gellius
253 2425 300 2462 N.
319 2426 366 2462 A.
383 2425 493 2468 VIII,
514 2428 551 2466 ί..

2123 265 2195 297 507

1175 356 1632 418 STESICLIDES
1671 361 2168 426 ATHENIENSIS.

1249 484 1274 518 Α
1285 482 1331 517 l‘l
1347 481 1524 520 ΟΝΤΩΝ
1562 483 1649 522 ΚΑΙ
1700 484 1988 528 ΟΛΥΜΠΙΟΝΙ
1996 492 2100 530 ΚΩΝ

1526 575 1817 617 ΑΝΑΓΡΑΦΗ.

1203 657 1367 705 Diogen.
1399 656 1523 695 Laert.
1558 659 1613 703 11,
1648 657 1713 699 55.
1749 660 1796 696 de
1825 661 2094 710 Xenophontis
2121 664 2199 702 filio

1149 715 1280 765 Gryllo
1295 727 1305 754 τ
1319 713 1482 765 Ἤκμαζε
1495 713 1531 753 δὲ
1545 714 1636 754 κατὰ
1648 716 1687 755 τὸ
1699 716 1864 770 τέταρτον
1874 718 1949 763 ἔτος
1962 722 2023 766 τῆς
2035 721 2201 774 τετάρτης

1157 775 1218 814 καὶ
1248 777 1476 823 ἐνενηκοστῆς
1510 775 1770 825 Ὀλυμπιάδος,
1813 778 1872 816 καὶ
1907 779 2104 828 ἅναὸέὸηκε
2138 784 2199 822 σὺν

1167 833 1271 888 Κύρῳ
1287 834 1344 872 ἐπὶ
1365 834 1532 887 ἄρχοντος
1553 834 1762 874 Ξεναινέτου
1780 836 1830 874 ἑνὶ
1849 837 2016 890 πρότερον
2045 839 2112 879 ἔτει
2138 845 2199 889 τῆς

1162 894 1368 946 Σωκράτους
1390 894 1565 939 τελευτῆς.
1581 893 1807 947 Κατέστρεψε
1825 894 1882 943 δὲ,
1895 896 1984 935 καθά
1998 913 2083 948 φησι
2104 902 2200 947 Στη-

1156 951 1328 998 σικλείδης
1345 953 1362 988 ὁ
1384 951 1560 997 Ἀθηναῖος
1579 953 1614 989 ἐν
1634 954 1677 1004 τῇ
1700 954 1769 990 τῶν
1783 953 1959 1005 ἀρχόντων
1982 955 2041 993 καὶ
2062 955 2198 1007 Ὀλυμ-

1156 1011 1320 1048 πιονικῶν
1360 1012 1566 1062 ἀναγραφῃ,
1600 1008 1668 1047 ἔτει
1703 1009 1831 1065 πρώτῳ
1858 1027 1919 1057 της
1943 1028 2105 1063 πεμπτης
2138 1015 2199 1053 καὶ

1158 1070 1348 1114 ἑκατοστης
1376 1067 1635 1118 Ὀλυμπιάδος,
1654 1068 1752 1107 girl*
1730 1084 1895 1121 αρχοντος
1916 1073 2199 1123 Καλλιδημίδου,

1158 1126 1209 1180 ἐφ’
1219 1129 1258 1164 οὗ
1270 1142 1330 1164 και
1350 1125 1529 1170 Φίλιππος
1547 1128 1564 1164 ὁ
1584 1125 1752 1176 Ἀμύντου
1770 1127 1984 1167 Μακεδόνων
2003 1124 2098 1181 ηρξε.
2116 1132 2197 1171 Τέ-

1157 1189 1259 1233 θνηκε
1278 1185 1306 1222 δ’
1326 1185 1360 1222 ἐν
1384 1183 1561 1237 Κορίνθῳ,
1582 1200 1628 1228 ως
1647 1200 1732 1237 φησι
1763 1186 1964 1239 Δημήτριος
1986 1190 2004 1225 ὃ
2025 1188 2194 1240 Μάγνης,

1154 1243 1221 1291 ἤδη
1240 1241 1372 1290 δηλαδὴ
1396 1242 1540 1295 γηραιὸς
1553 1244 1693 1286 ἱκανῶς.

1208 1304 1240 1341 Κ
1251 1302 1348 1339 αλλι
1359 1302 1408 1348 δη
1420 1300 1519 1351 μίδο
1529 1302 1573 1352 υ]
1593 1303 1668 1351 leg.
1680 1303 1761 1340 vid.
1776 1301 2023 1351 Καλλιμήδους
2042 1318 2089 1342 ex
2101 1308 2195 1343 Dio—

1155 1361 1241 1399 dor.
1274 1363 1384 1407 XVI,
1406 1374 1428 1396 2
1450 1369 1487 1397 et
1504 1362 1663 1409 Dionys.
1695 1363 1784 1400 Din.
1813 1375 1854 1410 p.
1878 1363 1968 1407 648.
1996 1366 2052 1401 De
2079 1378 2120 1401 re
2148 1366 2194 1401 cf.

1154 1421 1317 1457 Clinton.
1331 1421 1376 1456 F.
1397 1421 1446 1457 H.
1462 1420 1510 1455 ad
1524 1432 1584 1455 an.
1612 1419 1702 1458 360.

1432 1633 1924 1691 TELEPHANES.

1429 1749 1550 1788 ΠΕΡΙ
1579 1750 1681 1788 ΤΟΥ
1709 1751 1925 1790 ΑΣΤΕΟΣ.

1207 1848 1404 1884 Athenaeus
1421 1848 1526 1893 XIV,
1543 1860 1582 1895 p.
1604 1828 1697 1893 614,
1719 1851 1753 1885 D
1776 1861 1785 1887 τ
1808 1840 2015 1901 Ἱππόλοχος
2034 1848 2069 1887 δὲ
2088 1851 2106 1888 ὁ
2122 1852 2201 1889 Μα-

1151 1903 1259 1942 κεδὼν
1281 1906 1316 1942 ἐν
1334 1906 1377 1955 τῇ
1399 1903 1484 1955 πρὸς
1515 1903 1657 1954 Λυγκέα
1680 1906 1847 1958 ἐπιστολῇ
1872 1907 2114 1957 γελωτοποιῶν
2134 1908 2201 1957 με’-

1153 1977 1280 2012 μνηται
1310 1960 1574 2013 Μανδρογένους
1605 1961 1666 1999 καὶ
1701 1963 1907 2035 Στράτωνος
1935 1968 1994 2002 τοῦ
2032 1965 2199 2004 Ἀττικοῦ.

1153 2022 1291 2067 Πλῆθος
1310 2021 1339 2058 δ’
1358 2023 1399 2066 ἠν
1424 2019 1588 2065 Ἀθήνησι
1606 2022 1673 2066 τῆς
1682 2035 1803 2073 σοφιας
1821 2021 1962 2069 ταύτης.
1981 2022 2040 2065 Ἐν
2058 2027 2137 2073 γοῦν
2148 2026 2198 2061 τῶ

1152 2077 1309 2126 Διομέων
1338 2076 1383 2116 H
1392 2077 1545 2129 ρακλειω
1572 2077 1793 2128 συνελέγοντο
1823 2077 1988 2125 ἑξήκοντα
2019 2079 2113 2123 ὄντες
2142 2080 2200 2118 τὸν

1152 2135 1311 2188 ἀριθμὸν,
1328 2151 1388 2174 και
1408 2137 1441 2173 ἐν
1461 2138 1504 2188 τῇ
1523 2135 1673 2174 πόλειδὲ
1690 2135 1932 2185 ὠνομάζοντο,
1949 2139 1996 2181 ὡς
2020 2155 2035 2172 «
2059 2140 2105 2176 Οἱ
2123 2137 2199 2185 ἑξή-

1152 2210 1256 2232 κοντα
1273 2195 1367 2232 τοῦτ’
1387 2187 1621 2232 {tuomum-1
1643 2194 1727 2233 Ἀπὸ
1741 2197 1809 2232 τῶν
1826 2194 2025 2242 ἑξήκοντα”
2007 2210 2167 2248 ερχομαι.
2183 2213 2199 2231 υ

1151 2253 1214 2293 Ἐν
1245 2252 1282 2291 δὲ
1308 2253 1439 2296 τούτοις
1458 2256 1548 2299 ἦσαν
1581 2252 1813 2304 Καλλιμέδων
1841 2269 1880 2292 τε
1907 2256 1925 2292 ὁ
1957 2254 2121 2307 Κάραὸος
2140 2254 2199 2293 καὶ

1151 2309 1344 2357 Δεινίας,”
1326 2326 1376 2348 ετι
1393 2310 1430 2348 δὲ
1451 2309 1692 2362 Μνασιγείτων
1712 2310 1772 2348 καὶ
1798 2310 2074 2364 Μέναιχμος,”
2050 2329 2096 2357 ως
2112 2327 2198 2366 φησι

1152 2368 1395 2421 Τηλεφάνης’
1379 2385 1414 2407 εν
1433 2370 1483 2422 τῷ
1503 2368 1593 2421 Περι
1611 2372 1670 2407 τοῦ
1685 2368 1819 2413 ἄστεος.

1580 2506 1777 2521 “me——

542 2639 596 2670 12.

87 2702 257 2743 Staphylus
270 2703 374 2734 Cretae
384 2703 489 2742 partes
504 2702 618 2734 orienti
633 2702 783 2734 obversas
795 2711 812 2733 a
830 2701 1036 2734 Doriensibus
1047 2725 1056 2741 ‚
1074 2710 1092 2732 a

46 2755 233 2796 cydonibus
257 2755 408 2788 occiduas
434 2755 479 2788 ait
501 2756 680 2795 habitatas,
698 2757 876 2788 austrinam
901 2756 1025 2796 plagam
1051 2754 1092 2785 ab

45 2807 283 2848 Eteocretibus,
309 2817 446 2849 quorum
476 2809 536 2840 suit
562 2809 752 2849 oppidulum
782 2810 912 2840 Prasum
923 2832 932 2848 ,
966 2808 1019 2839 ubi
1045 2809 1092 2838 est

47 2858 159 2891 Dictaei
173 2860 263 2892 Jovis
280 2860 437 2900 templum
453 2872 460 2892 ε
475 2860 615 2901 reliquos
632 2861 703 2900 plus
716 2860 831 2892 virium
846 2860 996 2892 habentes
1009 2868 1090 2891 cam-

47 2912 162 2952 pestria
170 2912 353 2944 obtinuisse.
545 2959 559 2989 1
568 2958 588 2990 3

88 3020 214 3053 abietis
230 3023 268 3053 in
292 3022 444 3055 modum.
471 3023 680 3055 proverbium
699 3023 739 3054 de
768 3023 806 3055 iis
831 3024 1016 3063 usurpatur,
1037 3022 1091 3063 qui

50 3071 192 3104 funditus
213 3073 393 3114 perierunt,
413 3075 672 3115 quandoquidem
697 3075 783 3107 abies
798 3074 929 3115 praecisa
942 3083 1007 3106 non
1021 3083 1092 3106 am-

48 3122 130 3163 plius
144 3124 269 3156 crescit.
286 3125 433 3158 Meminit
444 3127 603 3166 proverbii
616 3127 788 3167 Staphylus
803 3126 998 3158 Naucratita.

76 3195 408 3237 ARCHONTUM
465 3199 532 3236 ET
591 3199 1062 3239 OLYMPIONiciRUM

439 3263 707 3303 RECENSUS.

91 3338 215 3371 Floruit
230 3341 407 3381 Xenophon
422 3343 539 3382 quarto
569 3351 653 3374 anno
668 3343 880 3389 nonagesimae
911 3344 944 3375 et
969 3344 1094 3383 quartae

54 3390 267 3431 Olympiadis,
285 3394 488 3434 ascenditque
507 3404 582 3426 cum
601 3398 702 3435 Cyro,
731 3396 884 3428 archonte
903 3397 1093 3433 Xenaeneto,

54 3449 135 3473 anno
151 3451 215 3474 uno
230 3446 303 3475 ante
319 3446 457 3478 Socratis
471 3447 617 3478 mortem.
636 3447 721 3479 Obiit
738 3449 844 3480 autem
855 3471 864 3487 ,
883 3448 918 3479 ut
933 3447 977 3479 ait
995 3448 1093 3480 Stesi-

1155 2630 1253 2662 clides
1267 2629 1464 2662 Atheniensis
1477 2629 1509 2660 in
1523 2629 1741 2669 Descriptione
1753 2629 1944 2661 archontum
1955 2630 1986 2661 et
1998 2630 2198 2670 olympioni-

1153 2690 1263 2714 carum
1273 2705 1283 2720 ‚
1293 2689 1377 2713 anno
1388 2680 1490 2721 primo
1500 2680 1680 2712 centesimae
1690 2680 1811 2720 quintae
1821 2680 2016 2721 Olympiadis
2024 2705 2033 2721 ,
2045 2682 2199 2714 archonte

1153 2732 1378 2771 Callidemide,
1396 2741 1462 2772 quo
1480 2732 1513 2763 et
1530 2731 1693 2772 Philippus
1721 2732 1869 2771 Amyntae
1885 2732 1968 2763 tilius
1986 2732 2071 2772 apud
2088 2734 2196 2764 Mace-

1152 2785 1252 2818 dones
1267 2785 1435 2825 imperium
1449 2784 1599 2824 suscepit.
1617 2783 1704 2815 Obiit
1726 2783 1870 2815 Corinthi
1882 2807 1891 2822 ‚
1905 2785 1942 2815 ut
1956 2784 2001 2816 ait
2018 2785 2199 2817 Demetrius

1152 2838 1298 2877 Magnes,
1315 2835 1355 2867 ad
1374 2836 1535 2867 maturam
1553 2834 1619 2875 Jam
1634 2835 1804 2874 provectus
1819 2836 2028 2868 senectutem.

1357 2939 1423 2977 DE
1448 2937 1826 2987 (ATHENARUM)
1849 2936 2001 2976 URBE.

1196 3032 1412 3073 Hippolochus
1440 3031 1570 3063 Macedo
1597 3031 1630 3063 in
1653 3031 1794 3071 Epistola
1817 3031 1858 3063 ad
1891 3033 2055 3072 Lynceum
2069 3054 2078 3070 ‚
2107 3038 2197 3061 scur-

1154 3093 1261 3118 rarum
1278 3083 1424 3115 meminit
1446 3082 1667 3123 Mandrogenis
1682 3083 1715 3114 et
1727 3082 1884 3115 Stratonis
1899 3082 2009 3114 Attici.
2025 3080 2197 3114 Multitudo

1153 3146 1230 3169 vero
1244 3136 1375 3168 Athenis
1390 3137 1459 3167 erat
1471 3135 1638 3166 hominum
1651 3136 1753 3167 artem
1769 3135 1851 3166 hanc
1870 3134 2087 3175 profitentium
2107 3143 2114 3164 :
2141 3132 2197 3172 qui

1154 3189 1162 3220 i
1166 3198 1185 3220 n
1198 3188 1413 3220 uiomensium
1423 3187 1575 3219 Heracleo
1583 3187 1868 3227 congregabantur,
1877 3186 2039 3226 sexaginta
2049 3192 2195 3220 numero,

1154 3241 1250 3280 atque
1260 3239 1354 3271 etiam
1369 3239 1430 3269 hoc
1444 3238 1511 3278 ipso
1521 3238 1650 3270 nomine
1660 3238 1692 3269 in
1703 3238 1782 3269 urbe
1794 3237 2044 3278 appellabantur,
2055 3236 2090 3266 ut
2100 3234 2196 3273 vulgo

1154 3291 1312 3322 diceretur
1327 3289 1417 3321 verbi
1432 3298 1544 3330 causa,
1558 3290 1831 3329 Sexoqinta-viri
1846 3288 1907 3320 hoc
1924 3287 2092 3319 dixerunt
2098 3295 2111 3323 ,·
2127 3285 2194 3321 aut,

1161 3345 1261 3376 Venio
1274 3352 1296 3375 a
1313 3343 1614 3383 sexaqinta-viris.
1633 3345 1778 3380 Quorum
1792 3341 1825 3372 in
1838 3349 1972 3372 numero
1987 3338 2077 3371 erant
2096 3335 2194 3368 Calli-

1156 3395 1271 3427 medon
1294 3394 1436 3427 carabus
1463 3396 1496 3426 et
1522 3394 1649 3434 Dinias,
1679 3394 1755 3425 item
1784 3392 1981 3431 -Mnasigiton
2018 3391 2049 3421 et
2079 3390 2192 3419 Menae-

1156 3448 1267 3479 chmus
1276 3471 1284 3487 ‚
1298 3447 1331 3478 ut
1344 3446 1440 3478 tradit
1450 3446 1644 3486 Telephanes
1654 3445 1686 3476 in
1701 3445 1780 3476 libro
1791 3446 1837 3476 De
1851 3443 1945 3475 Urbe.
