2372 3704
0 171 9 221 {f

0 291 9 334 ἶ
38 301 190 353 λουμένη
208 301 243 339 ἓν
258 299 408 352 Εὗὸοίᾳ.
429 299 660 350 Ἐτυμολογεῒ
675 297 711 336 δὲ
735 299 907 349 Τεῦκρος,
927 295 979 334 ὅτι
999 295 1085 349 φησὶ

0 365 3 406 ἶ
40 363 109 399 τῶν
127 361 162 399 ἐν
181 363 224 411 τῇ
241 358 338 410 νήσῳ
354 356 439 396 ποτὲ
459 357 592 395 ὑδάτων
612 355 824 395 ἐκλιπόντων
840 355 899 393 καὶ
918 356 1086 404 ποταμῶν

0 409 3 423 ²
40 419 100 458 καὶ
130 420 265 469 πηγῶν,
299 417 387 467 μόνη
423 415 512 462 αὕτη
536 414 663 465 ὁμοίως
694 414 840 464 διέμεινε
876 412 1083 464 πολύυδρος.

0 502 2 506 -
41 475 147 530 Παρὰ
162 475 202 514 τὸ
220 474 360 527 βέὸαιον
380 468 438 512 οῧν
460 473 521 512 καὶ
540 472 732 522 ἀνελλιπὲς,
752 471 898 511 Bagada.

544 555 581 592 3.

446 642 672 681 ΟΡΙΣΜΟΙ.

95 736 292 772 Athenaeus
309 736 362 780 X,
384 748 425 784 p.
450 734 540 781 455,
562 737 604 772 E.
624 735 788 783 Griphus
807 735 846 769 in
864 734 1056 770 cochleam
1075 746 1083 768 :

43 791 199 845 Φέρεται
216 792 251 830 δὲ
268 796 368 830 τοῦτο
383 791 443 830 καὶ
465 794 498 830 ἐν
515 792 586 835 τοῖς
603 789 759 844 Τεύκρου
781 789 979 842 Ὁρισμοῖς·

121 880 207 911 Ζῶον
222 879 319 910 ἄπουν
331 878 502 911 ἀνάκανθον
517 878 663 910 ἀνόστεον
680 877 912 918 ὀστρακόνωτον

121 925 247 967 ὄμματά
259 926 286 957 τ’
299 926 491 958 ἐκκύπτοντα
504 926 667 966 προμήκεα
679 924 917 956 κείσκύπτοντα.

456 1029 672 1045 -ψ-

127 1118 508 1176 TEUPALUS
546 1116 994 1174 ANDRIENSIS.

434 1229 683 1270 ΗΑΕΙΑΚΑ.

89 1331 268 1380 Stephan.
291 1332 403 1378 Byz.:
426 1327 690 1381 Ἀνδρία,πόλις
708 1327 899 1371 Ἠλείας...
922 1328 967 1367 Ὁ
983 1330 1083 1367 πολί·

35 1405 97 1437 της
116 1386 299 1440 Ἆνδριεύς.
315 1383 497 1430 Τεύπαλος
513 1389 530 1424 ὁ
549 1386 685 1439 γράψας
704 1386 875 1425 Ἠλειακά
899 1388 970 1437 (sic
992 1389 1079 1426 cod.

34 1448 241 1497 Rhediger.
253 1458 265 1496 ς
285 1447 400 1495 vulgo
420 1444 558 1484 Ἰλιακά
569 1447 595 1493 ).

475 1573 646 1586 --αοθο-»

131 1663 572 1721 THEAGENES
611 1658 999 1726 (MACEDO).

88 1783 245 1820 Photius
264 1782 352 1819 cod.
374 1782 460 1828 161,
477 1795 518 1831 p.
544 1787 614 1825 104
628 1809 638 1827 ,
657 1783 682 1818 b
694 1811 704 1828 ‚
725 1782 789 1828 15,
807 1784 1011 1832 Sopatrum
1027 1784 1084 1820 di-

36 1842 88 1879 cit
105 1842 332 1890 Eclogarum
356 1841 496 1877 librum
525 1834 715 1878 decimum
745 1843 1020 1878 consarcinasse
1041 1855 1085 1879 ex

35 1900 275 1949 Cephalionis
288 1901 402 1935 Erato
415 1927 425 1945 ‚
442 1912 524 1946 quae
537 1900 740 1935 Alexandri
753 1901 805 1935 M.
822 1913 881 1936 res
896 1901 1081 1946 narravit,

37 1970 83 1995 ex
92 1958 285 2006 Apollonii
302 1958 419 1994 Stoici
432 1957 539 1992 libris
550 1959 607 1993 De
624 1959 845 1993 mulieribus
861 1959 1082 2003 illustribus,

38 2014 111 2054 καὶ
139 2016 188 2052 ἐκ
214 2016 299 2052 τῶν
320 2013 563 2064 Θεαγένους
592 2014 631 2052 δὲ
665 2016 975 2053 Μακεδονικῶν
994 2030 1051 2052 πα
1064 2038 1083 2044 -

36 2071 178 2124 τρίων,
194 2081 232 2110 et
247 2086 294 2110 ex
305 2075 399 2110 Vitis
410 2074 617 2109 Plutarchi.
640 2075 784 2111 Titulus
804 2072 937 2123 πάτρια
954 2074 1083 2111 Μακε-

36 2131 155 2169 δονικά
166 2160 176 2177 ,
203 2133 390 2180 siquidem
418 2134 602 2181 genuinus
628 2140 684 2168 est
707 2133 718 2182 (
733 2140 833 2169 certe
869 2134 1079 2181 Stephanus

36 2192 257 2239 simpliciter
266 2192 502 2240 Theagenem
512 2191 547 2227 ἐν
560 2191 809 2233 Μακεδονικοῖς
821 2193 936 2227 citare
946 2192 1077 2241 solet),

35 2257 100 2286 aut
117 2250 169 2285 ita
189 2250 435 2297 explicandus
448 2257 503 2285 est
521 2257 564 2285 ut
579 2249 763 2298 significet
774 2277 784 2295 ,
806 2251 860 2285 De
874 2251 979 2285 rebus
993 2251 1080 2285 Ma-

35 2358 109 2390 inde
124 2358 270 2397 deducit,
289 2358 375 2399 quod
388 2381 397 2396 ‚
411 2367 512 2399 quum
534 2358 648 2399 reliqui
666 2359 779 2390 insulae
798 2358 885 2390 fluvii
914 2359 1082 2399 fontesque

35 2407 197 2449 quondam
216 2408 420 2447 defecissent,
444 2409 496 2440 ille
512 2408 598 2440 solus
625 2409 718 2440 sicuti
743 2411 837 2441 antea
857 2418 940 2449 aqua
958 2419 1082 2450 semper

35 2461 238 2493 abundasset.
263 2463 375 2501 Itaque
395 2461 437 2493 ob
449 2470 544 2502 aquae
565 2471 731 2502 nunquam
747 2462 922 2494 deficientis
935 2464 1079 2494 constan·

35 2513 112 2545 tiam
129 2514 273 2555 (βέὸαιον
286 2514 297 2553 )
310 2514 506 2554 appellatum
523 2523 590 2546 esse
605 2514 749 2546 Βεὸαίαν.

541 2586 576 2618 3.

370 2660 746 2699 DEFINITlONES.

77 2747 114 2776 In
128 2745 292 2776 cochleam
320 2745 419 2778 etiam
441 2745 473 2777 in
487 2746 602 2778 Teucri
630 2746 877 2780 Definitionibus
901 2748 952 2780 hic
969 2748 1080 2788 legitur

37 2797 189 2838 griphus:

105 2866 222 2895 Animal
235 2867 298 2895 sine
307 2867 440 2904 pedibus,
449 2868 512 2896 sine
520 2869 611 2905 spinis
618 2890 626 2903 ‚
637 2868 700 2897 sine
707 2868 830 2901 ossibus,
845 2870 973 2898 testaceo
985 2872 1078 2905 tergo,

104 2915 261 2951 praelongis
273 2916 383 2949 oculis,
398 2916 449 2953 qui
462 2918 631 2945 extrorsum
656 2919 836 2946 exseruntur
861 2920 890 2946 et
916 2917 1078 2946 introrsum

862 2962 1026 2996 [recedunt.

462 3009 662 3049 ELIACA.

76 3097 211 3136 Andria,
226 3098 303 3130 urbs
316 3090 424 3132 Elidis.
452 3099 538 3132 Civis
556 3100 756 3140 Andriensis‚
775 3101 912 3133 testante
927 3101 1079 3142 Teupal0‚

34 3149 91 3190 qui
106 3150 214 3183 Eliaca
226 3151 362 3192 scripsit.

384 3221 731 3262 MACEDONICA.

540 3305 573 3337 1.

76 3367 282 3407 Acesameni,
309 3367 386 3400 urbs
410 3368 622 3409 Macedoniae,
655 3370 692 3401 ut
720 3369 913 3410 Theagenes.
943 3368 1077 3402 Condita

35 3416 114 3450 urbs
124 3418 165 3451 ab
179 3421 373 3452 Acesameno
381 3444 391 3461 ‚
411 3429 476 3453 uno
489 3429 531 3454 ex
546 3421 657 3454 Pieriae
670 3421 806 3463 regibus.

481 212 701 252 TEUPALI
731 209 1058 258 ANDROENSIS,
1090 209 1382 249 THEAGENIS
1411 177 1743 251 fiRAGMENTA.

2110 221 2188 255 509

1150 298 1319 332 cedonioe
1334 302 1488 346 patrioe,
1513 306 1577 334 aut
1599 300 1674 344 ita,
1696 307 1738 335 ut
1754 301 1800 336 sit
1824 314 1831 334 :
1855 303 1911 337 De
1928 305 2127 351 originibus
2156 311 2195 341 et

1148 354 1303 390 historia
1322 357 1464 392 urbium
1493 358 1839 403 Macedonicarum,
1866 373 1943 407 quo
1964 374 2071 397 sensu
2088 363 2191 410 apud

1149 413 1334 449 citerioris
1351 415 1417 449 aevi
1430 416 1638 462 scriptores
1654 429 1728 451 vox
1747 414 1877 467 πάτρια
1898 419 2070 455 adhiberi
2085 421 2190 456 solet.

1149 471 1231 515 Sic,
1268 478 1312 506 ut
1344 485 1462 507 unum
1496 473 1670 521 afferam,
1700 472 1966 510 christodorus
1993 477 2062 511 sub
2087 479 2192 513 Ana-

1149 530 1258 564 stasio
1288 527 1419 580 ποίτρια
1438 531 1587 579 scripsit
1608 531 1761 567 urbium
1789 544 1903 580 quam
1928 534 2190 580 plurimarum.

1493 607 1845 649 ΜΑΚΕΔΟΝΙΚΑ.

1658 712 1688 734 1.

1204 768 1384 822 Stephan.
1414 775 1504 822 Byz.
1535 787 1545 812 τ
1574 772 1818 823 Ἀκεσαμενοί,
1837 772 1935 817 πόλις
1955 774 2192 825 Μακεδονίας,

1150 832 1195 873 ὡς
1217 830 1410 880 Θεαγένης.
1435 831 1579 882 Κτίσμα
1597 831 1853 883 Ἀκεσαμένου,
1875 831 1947 875 ἑνὸς
1967 834 2034 870 τῶν
2055 834 2089 870 ἐν
2107 835 2195 873 Πιε-

1151 888 1206 941 ρίᾳ
1227 889 1520 940 βασιλευσάντων.

1648 963 1684 985 2.

1202 1019 1308 1054 Idem
1335 1032 1343 1054 :
1366 1016 1503 1065 Ἀλτός,
1528 1017 1657 1069 χωρίον
1674 1016 1956 1069 Θεσσαλονίκης,
1986 1019 2032 1061 ὥς
2052 1017 2194 1069 Θεαγέ-

1152 1091 1211 1123 νης
1231 1078 1264 1113 ἐν
1285 1076 1488 1129 Μακεδονία
1506 1077 1599 1128 (sic).

1656 1130 1690 1166 3.

1201 1210 1306 1245 Idem
1321 1221 1330 1246 :
1347 1207 1489 1255 Βάλλα,
1506 1207 1604 1251 πόλις
1619 1207 1858 1254 Μοωιέδονίας,
1874 1209 1920 1251 ὡς
1941 1207 2076 1254 Πέλλα,
2093 1209 2112 1246 ὁ
2130 1223 2194 1246 πο·

1147 1265 1244 1312 λίτης
1266 1266 1451 1308 Βαλλαῒος.
1470 1265 1648 1315 Θεαγένης
1664 1267 1698 1303 ἐν
1710 1264 1922 1318 ,Μακεδονίᾳ
1943 1266 2042 1317 (sic)·
2059 1283 2075 1300 «
2093 1267 2197 1304 Βαλη

1147 1323 1263 1367 λαίους
1278 1322 1485 1374 μεταγαγὼν
1497 1324 1544 1367 εἷς
1556 1323 1613 1361 τὸν
1630 1327 1687 1361 νῦν
1699 1323 1884 1375 λεγόμενον
1897 1323 2026 1362 Πύθιον
2041 1323 2161 1362 τόπον.
2175 1341 2191 1358 υ

1648 1402 1669 1441 [ι
1676 1428 1685 1436 .

1198 1468 1304 1503 Idem
1334 1481 1343 1503 :
1370 1466 1645 1519 Ἐλευθερίσκος,
1667 1465 1766 1510 πόλις
1795 1466 2031 1511 Μακεδονίας.
2054 1465 2192 1518 Θεαγέ-

1148 1539 1209 1570 νης
1225 1524 1487 1568 Μακεδονικοῖς.

1648 1578 1685 1615 5.

1202 1652 1309 1688 Idem
1341 1666 1348 1687 ε
1389 1651 1528 1698 Κύδνα,
1558 1650 1657 1694 πόλις
1682 1650 1916 1697 Μακεδονίας,
1949 1650 2129 1702 Θεαγένης
2156 1652 2191 1689 ἐν

1148 1710 1410 1752 Μακεδονικοῖς·
1429 1709 1452 1756 ἣ
1467 1708 1557 1747 κατὰ
1575 1708 1802 1762 παραφθορὰν
1821 1707 1942 1748 Πύδνα
1956 1709 2108 1760 λέγεται.

1651 1791 1687 1828 6.

1198 1861 1304 1896 Idem
1327 1873 1335 1898 ε
1356 1858 1456 1905 Λήτη
1468 1890 1478 1906 ,
1494 1859 1592 1903 πόλις
1612 1857 1830 1902 Μακεδονίας
1842 1888 1852 1905 ,
1872 1857 1942 1896 ἀπὸ
1959 1861 2020 1896 τοῦ
2039 1857 2192 1905 πλησίον

1146 1917 1331 1970 ἱδρυμένου
1349 1919 1484 1964 Λητοῦς
1506 1919 1598 1969 ἱεροῦ
1610 1946 1620 1964 ,
1640 1919 1686 1960 ὡς
1707 1915 1886 1966 Θεαγένης
1905 1917 2164 1960 Μακεδονικοῖς.

1650 2013 1687 2045 7.

1199 2075 1305 2110 Idem
1329 2087 1338 2110 ε
1370 2071 1505 2119 Μίεζα,
1532 2071 1630 2115 πόλις
1656 2070 1896 2117 Μακεδονίας,
1923 2071 1946 2117 ἣ
1977 2070 2191 2122 Στρυμόνιον

1146 2133 1303 2171 ἐκαλεῖτο
1317 2162 1327 2181 ,
1351 2131 1419 2169 ἀπὸ
1446 2130 1577 2178 Μιέζης
1596 2130 1760 2182 Θυγατρὸς
1778 2129 1927 2178 Βέρητος
1943 2133 2002 2166 τοῦ
2024 2129 2188 2168 Μακεδό-

1145 2204 1216 2236 νος,
1246 2191 1291 2232 ὡς
1319 2188 1496 2240 Θεαγένης
1523 2190 1557 2226 ἐν
1584 2188 1844 2230 Μακεδονικοῖς.
1871 2186 1982 2239 Βέρης
2001 2186 2068 2239 γὰρ
2098 2191 2190 2238 τρεῖς

1147 2248 1330 2300 ἐγέννησε,
1369 2248 1515 2293 Μίεζαν,
1551 2246 1709 2299 Βέροιαν,
1743 2244 1919 2296 Ὀλγανον
1964 2243 2180 2297 (ὌλκιμονΡ

1652 2361 1687 2392 2.

1185 2426 1296 2465 Altus,
1323 2427 1412 2458 locus
1443 2434 1540 2466 prope
1555 2424 1798 2457 Thessalonicen
1811 2448 1819 2463 ,
1839 2425 1875 2455 ut
1890 2423 2072 2463 Theagenes
2091 2422 2135 2454 ait
2155 2421 2189 2453 in

1144 2478 1365 2510 Macedonicis.
1649 2521 1668 2552 3

1185 2588 1283 2626 Balla,
1309 2587 1385 2619 urbs
1404 2586 1600 2618 Macedoniae
1614 2610 1622 2625 ,
1637 2587 1673 2617 ut
1693 2585 1788 2617 Pella.
1811 2584 1898 2617 Civis
1914 2584 2062 2616 Ballaeus.
2083 2582 2188 2614 Thea-

1142 2647 1236 2679 genes
1262 2639 1293 2670 in
1319 2638 1528 2670 Macedonicis
1547 2650 1554 2669 :
1575 2650 1590 2664 «
1609 2637 1742 2669 Ballaeos
1765 2637 1957 2668 transferens
1980 2635 2013 2666 in
2038 2634 2189 2675 Pythium

1146 2690 1252 2722 locum
1266 2690 1418 2731 quinunc
1436 2690 1580 2721 vocatur.
1599 2701 1613 2716 »

1646 2760 1680 2791 4.

1185 2828 1438 2867 mentha-iscus,
1461 2827 1536 2859 urbs
1552 2825 1756 2858 Macedoniae.
1780 2824 1962 2864 Theagenes
1986 2822 2019 2854 in
2041 2821 2190 2855 Macedo-

1143 2880 1232 2913 uicis.

1647 2920 1682 2952 5.

1185 2983 1314 3024 Cydna,
1334 2982 1409 3014 urbs
1423 2965 1633 3019 Macedoniae,
1649 2980 1685 3010 ut
1703 2978 1886 3019 Theagenes
1907 2977 1940 3009 in
1953 2975 2164 3010 Macedonicis
2174 2986 2185 3015 3

1143 3046 1215 3078 quae
1232 3035 1368 3068 nominis
1382 3034 1587 3074 corruptione
1602 3031 1718 3064 dicitur
1734 3031 1855 3072 Pydna.

1644 3107 1680 3139 6.

1184 3177 1276 3214 Lete,
1295 3175 1372 3207 urbs
1383 3173 1597 3212 Macedoniae,
1616 3180 1636 3204 a
1659 3170 1789 3204 Latonis
1799 3169 1890 3209 sano,
1905 3167 1991 3209 quod
2006 3167 2039 3198 in
2060 3164 2186 3206 propin-

1142 3237 1206 3269 quo
1221 3229 1279 3267 est,
1294 3227 1338 3259 sic
1351 3226 1514 3258 nominata
1523 3249 1532 3265 ,
1544 3226 1581 3257 ut
1595 3224 1641 3256 ait
1653 3223 1835 3263 Theagenes
1847 3221 1879 3252 in
1900 3217 2121 3252 Macedonicis.

1645 3296 1679 3328 7.

1183 3363 1303 3402 Mieza,
1320 3361 1398 3394 urbs
1423 3360 1640 3400 Macedoniae,
1661 3367 1734 3400 quae
1759 3355 1975 3398 Strymonium
1995 3351 2182 3389 vocabatur,

1142 3426 1259 3451 nomen
1272 3416 1367 3449 habet
1380 3424 1399 3448 a
1417 3416 1516 3448 Mieza
1529 3413 1648 3447 Beretis
1661 3411 1842 3446 Macedonis
1859 3409 1922 3441 lilia
1932 3432 1941 3448 ,
1952 3408 1988 3439 ut
2003 3405 2183 3444 Theagenes
