2372 3704
906 232 956 270 IN
989 231 1255 270 VOLUMINE
1287 231 1336 269 ΙΙ.

54 321 121 358 ubi
143 333 152 357 :
173 318 385 369 Θεόπομπος
398 317 448 368 μ’·
465 333 482 352 e‹
499 316 703 369 Προστάται
722 317 757 355 δὲ
779 320 841 364 τῆς
860 311 992 361 πόλεως
1008 312 1097 364 ἦσαν

54 382 122 417 τῶν
137 377 201 428 μὲν
213 374 442 430 Συρακοσίων
452 372 590 422 Ἄθηνις
603 377 613 426 (
624 375 755 418 Ἀθάνις
769 377 856 415 cod.
865 390 964 412 unus
974 375 1097 425 Berk.)

2122 240 2197 274 655

1213 317 1306 367 Pag.
1341 330 1413 367 91,
1451 319 1499 354 ad
1532 318 1579 357 fr.
1613 331 1650 364 7.
1687 340 1738 346 —
1772 320 1911 356 Eadem
1939 321 2069 369 paullo
2095 322 2204 358 aliter

1165 375 1204 425 (e
1229 376 1370 427 Ctesia)
1387 378 1707 413 narrat‘Nicolaus
1728 380 1899 416 Damaso.
1929 379 1977 417 fr.
2007 379 2120 429 (Exc.
2147 383 2204 417 Dc

53 437 114 476 καὶ
130 434 384 489 Ἡρακλείδης,
410 437 479 472 τῶν
498 434 533 472 δὲ
552 433 770 487 μισθοφόρων
790 434 1006 486 Ἀρχέλαοςὸ
1027 437 1100 472 Δυ-
1161 435 1264 485 ins.),
1283 443 1377 473 tom.
1395 437 1525 485 111‚p.
1547 437 1636 478 403.

55 497 172 544 μαῖος.
193 511 208 528 n
232 495 291 532 Ad
307 495 386 531 haec
406 494 651 531 Arnoldtius:
681 495 927 531 «Lobeckius
947 493 1100 542 quidem

53 556 240 604 attingens
264 566 406 590 nomen
432 550 571 598 Ἀθηνις
601 555 750 590 Pathol.
784 566 825 602 p.
856 551 932 589 505
965 560 1002 589 et
1023 551 1098 595 524

53 625 76 649 a
91 625 219 650 rerum
239 613 451 649 Sicularum
471 613 658 661 scriptore
670 611 847 659 judicare
870 613 1033 648 alienum
1043 612 1099 646 vi·

54 671 166 707 detur
182 684 191 707 :
216 683 436 720 quanquam
454 683 573 718 quum
586 683 722 718 parum
735 670 954 706 offensionis
964 670 1103 705 habeat

53 729 182 766 formae
198 728 335 772 Ἄθανις
364 730 414 766 ad
439 730 596 778 vulgare
619 727 762 775 Ἀθηνᾶς
779 742 921 765 nomen
951 741 1102 765 accom-

52 789 225 825 modatio
235 818 246 837 ,
267 789 445 837 equidem
454 801 534 824 non
547 789 703 824 omnino
714 787 994 836 repudiandam
1012 799 1100 822 cen-

54 847 192 882 suerim
212 847 374 883 Berkelii
390 848 658 896 suspicionem.
675 846 876 894 Temporis
889 851 991 881 certe
1001 846 1099 881 ratio

52 917 131 940 non
159 914 360 955 repugnat.
378 908 503 953 Quum
529 906 630 942 enim
644 906 914 953 Theopompus
932 916 1000 952 per
1018 905 1102 939 lon-

52 975 137 1011 gam
163 964 435 1014 digressionem
459 964 565 1000 libris
588 963 707 1012 39-41
741 975 801 999 res
825 963 1102 1010 Dionysiorum

54 1023 421 1071 comprehendisset,
442 1035 522 1059 non
545 1022 799 1058 dubitandum
826 1028 881 1057 est
896 1021 990 1069 quin
1003 1048 1014 1069 ,
1035 1021 1102 1068 qui

54 1081 294 1131 Theopompi
315 1083 402 1118 loco
422 1095 483 1130 ap.
519 1081 650 1129 steph.
683 1087 917 1116 memoratur
936 1080 1104 1115 Heracli-

54 1139 141 1185 des,
159 1141 380 1187 ‚notissimus
401 1141 448 1176 sit
462 1140 596 1176 Dionis
621 1140 661 1175 in
673 1139 775 1175 bello
799 1145 932 1175 contra
952 1139 1102 1186 Diony-

53 1199 150 1235 sium
169 1201 422 1248 posteriorem
439 1205 544 1248 gesto
561 1199 796 1235 obtrectator
818 1205 933 1246 atque
964 1198 1103 1234 adver-

54 1258 175 1294 sarius
207 1257 468 1309 (Pseudoplat.
506 1259 578 1307 Ep.
611 1259 691 1303 111,
724 1258 790 1302 IV,
823 1265 862 1293 et
889 1257 983 1302 VII,
1013 1258 1104 1294 Dio-

54 1317 142 1355 dor.
160 1318 263 1362 XVI,
287 1318 310 1354 6
330 1330 404 1365 sq„
423 1317 615 1355 Plutarch.
639 1317 754 1352 Dion.
772 1315 836 1353 32.
862 1315 926 1359 48.
949 1320 1013 1364 49.
1036 1315 1099 1362 53,

53 1376 203 1414 cornel.
215 1377 312 1424 Nep.
327 1377 442 1413 Dion.
455 1375 493 1413 5.
504 1375 543 1413 6.
559 1388 596 1422 7.
613 1375 775 1424 Longin.
791 1376 849 1410 De
862 1374 958 1412 subl.
969 1376 1034 1420 lv,
1050 1374 1101 1426 3).

53 1434 201 1481 Quodsi
217 1435 382 1470 Athanas
396 1434 599 1469 historicus
625 1432 727 1469 illius
745 1433 957 1468 Heraclidis
980 1434 1103 1469 socius

53 1492 142 1539 fuit,
171 1492 497 1541 quemadmodum
520 1491 739 1528 Timonides
758 1491 996 1537 Leucadius,
1018 1493 1095 1528 lite-

53 1552 112 1587 ris·
121 1551 358 1600 consignavit
376 1563 435 1587 res
447 1578 458 1596 ,
474 1563 634 1598 quarum
649 1550 749 1585 testis
763 1551 935 1586 oculatus
954 1559 1102 1598 partem

39 1610 156 1647 ‘haud
172 1611 346 1659 exiguam
365 1611 445 1658 ipse
455 1609 807 1646 administraverat?
827 1625 842 1642 ι)
862 1630 915 1637 --
931 1611 1102 1658 Denique

53 1670 288 1706 monendum
319 1676 375 1706 est
393 1669 583 1705 Athanam
610 1669 826 1705 Siculorum
853 1681 982 1704 rerum
1010 1670 1102 1705 scri-

52 1736 204 1777 ptorem
222 1732 514 1767 W'estermanno
546 1741 626 1763 non
657 1728 847 1764 diversum
876 1740 952 1764 esse
980 1728 1103 1764 videri

53 1788 102 1824 ab
134 1788 332 1824 Athanada
348 1816 358 1835 ,
389 1788 458 1835 qui
490 1784 711 1838 Ἀμὸρακίκὰ
744 1788 959 1835 composuit
995 1786 1098 1836 (vid.

53 1853 149 1883 tom.
169 1848 239 1891 IV,
260 1860 301 1895 p.
327 1845 448 1892 344).

105 1903 200 1954 Pag.
224 1905 293 1951 84,
330 1906 366 1950 b,
402 1905 470 1940 lin.
502 1909 547 1948 14
566 1905 613 1940 ab
645 1905 734 1941 ima.
764 1924 820 1932 —-
850 1904 911 1940 Ad
938 1905 1102 1941 eundem

53 1965 368 2012 Dionysodorum
379 1965 615 2000 Troezenium
630 1964 822 2012 pertinere
832 1962 1009 1998 videntur
1019 1976 1102 2011 quae

52 2036 101 2060 ex
127 2023 398 2072 Dionysodoro
424 2022 636 2058 afferuntur
667 2034 729 2070 ap.
762 2021 878 2058 schol.
911 2022 1100 2060 Theocrit.

52 2084 98 2128 V,
118 2095 183 2127 21,
207 2082 255 2121 de
273 2082 479 2131 proverbio
498 2092 506 2118 :
524 2073 621 2122 οῧτος
635 2078 738 2122 ἄλλος
754 2077 948 2128 Ἡρακλῆς.

106 2139 153 2177 Ρ.
169 2140 232 2178 88.
246 2138 517 2178 Valckenarius
528 2139 578 2174 ad
591 2140 783 2175 Theocrit.
799 2139 982 2177 Adoniaz.
997 2151 1036 2175 V.
1055 2152 1069 2175 1
1082 2152 1096 2174 1

51 2212 90 2248 p.
112 2199 186 2243 304
204 2200 418 2248 suspicatur
434 2211 478 2234 ex
494 2199 645 2234 Dinone
660 2198 773 2234 ducta
793 2210 870 2234 esse
884 2211 966 2246 quae
984 2198 1030 2234 de
1040 2210 1100 2234 re-

50 2258 123 2294 bus
143 2259 302 2295 Persicis
320 2257 423 2307 apud
446 2257 636 2294 AElianum
658 2257 698 2292 in
729 2257 826 2295 Hist.
856 2258 947 2294 Var.
968 2256 1101 2305 legun-

51 2318 168 2367 turI,
191 2317 235 2353 31
262 2317 273 2365 (
294 2314 466 2367 Περσικὸς
487 2314 591 2365 νόμος
607 2313 687 2366 περὶ
701 2317 761 2351 τοῦ
779 2314 873 2365 δῶρα
893 2313 1100 2366 προσφέρειν

50 2376 101 2427 τῷ
123 2375 296 2426 βασιλεῖ),
312 2375 366 2411 ’32
392 2372 502 2425 (Περὶ
520 2372 759 2423 δεδωρημένου
791 2371 917 2416 ὕδατος
932 2374 982 2425 τῷ
1006 2374 1098 2424 Περ-

51 2435 122 2471 σῶν
143 2431 315 2485 βασιλεῖ),
333 2434 381 2470 33
403 2431 513 2484 (Περὶ
528 2431 683 2481 μεγάλης
701 2434 794 2483 ῥοιᾶς
813 2433 862 2483 τῷ
881 2432 977 2484 αὐτῷ
998 2431 1101 2469 δεδω-

55 2491 244 2545 ρημένης),
266 2495 319 2538 ΙΙ,
346 2506 389 2539 17
413 2490 526 2543 (Περὶ
556 2490 678 2541 μάγων
700 2492 768 2528 τῶν
793 2491 827 2528 ἓν
858 2489 1010 2541 Πέρσαις
1037 2505 1100 2528 σο-

50 2550 130 2603 φίας
145 2550 205 2588 καὶ
223 2548 370 2602 Ὤχου),
395 2552 459 2597 VI,
482 2554 527 2593 14
552 2548 660 2601 (Περὶ
680 2548 827 2601 Δαρείου
839 2548 1100 2587 ἐπιδουλευθέν-

50 2611 143 2660 τος),
159 2612 254 2655 ΧΠ,
280 2624 295 2646 1
321 2610 490 2659 (prolixa
509 2621 552 2645 ac
581 2611 800 2658 perelegans
817 2609 985 2645 narratio
1013 2607 1101 2660 Περὶ

51 2667 276 2718 Ἀσπασίας),
292 2670 383 2716 Quae
400 2669 563 2716 suspicio
579 2669 609 2703 si
638 2676 741 2704 certa
762 2680 822 2704 res
846 2675 956 2712 esset,
982 2667 1100 2704 confi-

1 2737 5 2740 ·
55 2729 205 2764 dentius
218 2740 308 2763 sane
321 2734 358 2763 et
371 2727 609 2763 commodius
618 2727 664 2763 de
676 2728 838 2763 Dinonis
849 2726 1002 2763 dicendi
1014 2739 1101 2762 nar-

51 2787 241 2835 randique
252 2798 390 2834 genere
408 2782 592 2835 disputdri
611 2793 751 2835 posset.

104 2845 198 2894 Pag.
222 2845 292 2893 89,
313 2845 361 2881 ad
380 2846 541 2881 Dinonis
567 2845 612 2881 fr.
640 2858 673 2883 1.
696 2867 749 2873 ——
769 2846 918 2881 Nomen
940 2845 1100 2881 Dinonis

53 2905 331 2942 restituendum
346 2912 442 2953 puto
458 2904 561 2953 apud
591 2905 756 2952 Syncell.
774 2917 814 2953 p.
835 2904 905 2950 167
918 2933 928 2948 .,
952 2906 1005 2952 A,
1033 2905 1097 2940 ubi

50 2977 96 3001 ex
130 2964 361 3013 Cephalione
379 2971 554 3000 narratur
579 2964 868 2999 Semiramidem
891 2964 1010 2999 muris
1026 2964 1098 2999 Ba-

50 3023 230 3071 bylonem
249 3023 428 3067 cinxisse,
456 3022 502 3063 ὥς
531 3021 692 3059 πολλοῖσι
719 3020 905 3072 λέλεκται,
935 3020 1097 3072 Κτησίᾳ,

51 3079 185 3126 Ζήνωνι
206 3082 248 3132 (l.
271 3079 449 3129 Δείνωνι),
471 3078 665 3132 Ἡροδότῳ.

104 3139 149 3176 P.
184 3152 258 3187 90,
280 3140 328 3177 fr.
362 3144 400 3182 4.
420 3161 473 3167 -
498 3141 604 3176 Fort.
642 3139 893 3187 fragmentum
915 3139 990 3174 hoc
1020 3152 1098 3174 non

54 3198 219 3243 Dinoni,
254 3198 319 3233 sed
355 3199 476 3234 Diniae
503 3198 776 3234 vindicandum
814 3205 885 3243 est3
920 3210 1006 3232 nam
1037 3198 1097 3232 hic

51 3268 208 3304 quoque
237 3268 334 3304 opus
362 3257 528 3291 suumin
550 3257 679 3305 plures
704 3254 879 3298 συντάξεις
899 3256 1094 3300 diviserat,

53 3315 110 3350 uti
142 3326 243 3351 nunc
274 3322 420 3351 constat
440 3328 486 3351 ex
519 3316 653 3363 Eurip.
677 3316 829 3351 scholiis
856 3315 1006 3351 Venetis
1030 3312 1092 3365 (V.

51 3381 145 3409 tom.
167 3374 296 3421 111,p.
315 3378 381 3418 24,
401 3373 446 3409 fr.
469 3374 488 3410 3
501 3373 533 3423 );
550 3381 813 3422 argumentum
828 3385 920 3409 vero
936 3373 1010 3408 loci
1030 3373 1094 3408 Di—

51 3433 121 3467 niae
138 3432 257 3480 magis
271 3445 383 3479 quam
399 3433 539 3469 Dinoni
558 3433 749 3468 convenit.

1217 493 1310 542 Pag.
1343 506 1430 539 110,
1454 493 1504 529 ad
1523 492 1574 530 fr.
1601 494 1662 529 13.
1681 515 1731 521 —
1748 494 1806 532 Cf.
1827 496 1960 531 Pollux
1989 498 2099 546 VIII,
2128 496 2176 534 85
2191 523 2203 542 ‚

1162 564 1275 600 quem
1293 553 1421 588 locum
1436 565 1473 589 v.
1508 553 1548 587 in
1564 559 1656 588 nota
1675 552 1723 588 ad
1745 553 1936 589 Heraclid.
1967 553 2014 590 fr.
2051 567 2066 590 1
2093 555 2114 604 S
2139 569 2153 591 1
2166 569 2178 592 1
2194 584 2205 605 ,

1163 617 1255 648 tom.
1277 611 1330 655 II,
1349 623 1388 658 p.
1411 622 1488 658 209
1501 623 1561 658 sq.

1217 667 1310 717 Pag.
1334 682 1347 704 1
1361 682 1374 704 1
1387 682 1421 714 1,
1445 669 1494 704 ad
1511 669 1560 706 fr.
1587 681 1647 714 17.
1666 689 1720 697 —
1739 668 1797 706 Cf.
1817 670 1943 705 Schol.
1965 670 2077 708 Arist.
2095 674 2206 720 Vesp.

1164 726 1239 763 500
1275 740 1284 763 2
1304 726 1409 764 Δοκεῖ
1429 724 1465 763 δὲ
1484 728 1507 772 ἡ
1524 725 1682 777 τυραννὶς
1704 726 1777 778 (sc.
1799 728 1866 764 τῶν
1888 728 2207 779 Πεισιστρατιδῶν)

1161 787 1400 831 καταστῆναι,
1422 783 1469 828 ὥς
1496 799 1599 837 φησιν
1631 783 1906 836 Ἐρατοσθένης,
1927 785 1982 823 ἐπὶ
2000 784 2061 832 ἔτη
2088 786 2129 833 ν’,
2146 790 2207 825 τοῦ

1164 842 1329 895 ἀκριὸοῦς
1347 842 1609 895 διαμαρτάνων,
1626 842 1667 882 'A
1681 843 1896 895 ριστοφοίν
1910 857 1953 880 ου
1965 859 1980 886 ς
2000 842 2061 893 μὲν
2081 859 2209 882 τεσσα-

1167 901 1316 954 ράκοντα
1341 900 1399 939 καὶ
1427 900 1462 939 ἓν
1484 901 1677 954 φήσαντος,
1697 901 1888 954 Ἡροδότου
1917 901 1953 939 δὲ
1985 900 2021 946 ἓξ
2036 902 2096 940 καὶ
2111 902 2212 955 τριά-

1162 974 1282 999 κοντα.
1303 962 1379 996 Pro
1412 959 1675 1012 Ἀριστοφάνους
1703 961 1888 1009 Bentlejus
1922 963 2068 1012 reponi‘
2089 963 2211 999 voluit

1161 1015 1430 1070 Ἀριστοτέλους,
1443 1020 1633 1068 probante
1658 1019 1858 1056 Dindorfio
1872 1048 1882 1065 ,
1903 1020 2143 1068 improbante
2154 1050 2164 1067 ‚
2177 1029 2212 1058 et

1163 1085 1266 1114 recte
1286 1079 1441 1126 quidem
1453 1108 1463 1125 ‚
1481 1079 1732 1126 Bernhardyo
1753 1078 1803 1114 ad
1818 1079 2006 1115 Eratosth.
2027 1092 2064 1128 p.
2081 1079 2156 1115 216
2174 1087 2212 1116 et

1164 1138 1456 1175 Schneidewino
1478 1139 1527 1175 ad
1557 1139 1752 1176 Heraclid.
1773 1141 1829 1175 De
1845 1139 1928 1174 reb.
1947 1139 2057 1187 publ.
2079 1152 2118 1188 p.
2142 1139 2206 1176 38.

1215 1194 1310 1245 Pag.
1334 1210 1349 1233 1
1362 1197 1405 1233 13
1418 1210 1457 1242 a,
1477 1198 1545 1235 lin.
1566 1210 1596 1234 1.
1615 1217 1667 1224 —-
1681 1198 1781 1245 Lege
1800 1210 1809 1232 ε
1825 1193 1909 1234 Ἔτι
1924 1195 1992 1244 μὴν
2010 1195 2071 1249 (τὰ
2088 1196 2204 1247 γράμ-

1163 1268 1260 1302 ματα
1282 1257 1343 1301 τ’ῆς
1374 1254 1507 1298 πόλεως
1540 1257 1648 1291 addit
1683 1255 1867 1304 Telephus
1886 1264 1957 1294 etc.
1986 1277 2036 1284 --
2061 1256 2211 1293 Deinde

1161 1314 1228 1349 lin.
1248 1319 1269 1359 4
1295 1314 1378 1350 dele
1395 1326 1403 1350 :
1425 1313 1504 1364 (τῆς
1519 1312 1653 1355 πόλεως
1668 1314 1774 1349 addit
1789 1312 2008 1362 Telephus).

1216 1371 1309 1421 Pag.
1334 1371 1405 1409 125
1417 1401 1428 1419 ,
1453 1373 1501 1411 fr.
1522 1373 1587 1416 64.
1601 1391 1654 1400 -
1665 1373 1758 1408 Cum
1770 1373 1972 1408 Aristotele
1988 1372 2077 1408 facit
2091 1373 2211 1408 Theo-

1161 1430 1305 1479 phrast.
1328 1443 1391 1480 ap.
1415 1432 1587 1470 Ciceron.
1606 1433 1664 1468 De
1683 1431 1752 1469 off.
1774 1433 1831 1477 II,
1859 1430 1920 1467 18.
1937 1431 1993 1470 Cf.
2013 1431 2207 1469 Heraclid-

1161 1490 1208 1526 fr.
1234 1503 1268 1536 1,
1286 1490 1309 1539 5
1330 1490 1373 1538 8,
1390 1503 1430 1539 p.
1449 1503 1540 1538 209.

1217 1547 1262 1585 P.
1294 1548 1383 1593 128,
1415 1548 1549 1596 fragm.
1575 1546 1622 1594 75
1655 1561 1691 1583 a.
1723 1568 1776 1576 —
1795 1548 1966 1584 Clemens
1988 1549 2130 1585 Strom.
2169 1548 2208 1596 Ῑ,

1161 1619 1202 1655 p.
1231 1605 1303 1642 152
1321 1607 1426 1655 Sylb.
1453 1605 1546 1657 (422
1567 1603 1692 1656 Pott.)
1715 1619 1722 1641 :
1742 1604 1813 1643 Τόν
1833 1621 1869 1642 τε
1892 1605 1994 1643 Μίνω
2015 1604 2113 1658 παρὰ
2129 1604 2210 1648 Διὸς

1164 1664 1206 1700 δι’
1231 1664 1352 1701 ἐνάτου
1374 1663 1470 1706 ἔτους
1485 1662 1679 1712 λαμὸάνειν
1701 1662 1778 1706 τοὺς
1797 1662 1920 1712 νόμους
1941 1665 2116 1716 ἱστοροῦσι
2134 1679 2211 1716 φοι-

1162 1724 1276 1759 τῶντα
1297 1725 1330 1765 ἐς
1344 1725 1402 1760 τοῦ
1420 1721 1501 1765 Διὸς
1517 1721 1656 1774 ἄντρον,
1677 1721 1734 1758 τόν
1754 1735 1790 1758 τε
1814 1715 1858 1758 αῧ
1879 1724 2078 1774 Λυκοῦργον
2100 1721 2143 1760 τὰ
2160 1736 2213 1759 νο-

1163 1780 1329 1830 μοθετικὰ
1355 1782 1403 1824 εἷς
1435 1779 1590 1833 Δελφοὺς
1627 1780 1712 1831 πρὸς
1741 1779 1799 1817 τὸν
1834 1780 2038 1818 Ἀπόλλωνα
2070 1779 2212 1832 συνεχὲς

1163 1839 1310 1877 ἀπιόντα
1330 1839 1556 1877 παιδεύεσθαι
1575 1839 1746 1891 γράφουσι
1777 1838 1930 1877 Πλάτων
1952 1854 1990 1876 τε
2014 1838 2074 1876 καὶ
2095 1838 2137 1877 ’A
2150 1854 2168 1891 ρ
2182 1853 2211 1875 ι·

1163 1898 1372 1945 στοτέλης
1389 1898 1448 1936 καὶ
1468 1896 1619 1950 ’Ἔφορος
1641 1898 1712 1949 (fr.
1732 1898 1822 1947 63).

1216 1956 1309 2006 Pag.
1337 1957 1423 2003 131,
1437 1957 1484 1996 fr.
1504 1957 1568 1994 88.
1593 1978 1647 1984 —
1661 1957 1802 1992 Eadem
1818 1957 1931 1991 etiam
1947 1957 1986 1990 in
1997 1955 2115 1992 schol.
2138 1956 2211 1992 Ve-

1161 2023 1238 2054 net.
1262 2017 1393 2064 Eurip.
1418 2016 1606 2051 Androm.
1641 2015 1716 2058 446
1737 2028 1745 2050 ε
1769 2012 1875 2059 Ἑξῆς
1895 2013 1930 2050 δὲ
1966 2012 2089 2054 αὐτοὺς
2112 2011 2211 2063 (τους

1163 2072 1481 2123 Λακεδαιμονίους)
1518 2072 1564 2115 εἴς
1591 2088 1628 2110 τε
1649 2071 1692 2109 τὰ
1723 2071 1814 2109 ἄλλα
1849 2070 1909 2108 καὶ
1929 2069 2210 2123 φιλοχρηματίαν

1162 2133 1278 2174 κακῶς
1297 2132 1390 2183 λέγει
1415 2131 1663 2183 (Εὐριπίδης).
1695 2129 1766 2169 Καὶ
1800 2129 2039 2182 Ἀριστοτέλης
2056 2128 2091 2166 δὲ
2105 2131 2209 2167 τοῦτο

1162 2190 1295 2242 ἱστορεῖ
1314 2191 1348 2227 ἐν
1367 2193 1411 2242 τῇ
1430 2192 1498 2227 τῶν
1520 2189 1696 2228 Λακώνων
1718 2188 1876 2240 πολιτείᾳ
1906 2187 1966 2226 καὶ
1986 2186 2024 2225 τὸ
2045 2186 2112 2224 ὑπὸ
2132 2189 2211 2224 θεοῦ

1163 2248 1415 2298 αὖτοματισθὲν
1435 2248 1661 2301 προστίθησιν
1683 2247 1762 2290 ἔπος
1775 2262 1783 2271 ·
1803 2246 1849 2286 ‘A
1870 2245 2207 2299 φιλοχρηματία

1162 2306 1374 2359 Σπάρταν
1402 2308 1514 2355 ὀλεῖ,
1545 2306 1650 2345 ἄλλο
1678 2305 1757 2359 γὰρ
1780 2305 1915 2344 οὐδέν.

1216 2366 1309 2416 Pag.
1335 2369 1426 2413 134,
1446 2368 1494 2404 fr.
1514 2381 1579 2416 90.
1599 2388 1652 2395 —
1667 2370 1724 2404 De
1746 2375 1918 2416 tempore
1944 2366 1992 2403 ad
2017 2365 2123 2414 quod
2152 2365 2210 2400 hae

1162 2428 1329 2472 συνθῆκαι
1354 2427 1559 2464 referendae
1591 2438 1669 2463 esse
1693 2427 1900 2472 videntur,
1934 2425 2022 2462 vide
2053 2425 2203 2461 Miiller.

1160 2487 1247 2522 Dor.
1264 2487 1299 2531 1,
1316 2499 1355 2535 p.
1379 2499 1465 2534 190.

1215 2541 1309 2592 Pag.
1331 2549 1424 2589 140,
1440 2543 1486 2580 fr.
1512 2556 1582 2580 102
1600 2556 1637 2580 a.
1656 2564 1708 2570 —
1722 2543 1831 2579 Adde
1843 2544 2006 2591 Diogen.
2023 2542 2065 2580 L.
2079 2543 2111 2587 Ι,
2130 2542 2180 2590 98
2200 2555 2208 2577 z

1162 2594 1274 2644 Οὗτος
1291 2602 1329 2652 (ὃ
1346 2601 1580 2654 Περίανδρος)
1596 2603 1733 2652 πρῶτος
1751 2599 1958 2653 δορυφόρους
1972 2598 2138 2651 ἔσχε,καὶ
2147 2598 2210 2646 τὴν

1161 2659 1275 2711 ἀρχὴν
1303 2662 1350 2703 εἷς
1371 2660 1556 2712 τυραννίδα
1588 2658 1793 2710 μετέστησε·
1818 2659 1878 2696 καὶ
1898 2660 1960 2696 οὐκ
1981 2657 2034 2695 εἴα
2052 2660 2086 2696 ἐν
2112 2657 2211 2695 ἄστει

1161 2718 1221 2763 ζῆν
1238 2717 1315 2761 τοὺς
1334 2718 1560 2770 βουλομένους
1572 2749 1580 2764 ,
1595 2718 1685 2755 καθά
1704 2732 1806 2770 φησιν
1821 2716 1972 2769 Ἔφορος
1988 2715 2048 2753 καὶ
2061 2715 2212 2768 Ἀριστο-

1160 2775 1275 2823 τέλης.
1298 2778 1352 2815 Cf.
1375 2778 1564 2814 Heraclid.
1581 2779 1688 2813 Pont.
1706 2778 1752 2814 fr.
1777 2775 1797 2812 5
1811 2803 1821 2820 ‚
1843 2789 1884 2824 p.
1905 2775 1995 2813 213.

1215 2835 1305 2885 Pag.
1336 2835 1404 2872 151
1423 2864 1432 2881 ,
1465 2836 1512 2872 fr.
1544 2834 1630 2878 145.
1650 2857 1700 2862 ——
1720 2835 1778 2873 Cf.
1804 2836 1933 2873 Schol.
1967 2836 2051 2872 Vat.
2076 2834 2207 2881 Eurip.

1159 2896 1240 2932 Alc.
1265 2895 1362 2937 1164
1388 2906 1396 2932 :
1427 2895 1488 2936 Εἰς
1517 2892 1688 2944 τέσσαρας
1720 2891 1862 2943 διῄρητο
1888 2891 1965 2929 τότε
1984 2893 2006 2938 ἡ
2027 2889 2211 2928 Θεσσαλία

1159 2953 1294 3000 πόλεις,
1314 2951 1439 2995 αἵτινες
1461 2946 1552 2999 ἦσαν
1577 2951 1857 3001 ὑποτεταγμέναι
1878 2949 2042 3001 Ἀδμήτῳ
2055 2980 2063 2996 ,
2084 2951 2129 2991 ὡς
2148 2948 2208 2986 καὶ

1159 3011 1194 3050 ’A
1207 3027 1224 3064 ρ
1237 3011 1330 3049 ίστα
1342 3011 1419 3063 ρχό
1430 3027 1444 3054 ς
1472 3026 1589 3063 φησιν.
1619 3028 1635 3043 α
1656 3013 1743 3047 Non
1773 3011 2031 3047 Aristarchum
2052 3016 2184 3044 testem
2196 3036 2207 3054 ,

1159 3072 1225 3108 sed
1255 3072 1495 3107 Aristotelem
1522 3078 1762 3119 exspectares.
1802 3086 1818 3102 »
1854 3070 2145 3106 Sanmnnwm.
2169 3068 2207 3106 in

1161 3130 1350 3166 Heraclid.
1377 3130 1528 3176 Reliqq.
1562 3142 1617 3177 p.⁴
1633 3141 1742 3174 Lxlx,
1777 3135 1858 3165 not.
1884 3131 1933 3163 At
1957 3139 2035 3162 non
2058 3124 2207 3161 Admeti

1159 3192 1412 3240 temporibus,
1433 3191 1500 3226 sed
1518 3191 1637 3225 multo
1654 3196 1741 3238 post
1757 3189 1805 3224 ab
1823 3190 1943 3225 Aleua
1959 3186 2206 3223 Thessalicam

1158 3251 1399 3287 tetrarchiam
1419 3251 1663 3285 constitutam
1683 3261 1761 3284 esse
1781 3247 1999 3284 Aristoteles
2016 3245 2123 3280 dixit.

1210 3309 1302 3358 Pag.
1329 3308 1418 3354 151,
1445 3308 1575 3357 fragm.
1602 3307 1673 3350 145
1693 3320 1729 3344 a.
1748 3328 1801 3334 —
1815 3306 1942 3343 Schol.
1960 3306 2051 3340 Ven.
2070 3301 2201 3349 Eurip.

1156 3370 1266 3406 Rhes.
1290 3368 1332 3404 31
1345 3381 1359 3403 1
1384 3379 1393 3405 ε
1414 3365 1566 3412 Πέλτη
1582 3364 1684 3408 ἀσπίς
1704 3365 1778 3402 ἐστι
1796 3362 1870 3400 ἴτυν
1887 3363 1949 3399 οὐκ
1969 3360 2096 3410 ἔχουσα
2109 3387 2118 3403 ,
2139 3373 2201 3394 κα-

1156 3426 1265 3478 θάπερ
1287 3424 1391 3478 φησὶν
1421 3424 1662 3477 Ἀριστοτέλης
1686 3424 1720 3460 ἐν
1751 3424 1794 3473 τῇ
1823 3419 2015 3461 Θεσσαλῶν
2043 3414 2199 3466 πολιτείᾳ
