2326 3724
0 234 5 286 Γ-ΓΓ
0 186 6 220 w·
0 0 17 165 -sv-w-ffiqw„

937 188 1269 230 FRAGMENTA.

0 282 6 323 ’ζ
39 275 206 323 Ἀττήλας
228 275 399 329 βούλεται.
420 274 470 315 ’Ἢ
487 275 616 315 οἴεσθαι
636 275 700 330 ἔφη
721 275 935 326 Ῥωμαίους,
955 281 1077 316 τοσοῦ-

0 337 8 418 'i

0 624 9 673 ι’

0 717 6 736 ἓ

40 350 97 374 τον
114 334 360 388 ἐκλιπαρήσειν
375 334 477 373 αὐτὸν
489 365 499 383 ,
510 334 599 373 ὥστε
613 336 894 387 καταπροδοῦναι
908 336 1078 383 δεσπότην

39 394 100 432 καὶ
129 396 323 447 ἀνατροφῆς
351 397 411 440 τ’ῆς
429 394 527 446 παρὰ
561 394 711 439 Σκύθαις
739 395 798 433 καὶ
827 398 988 447 γαμετῶν
1019 396 1078 434 καὶ

40 452 175 490 παίδων
195 451 509 504 κατολιγωρήσειν,
535 452 583 503 μὴ
606 452 746 503 μείζονα
776 451 812 491 δὲ
833 455 991 505 ἡγεῖσθαι
1015 453 1078 501 τὴν

0 510 13 534 ’-
38 513 123 563 παρ’
145 510 294 564 Ἀττήλα
313 510 469 548 δουλείαν
484 515 544 549 τοῦ
547 511 662 585 παρὰ
690 512 882 562 Ῥωμαίοις
902 512 1075 564 πλούτους

39 568 216 608 Συνοίσειν
234 568 270 607 δὲ
295 568 501 617 ἐπιμένοντα
527 573 570 622 τῇ
599 570 709 621 οἰκείᾳ
725 586 782 608 τον
804 571 912 623 (γὰρ)
932 575 991 609 τοῦ
1018 572 1053 609 δε
1057 594 1077 600 -

38 626 167 665 σπότου
183 628 438 680 καταπραΰνειν
459 626 585 677 θυμὸν,
607 630 661 680 ἐφ’
678 622 727 672 οἷς
750 629 854 666 αὐτὸν
883 629 1078 681 ὀργίζεσθαι

37 684 129 723 κατὰ
146 684 332 734 Ῥωμαίων
349 685 552 735 συμὸαίνει,
566 686 588 732 ἢ
603 685 700 739 παρα
716 693 803 739 σφᾶς
821 687 960 725 ἐλθόντα
982 687 1077 726 αἰτία

0 743 252 795 ξ’ὓπάγεσθαι,
272 742 372 795 ἕτερα
402 744 493 797 ἤπερ
523 745 642 798 ἐκείνῳ
673 747 766 783 δοκεῖ
784 746 1074 797 διαπραξάμ.ενον

0 827 3 839 ι
37 802 162 841 Ταῦτα
182 800 347 853 εἷρηκως,
364 801 456 851 κάμὲ
482 806 655 841 ποιεῖσθαι
681 802 741 850 τὴν
765 803 850 857 πρὸς
871 805 973 843 αὐτὸν
990 808 1078 854 ἡγη-

38 858 188 910 σάμενος
213 858 359 904 ἔντευξιν
376 855 508 912 περὶ
482 864 530 898 ὧν
556 860 789 899 πυνθάνεσθαι
819 863 924 900 αὐτοῦ
955 863 1076 915 βουλό·

40 922 127 970 μεθα
152 919 212 970 (οὗ
236 918 303 971 γὰρ
317 922 366 957 τῶ
365 916 588 972 Μαξιμίνῳ,
604 936 651 963 ως
667 922 702 959 ἐν
719 920 797 973 ἀξίᾳ
812 923 984 969 τελοῦντι,
999 937 1077 959 συν·

39 975 123 1030 εχὴς
144 976 311 1029 πρόσοδος
330 981 372 1024 ἠν
402 978 616 1029 εὐπρεπής),
640 979 821 1031 ἀνεχώρει.
846 979 941 1031 Ἐγὼ
968 979 1017 1018 δὲ
1034 983 1078 1033 τῇ

38 1034 204 1087 ὑστεραία
222 1037 268 1079 εἷς
286 1035 343 1074 τὸν
360 1035 508 1082 Ἀττήλα
528 1036 711 1088 περίὸολον
733 1039 967 1090 ἀφικνοῦμαι,
985 1040 1078 1091 δῶρα

40 1095 82 1144 τῇ
103 1094 208 1131 αὐτοῦ
229 1093 381 1143 κομίζων
408 1097 564 1165 γαμετῇ·
595 1094 715 1147 Κρέκα
733 1094 898 1145 δὲόνομα
918 1097 1025 1148 αὐτῇ,
1046 1096 1079 1141 ἐξ

39 1146 80 1198 ἧς
102 1152 198 1205 αὐτῷ
221 1153 342 1196 παῖδες
369 1153 570 1203 ἐγεγόνεσαν
599 1158 708 1205 τρεῖς,
728 1157 775 1191 ὡν
796 1157 814 1192 ὃ
839 1154 1079 1207 πρεσὸύτερος

39 1204 127 1282 ἦρχε
142 1213 210 1248 τῶν
234 1210 422 1262 Ακατίρων
445 1210 505 1249 καὶ
525 1214 593 1249 τῶν
612 1212 741 1250 λοιπῶν
763 1214 866 1250 ἐθνῶν
882 1228 1079 1263 νεμομενων

39 1267 103 1314 τὴν
123 1267 207 1320 πρὸς
234 1284 292 1307 τον
312 1269 445 1308 Πόντον
466 1270 573 1308 Σκυθ·
576 1268 655 1315 κήν.
685 1268 810 1309 Ἔνδον
839 1270 874 1308 δὲ
902 1275 961 1309 τοῦ
981 1287 1079 1323 περι-

41 1325 144 1364 ὃόλου
160 1327 306 1364 πλεῖστα
329 1326 514 1379 ἐτύγχανεν
529 1327 706 1377 οἰκήματα
716 1358 726 1375 ,
741 1327 785 1365 τὰ
800 1328 862 1379 μὲν
876 1330 915 1366 ἐκ
933 1329 1079 1368 σανίδων

40 1384 218 1437 ἔγγλύφων
241 1384 300 1423 καὶ
327 1384 559 1437 ἡρμοσμένων
580 1387 626 1429 εἷς
655 1385 883 1438 εὐπρέπειαν,
912 1386 957 1424 τὰ
977 1387 1011 1425 δὲ
1039 1390 1078 1426 ἐκ

40 1443 149 1481 δοκῶν
168 1443 437 1496 κεκαθαρμένων
457 1442 518 1481 καὶ
537 1443 622 1495 πρὸς
639 1444 808 1491 εὐθύτητα
823 1443 1079 1494 ε’πεξεσμὲνων,

40 1500 312 1552 ἐμὸεὸλημὲνων
334 1501 370 1539 δὲ
393 1500 502 1546 ξύλοις
519 1500 713 1556 [κύκλους]
732 1503 975 1540 ἀποτελοῦσιν·
994 1506 1023 1541 οἱ
1043 1503 1078 1542 δὲ

38 1558 158 1597 κύκλοι
187 1560 225 1597 ἐκ
253 1562 312 1597 τοῦ
339 1559 486 1612 ἐδάφους
514 1559 703 1611 ἀρχόμενοι
725 1562 757 1603 ἐς
783 1560 868 1614 ὕψος
901 1561 1079 1600 ἀνέὸαινον

40 1616 200 1667 μετρίως.
230 1617 406 1657 Ἐνταῦθα
425 1620 488 1664 τῆς
517 1617 668 1664 Ἀττήλα
687 1618 951 1669 ἐνδιαιτωμένης
970 1635 1078 1670 γαμε-

27 1678 118 1723 τῆς,
137 1673 194 1713 διὰ
212 1678 280 1714 τῶν
297 1675 382 1728 πρὸς
397 1679 440 1726 τῇ
461 1675 546 1728 θύρᾳ
565 1677 753 1729 βαρὸάρων
772 1677 896 1729 ἔτυχον
922 1678 1077 1726 εἰσόδου,

39 1733 98 1772 καὶ
122 1733 229 1780 αὐτὴν
246 1733 304 1772 ἐπὶ
329 1734 533 1786 στρώματος
551 1737 710 1785 μαλακοῦ
739 1736 902 1786 κειμένην
930 1737 1081 1775 κατέλα-

40 1791 118 1839 ὅον,
144 1798 214 1835 τοῖς
237 1793 276 1830 ἐκ
302 1795 362 1839 τῆς
384 1792 481 1844 ἐρέας
512 1795 679 1838 πιλωτοῖς
698 1798 757 1832 τοῦ
779 1795 924 1847 ἐδάφους
952 1811 1082 1834 σκεπο-

41 1850 163 1901 μένου,
187 1849 276 1888 ὥστε
302 1853 356 1889 ἐπ’
387 1853 498 1889 αὐτῶν
529 1852 691 1904 βαδίζειν.
722 1855 890 1905 Περιεῖπε
915 1853 951 1891 δὲ
971 1853 1080 1899 αὐτὴν

41 1908 256 1960 θεραπόντων
276 1910 406 1955 πλῆθος
434 1909 573 1962 κύκλῳ·
603 1910 663 1948 καὶ
695 1911 902 1962 θεράπαιναι
933 1912 992 1949 ἐπὶ
1021 1916 1079 1950 τοῦ

40 1966 184 2019 ἐδάφους
204 1966 345 2017 ἀντικρὺ
363 1968 470 2013 αὐτῆς
487 1967 682 2017 καθήμεναι
695 1969 814 2012 ὀθόνας
830 1968 997 2021 χρώμασι
1015 1970 1076 2007 διε-

2123 203 2171 233 89

1139 278 1337 324 ποίκιλλον,
1364 276 1689 327 ἐπιὸληθησομένας
1712 277 1796 331 πρὸς
1815 278 1944 329 κόσμον
1973 280 2178 332 ἐσθημάτων

1142 336 1378 388 βαρὸαρικῶν.
1408 335 1616 388 Προσελθὼν
1634 336 1745 374 τοίνυν
1764 353 1823 374 και
1843 337 1887 375 τὰ
1908 339 1999 391 δῶρα
2019 340 2106 390 μετὰ
2122 342 2180 379 τὸν

1140 394 1328 443 ἀσπασμὸν
1363 394 1439 437 δους
1465 394 1646 446 ὃπεξῄειν,
1676 394 1735 433 καὶ
1753 395 1810 433 ἐπὶ
1835 395 1878 433 τὰ
1896 396 1996 449 ἕτερα
2024 399 2179 444 ἐὸάδιζον

1139 453 1335 503 οἰκήματα,
1365 454 1399 490 ἐν
1417 456 1465 496 οἱς
1485 453 1673 506 διατρίὸειν
1696 469 1754 492 τον
1775 454 1944 501 Ἀττήλαν
1973 456 2180 508 ἐτύγχανεν,

1140 511 1419 563 ἀπεκδεχόμενος
1438 511 1540 550 ὁπότε
1571 512 1745 557 ἐπεξέλθοι
1765 513 1994 563 Ὀνηγήσιος·
2018 515 2084 561 ἤδη
2113 515 2180 568 γὰρ

1140 569 1210 607 ἀπὸ
1240 572 1307 607 τῶν
1338 571 1444 608 αὐτοῦ
1471 571 1673 641 οἰκημάτων
1702 570 1897 618 ἐξεληλύθει
1922 571 1982 609 καὶ
2005 572 2099 611 ἔνδον
2123 570 2178 621 ἦν.

1140 627 1282 672 Μεταξυ
1311 626 1348 665 δὲ
1376 631 1434 665 τοῦ
1461 629 1589 672 παντὸς
1609 630 1791 679 ἱστάμενος
1817 629 1966 675 πλήθους
1991 630 2183 683 (γνώριμός

1140 701 1177 723 τε
1194 684 1298 738 γὰρ
1277 701 1324 723 ων
1341 686 1410 729 τοῖς
1427 686 1579 731 Ἀττήλα
1598 692 1756 740 φρουροῖς
1773 687 1832 725 καὶ
1847 693 1916 732 τοῖς
1931 688 2183 753 παρεπομένοις

1141 746 1235 782 αὐτῶ
1253 744 1473 797 βαρὸάροις
1460 748 1520 782 υπ’
1538 745 1671 790 οὐδενὸς
1691 746 1968 797 διεκωλυόμην),
1983 740 2071 785 εἶδον
2091 748 2181 794 πλῆ-

1140 807 1195 846 θος
1214 802 1444 855 πορευόμενον
1459 819 1519 841 και
1541 807 1639 856 θροῦν
1659 804 1719 842 καὶ
1738 804 1880 856 θόρυὸον
1902 804 1981 857 περὶ
2000 805 2058 843 τὸν
2078 805 2182 843 τόπον

1140 861 1340 912 γινόμενον,
1361 863 1407 905 ὡς
1426 864 1485 899 τοῦ
1504 861 1654 908 Ἀττήλα
1672 862 1878 907 ὑπεξιόντος.
1903 863 2036 916 Προῄει
2061 863 2096 901 δὲ
2121 868 2181 902 τοῦ

1141 920 1329 970 οἰκήματος
1352 920 1499 972 βαδίζων
1529 922 1707 973 σοὸαρῶς,
1735 924 1818 974 τῇδε
1849 924 1951 960 κάκεῖ
1973 922 2181 975 περιὸλεπό-

1141 993 1249 1027 μενος.
1271 978 1331 1022 Ὡς
1348 977 1383 1015 δὲ
1402 978 1594 1022 ὑπεξελθὼν
1612 978 1672 1017 σὺν
1704 981 1754 1032 τῷ
1784 979 1987 1033 Ὀνηγησίῳ
2015 980 2097 1028 ἔστη
2117 982 2184 1052 πρὸ

1139 1040 1198 1074 τοῦ
1223 1036 1431 1086 οἰκήματος,
1458 1036 1578 1074 πολλοι
1601 1036 1681 1087 (δὲ)
1672 1039 1769 1087 )τῶν
1791 1038 2071 1091 ἀμφισὸητήσεις
2099 1040 2183 1092 πρὸς

1142 1094 1341 1140 ἀλλήλους’
1327 1094 1478 1146 εχόντων
1491 1095 1690 1147 προσήεσαν
1706 1096 1766 1133 καὶ
1782 1095 1844 1143 τὴν
1864 1099 1970 1135 αὐτοῦ
1985 1097 2096 1149 κρίσιν
2110 1098 2183 1136 ἐδέ-

1140 1168 1257 1204 χοντο.
1281 1147 1403 1192 Εἰτα’
1389 1153 1532 1205 επανήει
1548 1156 1594 1197 ὣς
1612 1154 1650 1191 τὸ
1670 1153 1821 1205 οἴκημα,
1842 1155 1902 1193 καὶ
1919 1155 2082 1208 πρέσὸεις
2098 1159 2183 1210 παρ’

1144 1211 1247 1249 αὐτὸν
1265 1211 1412 1258 ἥκοντας
1431 1212 1626 1264 βαρὸάρους
1645 1212 1798 1264 ἐδέχετο.

1193 1269 1298 1319 Ἐμοὶ
1318 1269 1353 1308 δὲ
1376 1270 1644 1323 ἀπεκδεχομένῳ
1678 1271 1736 1309 τὸν
1767 1272 1976 1324 Ὀνηγήσιον
2003 1274 2184 1324 Ῥωμύλος

1141 1328 1200 1366 καὶ
1223 1331 1423 1381 Προμοῦτος
1449 1330 1508 1367 καὶ
1528 1329 1710 1379 Ῥωμανὸς
1736 1332 1766 1368 οἱ
1785 1330 1819 1376 ἐξ
1851 1331 2003 1376 Ἰταλίας
2032 1334 2185 1377 ἐλθόντες

1141 1387 1238 1439 παρὰ
1268 1387 1325 1424 τὸν
1354 1387 1523 1434 Ἀττήλαν
1553 1388 1715 1439 πρέσὸεις
1749 1392 1817 1427 τῶν
1838 1391 1970 1442 φιαλῶν
1996 1390 2094 1430 ἕνεκα
2114 1395 2183 1431 τῶν

1139 1447 1291 1496 χρυσῶν,
1310 1445 1548 1498 συμπαρόντος
1568 1447 1682 1489 αὐτοῖς
1702 1446 1761 1485 καὶ
1781 1446 2001 1487 Ῥουστικίου
2017 1453 2076 1487 τοῦ
2093 1450 2184 1488 κατὰ

1144 1503 1399 1551 Κωνστάντιον,
1433 1504 1492 1542 καὶ
1534 1505 1841 1553 Κωνσταντιόλου,
1877 1507 1998 1558 ἀνδρὸς
2043 1510 2082 1546 ἐκ
2123 1525 2186 1555 της

1143 1561 1303 1599 Παιόνων
1320 1562 1437 1614 χώρας
1451 1565 1512 1609 τῆς
1528 1563 1593 1601 ὑπὸ
1607 1563 1757 1616 Ἀττήλα
1770 1564 2001 1614 ταττομένης,
2018 1568 2049 1609 ἐς
2065 1566 2186 1617 λόγους

1141 1614 1257 1666 ἠλθον,
1278 1636 1337 1658 και
1354 1620 1540 1672 ἀνηρώτων
1557 1621 1702 1674 πότερον
1718 1622 1957 1675 διηφείθημεν,
1973 1623 2028 1668 ἢ’
2013 1624 2185 1675 επιμένειν

1143 1678 1421 1729 ἀναγκαζόμεθα.
1447 1679 1555 1717 Kou'
1541 1683 1625 1730 εμοῦ
1654 1679 1847 1732 φήσαντος,
1869 1683 1913 1724 ὣς
1940 1681 2062 1720 τούτου
2082 1683 2186 1736 χάριν

1141 1736 1349 1786 πευσόμενος
1372 1740 1431 1774 τοῦ
1451 1737 1663 1788 Ὀνηγησίου
1683 1743 1752 1782 τοῖς
1780 1739 1976 1791 περιὸόλοις
2005 1756 2185 1794 προσκαρ-

1141 1797 1229 1846 τερῶ
1242 1824 1251 1841 ,
1273 1795 1332 1832 καὶ
1348 1796 1649 1848 ἀντερωτήσαντος
1666 1799 1695 1835 εἷ
1712 1799 1826 1840 αὐτοῖς
1842 1800 1860 1834 ὁ
1874 1798 2039 1845 Ἀττήλας
2053 1799 2183 1851 ἥμερόν

1142 1868 1174 1890 τι
1191 1853 1250 1891 καὶ
1271 1859 1381 1905 πρᾶον
1402 1856 1480 1906 περὶ
1502 1855 1690 1906 πρεσὸείας
1719 1856 1950 1906 ἀπεκρίνατο,
1968 1857 2085 1908 ἔλεγον
2117 1875 2185 1907 μη·

1142 1912 1260 1962 δαμῶς
1279 1912 1555 1964 μετατρέπεσθαι
1575 1917 1635 1959 τῆς
1656 1913 1816 1965 γνώμης,
1835 1914 1926 1954 ἀλλὰ
1947 1916 2098 1966 πόλεμον
2119 1932 2184 1955 κα·

1141 1970 1357 2021 ταγγέλλειν,
1377 1973 1407 2009 εἷ
1429 1971 1477 2021 μή
1499 1987 1538 2022 γε
1559 1974 1653 2024 αὐτῷ
1674 1973 1846 2016 Σιλὸανὸς
1867 1974 1889 2020 ἢ
1918 1973 1962 2011 τὰ
1991 1974 2184 2024 ἐκπώματα

58 2044 2184 2063 Ἣ

39 2076 98 2108 sibi
115 2076 313 2117 pr÷11ciperet-.
330 2089 346 2104 «
370 2081 420 2109 An
441 2079 575 2110 Romani
591 2079 787 2118 existimant,
808 2079 933 2119 inquit,
957 2088 990 2111 se
1009 2080 1083 2111 ullis

40 2128 189 2168 precibus
202 2128 328 2159 exorari
345 2136 448 2168 posse,
466 2130 503 2160 ut
522 2128 635 2168 prodat
645 2129 811 2160 dominum
825 2138 932 2168 suum,
947 2132 980 2162 et
992 2130 1083 2162 nihili

41 2181 139 2213 faciat
157 2180 379 2212 educationem
399 2181 484 2222 apud
500 2181 651 2222 Scythas,
671 2190 788 2213 uxores
806 2183 837 2213 et
860 2182 975 2214 liberos
993 2191 1080 2221 suos,

41 2242 145 2275 neque
159 2234 313 2275 potiorem
327 2234 422 2266 ducat
435 2234 519 2274 apud
538 2235 666 2266 Attilam
677 2235 874 2274 servitutem,
889 2245 985 2276 quam
996 2236 1081 2276 apud

41 2286 201 2318 Romanos
225 2286 368 2327 ingentes
380 2288 480 2326 opes?
499 2300 513 2314 »
528 2287 679 2318 Ceterum
702 2295 734 2318 se
756 2286 843 2318 domi
865 2289 1082 2319 remanentem

43 2338 159 2378 majori
176 2347 287 2370 eorum
299 2339 393 2370 rebus
406 2339 591 2380 adjumento
605 2341 762 2379 luturum,
773 2341 889 2381 quippe
898 2341 952 2381 qui
963 2341 1083 2373 domini

41 2389 122 2420 iram
134 2390 285 2430 placaret,
296 2390 320 2422 si
332 2391 450 2431 quibus
461 2392 492 2423 in
506 2392 600 2423 rebus
611 2393 761 2423 Romanis
773 2393 973 2433 irasceretur,
985 2402 1083 2434 quam

42 2441 70 2473 si
85 2442 125 2473 ad
138 2451 192 2474 eos
211 2442 365 2474 accedens
383 2444 598 2475 criminationi
617 2453 650 2476 se
666 2444 839 2485 objiceret,
858 2446 883 2476 si
907 2445 987 2477 torte
1005 2445 1083 2486 quid

44 2495 156 2525 contra
176 2503 272 2534 quam
295 2495 401 2526 Attilae
425 2495 600 2527 rationibus
618 2496 822 2527 commodum
850 2496 1012 2528 videretur
1035 2497 1082 2528 sa-

44 2547 140 2577 ceret.
159 2547 238 2582 Quoe
253 2554 353 2586 quum
369 2546 498 2578 dixisset
515 2548 546 2578 et
562 2547 640 2578 mihi
657 2547 782 2579 veniam
796 2547 933 2579 dedisset
949 2557 1023 2579 euin
1043 2548 1084 2581 de

44 2596 111 2636 his,
125 2605 200 2637 quoe
226 2606 265 2628 ex
287 2597 355 2637 ipso
377 2597 549 2637 intelligere
570 2606 777 2638 cuperemus,
800 2598 937 2630 adeundi
956 2599 1083 2639 (Maxi-

44 2649 132 2680 mino
147 2649 231 2680 enim
246 2649 278 2680 in
291 2648 445 2689 dignitate
461 2650 636 2682 constituto
650 2660 763 2692 parum
781 2651 916 2683 decorus
929 2654 997 2684 erat
1009 2662 1082 2684 con·

45 2699 157 2731 tinuus
172 2701 392 2741 congressus),
412 2701 501 2734 abiit.
522 2702 675 2734 Postridie
691 2701 731 2734 ad
746 2702 861 2735 domus
877 2703 983 2735 Attilae
999 2705 1083 2735 inte-

43 2750 130 2782 riora
148 2753 238 2791 septa
258 2760 309 2783 me
324 2752 445 2783 contuli
465 2752 549 2784 dona
571 2754 674 2785 serens
686 2754 755 2793 ejus
768 2754 880 2794 uxori,
898 2764 970 2794 quoe
984 2757 1084 2788 Cerea

3 2799 11 2803 “
43 2802 229 2835 vocabatur.
248 2806 295 2835 Ex
311 2811 348 2835 ea
371 2805 436 2835 tres
461 2804 505 2835 illi
528 2804 636 2843 liberi,
660 2814 798 2845 quorum
823 2806 984 2837 maximus
1006 2808 1082 2838 natu

41 2855 108 2895 jam
127 2857 199 2887 tum
222 2856 423 2887 Acatirorum
439 2858 471 2888 et
487 2857 679 2897 reliquarum
695 2858 855 2898 gentium,
876 2867 938 2899 qua
956 2859 1084 2899 Scythia

44 2908 85 2940 ad
103 2909 240 2940 Pontum
258 2909 367 2948 patet,
386 2918 518 2948 regnum
540 2910 680 2942 tenebat.
710 2912 797 2942 lntra
814 2911 868 2942 illa
884 2912 972 2951 septa
995 2913 1085 2943 erant

44 2960 147 2991 multa
163 2959 304 2999 aedificia,
320 2961 434 3000 partim
449 2970 487 2991 ex
501 2961 619 2993 tabulis
634 2962 766 3002 sculptis
782 2964 813 2993 et
825 2963 984 3002 eleganter
997 2972 1083 2994 com-

45 3012 164 3052 pactis,
181 3012 296 3052 partirn
316 3020 356 3043 ex
374 3012 519 3043 trabibus
531 3022 626 3053 opere
643 3022 725 3052 puro
747 3016 778 3045 et
801 3014 833 3045 in
859 3015 1083 3047 rectitudinem

45 3063 167 3094 affabre
189 3063 315 3102 dolatis,
340 3072 413 3103 qum
438 3064 594 3104 impositae
610 3066 700 3096 erant
714 3065 804 3104 lignis
820 3066 851 3096 in
868 3067 1003 3097 circulos
1015 3075 1085 3098 cur-

46 3115 127 3146 vatis
150 3127 158 3146 :
187 3114 297 3146 circuli
327 3117 435 3146 autem
463 3124 481 3146 a
501 3116 567 3148 solo
596 3116 628 3147 in
659 3117 851 3148 mediocrem
881 3118 1083 3150 altitudinem

47 3166 263 3206 assurgebant.
306 3167 365 3197 Hic
382 3166 546 3198 habitabat
569 3168 675 3199 Attilae
691 3177 789 3208 uxor,
803 3169 843 3200 ad
863 3178 961 3209 quam
974 3178 992 3200 a
1009 3170 1083 3201 bar-

46 3216 143 3255 baris,
160 3216 215 3256 qui
230 3217 313 3248 circa
325 3217 436 3256 januas
450 3219 550 3257 erant,
566 3220 677 3250 nactus
695 3220 830 3259 aditum,
848 3220 949 3260 ipsam
972 3220 1084 3261 depre-

48 3267 140 3298 hendi
153 3267 186 3298 in
204 3268 293 3299 molli
314 3269 453 3307 stragula
470 3269 640 3309 Jacentem.
656 3272 731 3302 Erat
745 3273 851 3303 autem
865 3272 1083 3312 pavimentum

49 3318 147 3350 laneis
162 3319 320 3359 tapetibus
333 3322 482 3358 stratum,
497 3322 526 3352 in
538 3322 652 3362 quibus
665 3323 876 3355 constitimus.
891 3327 969 3355 Eam
982 3324 1084 3355 famu-

51 3369 155 3401 lorum
172 3370 345 3403 multitudo
358 3371 391 3403 in
406 3372 516 3405 orbem
535 3373 772 3415 circumstabat,
790 3378 822 3407 et
835 3375 956 3408 ancillae
972 3384 1014 3407 ex
1025 3375 1082 3407 ad-

1142 2090 1233 2112 verso
1248 2082 1335 2113 humi
1354 2082 1499 2114 sedentes
1517 2083 1596 2114 telas
1617 2084 1781 2115 coloribus
1803 2085 2017 2125 variegabant,
2034 2095 2108 2127 quae
2127 2095 2182 2118 ve-

1141 2135 1244 2167 stibus
1256 2135 1464 2169 barbarorum
1478 2137 1518 2167 ad
1532 2140 1681 2169 ornatum
1702 2137 1996 2177 superinjiciuntur.
2015 2141 2116 2171 Cerca
2131 2147 2182 2170 sa-

1143 2187 1256 2227 lutata,
1266 2189 1297 2218 et
1310 2188 1495 2219 muneribus
1506 2188 1640 2227 traditis,
1653 2197 1808 2228 egressus,
1819 2191 2006 2229 exspectans
2016 2189 2093 2221 dum
2106 2192 2184 2222 One·

1143 2240 1245 2279 gestus
1256 2241 1339 2281 regia
1354 2241 1454 2272 exiret
1471 2241 1554 2280 (jam
1569 2242 1652 2273 enim
1668 2250 1685 2273 e
1697 2241 1794 2272 domo
1804 2251 1864 2273 sua
1877 2242 1954 2274 illuc
1966 2244 2129 2282 venerat),
2144 2242 2184 2274 ad

1143 2291 1264 2332 reliqua
1283 2292 1416 2323 aedilicia
1428 2317 1437 2330 ,
1457 2292 1512 2323 ubi
1531 2293 1644 2324 Attilas
1659 2293 1931 2333 commorabatur,
1956 2295 2105 2334 processi.
2124 2296 2184 2326 Hic

1143 2344 1220 2375 dum
1244 2354 1300 2385 ego
1323 2347 1441 2376 starem
1460 2355 1533 2376 cum
1551 2346 1673 2386 reliqua
1697 2346 1903 2378 multitudine
1926 2347 2002 2384 (nec
2030 2347 2114 2378 enim
2130 2356 2184 2378 ac-

1142 2404 1231 2427 cessu
1250 2397 1346 2428 ullius
1365 2397 1423 2428 loci
1443 2397 1646 2437 prohibebar,
1669 2398 1786 2438 quippe
1804 2398 1858 2438 qui
1875 2398 1981 2429 Attilae
1999 2398 2186 2430 custodibus

1142 2449 1174 2478 et
1188 2447 1340 2485 barbaris,
1354 2448 1407 2488 qui
1421 2457 1494 2479 eum
1514 2448 1764 2488 asseciabaniur‚
1779 2458 1865 2480 eram
1885 2451 1980 2481 notus
1994 2450 2018 2490 )‚
2035 2450 2099 2481 vidi
2116 2459 2184 2482 ma-

1142 2507 1236 2537 gnam
1263 2499 1390 2531 turbam
1413 2502 1656 2539 accurrentem,
1675 2509 1749 2540 qua„¹
1767 2501 1944 2532 tumultum
1965 2503 1997 2532 et
2018 2501 2185 2542 strepitum

1145 2550 1242 2582 edens
1267 2551 1390 2582 exitum
1417 2552 1522 2582 Attilae
1538 2551 1793 2591 praestolabatur.
1812 2552 1953 2584 Tandem
1967 2553 2078 2585 Attilas
2090 2553 2186 2584 domo

1142 2611 1302 2642 egressus,
1318 2603 1405 2642 gravi
1420 2603 1511 2634 vultu
1522 2627 1530 2641 ‚
1542 2603 1607 2634 buc
1620 2603 1696 2634 illuc
1709 2603 1820 2634 oculos
1839 2604 2002 2644 torquens,
2015 2612 2089 2635 cuni
2103 2606 2186 2636 One-

1141 2654 1224 2694 gesio
1248 2663 1304 2694 pro
1319 2654 1442 2685 aedibus
1460 2654 1612 2686 substitit.
1637 2656 1695 2685 Hic
1717 2663 1792 2686 eum
1813 2655 1925 2694 multi,
1950 2655 2067 2695 quibus
2093 2657 2184 2687 eraut

1142 2706 1213 2737 lites
1225 2732 1233 2746 ‚
1256 2706 1422 2745 adierunt,
1447 2708 1479 2737 et
1495 2706 1563 2746 ejus
1580 2706 1736 2745 iudicium
1753 2709 1958 2747 exceperunt.
1983 2707 2105 2739 Deinde
2123 2708 2182 2739 do·

1142 2766 1231 2788 mum
1255 2757 1395 2798 repetiit,
1417 2759 1449 2788 et
1467 2757 1676 2789 barbararum
1700 2758 1842 2798 gentium
1865 2758 2005 2799 legatos,
2024 2758 2080 2799 qui
2094 2759 2135 2790 ad
2151 2768 2185 2791 se

1142 2810 1308 2845 venerant,
1326 2808 1464 2840 admisit.

1183 2862 1234 2892 Me
1250 2869 1336 2899 vero,
1355 2860 1432 2898 dum
1459 2861 1648 2900 Onegesium
1666 2861 1903 2901 exspectabam,
1922 2862 2087 2902 Romulus,
2103 2865 2183 2894 Pro-

1143 2915 1253 2945 mutus
1269 2915 1300 2945 et
1316 2915 1487 2953 RomanuS,
1506 2913 1599 2953 legati
1613 2913 1652 2945 de
1665 2914 1749 2945 vasis
1764 2914 1868 2946 aureis
1884 2923 1925 2946 ex
1942 2914 2032 2946 ltalia
2048 2915 2086 2946 ad
2102 2916 2184 2947 Atti—

1143 2966 1206 2996 lam
1229 2965 1334 3004 missi,
1354 2973 1416 2995 una
1433 2973 1507 2995 cum
1534 2965 1687 3003 Rusticio‚
1708 2965 1762 3005 qui
1784 2965 1816 2996 in
1833 2966 1988 2997 comitatu
2009 2966 2185 2998 Constantii

1142 3019 1222 3056 erat,
1237 3019 1269 3048 et
1283 3017 1503 3048 Constantiolo
1514 3026 1552 3048 ex
1571 3020 1725 3048 Pavonum
1739 3018 1876 3057 regione,
1892 3027 1964 3058 quae
1978 3018 2083 3050 Attilae
2097 3027 2184 3058 pare·

1141 3069 1209 3108 bat,
1227 3078 1278 3100 me
1291 3070 1365 3100 sunt
1381 3077 1525 3101 sermone
1538 3069 1654 3108 adorti,
1669 3071 1700 3101 et
1714 3070 1999 3108 interrogaverunt,
2015 3072 2122 3101 utrum
2136 3070 2181 3101 di·

1142 3120 1246 3160 missi,
1259 3130 1299 3152 an
1315 3129 1443 3152 manere
1461 3121 1562 3152 coacti
1576 3130 1726 3153 essemus.
1749 3134 1765 3149 «
1789 3121 1823 3153 ld
1838 3122 1959 3161 ipsum,
1975 3121 2105 3161 inquam
2117 3145 2125 3161 ‚
2145 3122 2180 3153 ut

1142 3172 1241 3202 sciam
1262 3180 1300 3202 ex
1326 3172 1499 3212 Onegesm,
1517 3172 1600 3203 intra
1619 3172 1679 3203 ista
1701 3173 1789 3212 septa
1810 3173 1967 3212 opperior.
1990 3186 2005 3200 n
2020 3174 2100 3204 Tum
2123 3181 2179 3211 ego

1142 3223 1213 3254 illos
1241 3223 1376 3254 vicissim
1394 3223 1614 3263 percunctari,
1631 3232 1671 3254 an
1690 3223 1819 3263 aliquod
1843 3224 1920 3255 mite
1939 3232 2122 3263 responsum
2139 3224 2178 3254 ad

1144 3283 1192 3314 ea,
1209 3274 1248 3305 de
1265 3274 1381 3314 quibus
1393 3275 1486 3314 legati
1503 3275 1666 3312 venerant,
1684 3274 1724 3305 ab
1738 3274 1834 3306 Attila
1853 3275 2010 3306 tulissent.
2055 3277 2180 3313 Nequa-

1142 3334 1238 3365 quam
1252 3325 1342 3356 aiunt
1356 3325 1447 3356 illum
1465 3325 1580 3356 deduci
1596 3334 1614 3356 a
1626 3325 1799 3364 sententia,
1818 3325 1871 3357 sed
1889 3325 2006 3356 bellum
2024 3324 2136 3355 minari
2149 3325 2181 3356 et

1143 3376 1341 3417 denuntiare,
1350 3377 1382 3408 ni
1393 3377 1549 3417 sylvanus
1560 3378 1616 3408 aut
1627 3377 1740 3417 pocula
1747 3376 1914 3408 dedantur.
1926 3378 1990 3408 Nos
1997 3385 2071 3409 vero
2078 3384 2179 3417 quum
