2372 3704
111 250 187 281 418

607 345 667 381 23.

166 432 273 468 Idem
288 433 341 480 X,
359 445 398 480 p.
419 431 508 478 432,
525 433 555 467 Β
578 444 587 469 t
604 428 752 469 Ἔπινον
770 431 800 468 οἱ
816 429 938 468 πολλοὶ
954 429 1013 467 καὶ
1032 429 1160 482 ἄλφιτα

112 488 359 531 ἐπιίάλλοντες
373 491 421 526 τῶ
436 488 528 540 οἴνῳ,
543 490 589 532 ὥς
607 490 624 526 ὃ
639 487 771 540 Δελφὸς
784 487 1023 539 Ἥγήσανδρός
1040 503 1157 540 φησιν.

113 546 291 590 Επίνικος
306 563 402 599 γουν,
423 545 723 597 Μνησιπτολέμου
750 546 944 597 ἀνάγνωσιν
963 545 1160 595 ποιησαμέ-

116 620 175 642 νου
186 608 253 643 τῶν
270 606 479 658 ἱστοριῶν,’
464 621 499 643 εν
519 598 598 648 αἷςέ
584 604 777 655 εγέγραπτο
793 606 840 646 ὡς
856 603 1026 646 Σέλευκος
1046 605 1158 650 ἀπηλ-

114 663 246 716 φίτισε,
267 664 404 717 γράψας
430 664 548 715 δρᾶμα
580 662 873 712 Μνησιπτόλεμον
894 662 954 700 καὶ
982 661 1161 714 κωμῳδῶν

115 722 218 760 αὐτὸν
234 723 292 760 καὶ
309 722 388 775 περὶ
407 725 468 769 τῆς
492 722 625 765 πόσεως
643 722 718 765 ταῖς
735 721 865 759 ἐκείνου
882 720 1062 774 χρώμενος
1082 736 1160 772 φω-

114 786 207 831 ναῖς,
227 780 369 827 ἐποίησε
384 780 548 833 λέγοντα·

203 898 272 931 Ἐπ’
287 898 414 939 ἀλφίτου
429 897 557 929 πίνοντα
573 899 627 928 τοῦ
642 897 744 937 θέρους
757 896 834 927 ποτὲ

198 947 272 978 ἰδὼν
289 947 437 977 Σέλευκον
450 945 547 982 ἡδέως
563 944 614 975 τὸν
629 944 770 984 βασιλέα,

198 994 336 1034 ἔγραψα,
350 993 402 1023 καὶ
417 991 578 1032 παρέδειξα
592 993 655 1026 τοῖς
668 990 791 1024 πολλοῖς
801 1013 810 1027 ,
828 988 874 1020 ὅτι
884 1012 892 1026 ,

198 1042 256 1072 κᾶν
273 1041 308 1071 τὸ
325 1040 418 1080 τυχὸν
431 1038 451 1079 ᾖ
467 1037 661 1078 πραγμάτιον
677 1038 696 1074 ἢ
717 1035 821 1076 σφόδρ’
835 1036 971 1074 εὐτελὲς,

198 1087 310 1127 σεμνὸν
327 1086 452 1117 δύναται
466 1085 548 1115 τοῦθ’
564 1085 582 1121 ἡ
600 1083 726 1122 δύναμις
739 1084 758 1120 ἡ
776 1082 828 1123 ’μή
843 1084 953 1113 ποιεῖν.

198 1134 328 1174 Γέροντα
342 1133 459 1164 Θάσιον
471 1131 523 1162 τόν
539 1141 572 1162 τε
584 1134 639 1170 γῆς
656 1129 709 1161 ἀπ’
723 1129 853 1165 Ἀτθίδος

199 1181 294 1221 ἑσμὸν
313 1179 458 1220 μελίσσης
472 1182 524 1216 τῆς
541 1177 716 1218 ἀκραχόλου
729 1177 854 1216 γλυκὺν,

200 1227 455 1266 συγκυρκανήσας
472 1225 503 1256 ἐν
520 1225 629 1266 σκύφῳ
643 1228 737 1265 χυτῆς
751 1223 835 1255 λίθου
846 1246 855 1262 ,

200 1274 360 1313 Δήμητρος
374 1273 452 1313 ἀκτῇ
465 1275 526 1303 πᾶν
542 1272 723 1312 γεφυρώσας
737 1271 842 1311 ὑγρὸν,

199 1320 407 1362 κατῃσίμωκα
417 1322 533 1360 πῶμα,
548 1319 706 1359 καύματος
723 1318 821 1349 λύσιν.

119 1416 165 1456 Ὀ
186 1416 214 1454 δ’
232 1416 334 1460 αὐτὸς
361 1418 502 1467 ἱστορεῖ,
535 1416 599 1452 κᾶν
616 1413 756 1467 Θηράσι
784 1416 860 1457 ταῖς
894 1413 1162 1465 (Θηρασίαιςῖ)

117 1475 233 1521 νήσοις
262 1474 511 1517 ἐπιτάττοντας
530 1473 662 1511 λέκιθον
684 1472 759 1510 ἀντὶ
792 1472 935 1525 ἀλφίτου
959 1472 1082 1518 πίνειν,
1107 1473 1166 1511 καὶ

118 1534 279 1585 λέγεσθαι
298 1533 428 1580 ταύτην
453 1532 516 1579 τὴν
537 1531 640 1570 πόσιν
655 1531 823 1570 καλλίονα
855 1534 915 1578 τῆς
940 1531 974 1576 ἐξ
995 1530 1164 1583 ἀλφίτων.

120 1594 178 1631 Cf.
205 1594 354 1629 Muller.
377 1594 473 1629 Min.
497 1605 538 1641 p.
564 1592 638 1637 337
656 1621 665 1630 .

611 1693 673 1731 24.

174 1778 279 1816 Idem
300 1779 330 1823 1,
349 1790 385 1826 p.
406 1782 474 1823 44,
490 1778 517 1814 C
539 1791 547 1812 :
569 1774 806 1826 Ἡγήσανδρος
820 1775 849 1812 δ’
870 1777 887 1812 ὁ
904 1774 1034 1828 Δελφὸς
1054 1775 1168 1828 Ἀγχί-

122 1835 227 1884 μολον
244 1835 303 1872 καὶ
327 1834 473 1886 Μόσχον
492 1834 596 1885 φησὶ,
623 1832 700 1876 τοὺς
725 1836 760 1871 ἐν
779 1832 899 1871 Ἤλιδι
920 1833 1168 1886 σοφιστεύσαν-

120 1909 204 1942 τας,
234 1894 468 1945 ὑδροποτησαι
496 1892 612 1930 πάντα
638 1892 694 1929 τὸν
729 1891 823 1943 βίον,
855 1891 914 1929 καὶ
959 1891 1048 1942 μόνα
1078 1896 1169 1930 σῦκα

914 238 1245 280 HEGESANDRI
1276 236 1464 278 DELPHl

1224 324 1455 378 ἐρρωμένους·
1472 323 1528 361 τὸν
1547 324 1577 361 δ’
1594 322 1722 375 ἱδρῶτα
1743 322 1856 361 αὖτῶν
1883 322 2019 371 δυσώδη
2038 322 2145 368 οὕτως
2164 321 2269 376 ἔχειν,

1221 385 1268 426 ὡς
1283 382 1417 426 πάντας
1435 381 1558 424 αὐτοὺς
1578 381 1745 420 ἐκκλίνειν
1761 383 1795 419 ἐν
1812 384 1882 426 τοῖς
1903 383 2110 434 βαλανείοις.

1279 459 1294 475 α
1315 445 1391 479 Aut
1404 440 1495 492 ἔχειν
1511 443 1549 477 in
1565 434 1653 477 εἶναι
1666 442 1900 488 mutandum,
1917 455 1999 491 w
2016 450 2071 479 est
2085 443 2271 479 Eustathii

1223 500 1295 549 (p-
1311 499 1477 550 916‚46)
1512 500 1700 549 scriptura
1713 527 1722 545 ‚
1755 507 1820 536 aut
1848 500 1962 537 αὐτῶν
1994 500 2212 540 delendum.
2249 517 2265 532 υ

1716 619 1779 659 25.

1274 706 1382 742 Idem
1397 707 1515 779 XIII,
1531 720 1573 755 p.
1597 706 1696 756 572,
1714 707 1748 743 D
1771 720 1780 743 :
1803 698 1895 744 Οἶδα
1914 705 1951 743 δὲ
1978 705 2039 744 καὶ
2069 705 2192 760 ἑορτὴν
2208 705 2272 755 τὴν

1222 762 1462 815 Ἑταιρίδεια,
1480 763 1653 814 ἀγομένην
1671 765 1706 802 ἐν
1727 763 1943 816 Μαγνησία,
1960 765 1999 802 οὗ
2020 763 2076 803 διὰ
2092 763 2155 809 τὰς
2171 764 2271 804 ἑταί-

1224 837 1304 873 ρας,
1323 820 1414 859 ἀλλὰ
1437 821 1481 859 δι’
1498 821 1619 874 ἑτέραν
1637 821 1764 869 αἰτίαν,
1788 817 1829 869 ἧς
1852 822 2085 872 μνημονεύει
2089 822 2274 876 Ἡγήσαν-

1223 880 1344 931 δρος,’
1329 895 1363 917 εν
1379 879 1636 930 Ὑπομνήμασι
1650 879 1792 933 γράφων
1809 874 1888 918 ωδε·
1906 898 1921 915 «
1934 880 2010 928 Τὴν
2027 883 2097 920 τῶν
2111 881 2273 936 Ἑταιρι-

1223 937 1322 975 δείων
1355 937 1477 989 ἑορτὴν
1513 939 1715 981 συντελοῦσι
1749 938 1950 988 Μάγνητες
1987 939 2182 992 Ἱστοροῖσι
2216 939 2272 988 δὲ,

1223 1010 1362 1046 πρωτον
1375 995 1531 1043 Ἰάσονα,
1548 995 1606 1033 τὸν
1623 994 1780 1043 Αἴσονος,
1799 997 2042 1048 συναγαγόντα
2055 997 2134 1042 τοὺς
2153 998 2274 1052 Ἀργο-

1223 1051 1365 1103 ναύτας,
1384 1053 1542 1106 ἑταιρείῳ
1556 1053 1611 1092 Διὶ
1627 1056 1746 1104 θῦσαι,
1762 1054 1822 1092 καὶ
1841 1054 1904 1102 τὴν
1922 1055 2044 1108 ἑορτὴν
2061 1055 2275 1109 Ἑταιρίδεια

1223 1126 1519 1184 προσαγορευσαι.
1543 1110 1680 1150 Θύουσι
1697 1111 1733 1149 δὲ
1756 1111 1816 1150 καὶ
1838 1113 1869 1150 οἱ
1890 1113 2102 1152 Μακεδόνων
2123 1114 2276 1168 βασιλεῖς

1223 1167 1268 1206 τὰ
1288 1168 1517 1222 Ἑταιρίδεια.
1542 1186 1558 1203 2>
1574 1170 1633 1209 Cf.
1655 1172 1804 1210 Miiller.
1826 1173 1924 1211 Mt'n.
1946 1186 1984 1222 p.
2003 1171 2096 1210 251.

1719 1259 1783 1296 26.

1279 1333 1386 1369 Idem
1406 1334 1520 1377 XIII,
1545 1347 1587 1382 p.
1620 1333 1716 1380 564,
1739 1336 1772 1371 Α
1797 1348 1807 1372 ;
1838 1333 2079 1387 Ἡγήσανδρος
2098 1335 2129 1373 δ’
2149 1335 2186 1373 ἐν
2204 1341 2277 1380 τοῖς

1226 1390 1479 1441 Ὑπομνήμασι
1499 1393 1566 1428 τῶν
1586 1390 1799 1442 ἡδυσμάτων
1821 1393 1926 1445 φησὶν
1955 1394 2037 1445 ἐρᾶν
2062 1393 2219 1442 πάντας,
2236 1395 2276 1432 οὗ

1226 1452 1293 1487 τῶν
1305 1451 1427 1502 κρεῶν,
1440 1448 1517 1486 οὐδὲ
1531 1451 1598 1486 τῶν
1615 1449 1759 1501 ἰχθύων·
1778 1468 1794 1485 α
1813 1450 2078 1502 ἀπογενομένων
2096 1455 2178 1504 γοῦν
2194 1453 2278 1492 τού-

1227 1523 1294 1545 των
1306 1537 1315 1554 ,
1333 1507 1441 1549 οὐδεὶς
1464 1506 1573 1552 ἡδέως
1599 1505 1650 1544 ἔτι
1665 1507 1898 1560 προσφέρεται
1917 1507 1957 1546 τὸ
1976 1507 2100 1561 κρέας,
2122 1510 2200 1549 οὐδὲ
2218 1510 2276 1550 τὸν

1227 1565 1340 1618 ἰχθὺν,
1376 1564 1451 1604 οὐδὲ
1466 1566 1624 1615 ἐπιθυμεῖ
1651 1567 1720 1604 τῶν
1744 1567 1850 1616 ὠμῶν
1862 1566 1921 1605 καὶ
1937 1569 2006 1605 τῶν
2023 1568 2237 1616 ἀνηδύντων.
2259 1588 2274 1604 »³

1715 1661 1778 1695 27.

1281 1722 1389 1759 Idem
1412 1720 1528 1768 XIII,
1557 1736 1600 1771 p.
1623 1722 1713 1772 592,
1735 1726 1764 1761 B
1786 1736 1796 1763 τ
1822 1723 1907 1763 Ἐπὶ
1925 1723 1960 1762 δὲ
1980 1725 2129 1776 δυσμαῖς
2147 1723 2196 1764 ὢν
2215 1729 2276 1764 τοῦ

1232 1779 1304 1831 βίου
1323 1779 1331 1831 (
1347 1781 1595 1831 Sophocles),
1624 1780 1670 1824 ὥς
1685 1797 1788 1834 φησιν
1805 1781 2064 1836 Ἡγήσανδρος,
2085 1783 2278 1837 Ἀρχίππην

1228 1837 1392 1889 ἠγάπησε
1407 1837 1467 1884 τὴν
1484 1838 1636 1890 ἑταιραν,
1652 1839 1714 1877 καὶ
1728 1844 1788 1878 τοῦ
1785 1840 1883 1908 m13601.»
1900 1841 2117 1894 κληρονόμον
2139 1842 2278 1881 κατέλι-

1229 1911 1304 1934 πεν.
1325 1895 1415 1935 ”Οτε
1444 1896 1479 1934 δὲ
1500 1913 1647 1969 Y’tlpmq’>
1664 1897 1735 1935 ὄντι
1761 1901 1810 1950 τῷ
1831 1901 2005 1950 Σοφοκλεῖ
2032 1915 2137 1948 συνην
2159 1904 2180 1948 ἡ
2201 1901 2280 1953 ’·Αρ

121 1950 419 2004 προσφερομένους
463 1951 596 1994 οὐδενὸς
630 1954 732 1997 ἡττον
775 1950 969 1988 διακεῖσθαι
1008 1950 1169 2001 σώμασιν
1230 1952 1365 2005 χίππη,
1385 1956 1403 1991 ὃ
1422 1954 1585 2006 πρότερος
1611 1956 1716 2002 αὐτῆς
1737 1956 1885 2009 ἐραστὴς
1910 1958 2122 2010 Σμικρίνης,
2142 1958 2280 2012 ἐρωτώ-

619 2075 677 2107 23.

162 2141 318 2174 Bibebant
342 2142 449 2173 autem
473 2141 565 2172 multi
581 2141 707 2181 polenta
723 2140 756 2172 in
775 2140 886 2172 vinum
913 2141 1028 2181 injecta
1040 2166 1049 2182 ,
1073 2144 1107 2173 ut
1126 2142 1172 2173 ait

121 2193 320 2234 Hegesander
329 2193 478 2233 Delphus.
489 2192 639 2233 Epinicus
648 2190 790 2232 quidem,
801 2202 902 2232 quum
913 2194 1172 2234 Mnesiptolemus

121 2254 196 2278 suas
206 2245 367 2277 recitasset
379 2245 532 2276 Historias
543 2268 551 2282 ,
564 2244 596 2275 in
609 2244 726 2283 quibus
738 2244 892 2284 scriptum
904 2247 984 2284 erat,
1001 2246 1170 2278 Seleucum

122 2298 250 2338 polenta
274 2297 306 2327 in
331 2298 409 2336 potu
424 2305 516 2327 usum
530 2304 615 2335 esse,
641 2295 786 2327 dramate
800 2297 996 2337 conscripto,
1011 2297 1062 2328 eui
1083 2300 1170 2329 Mne-

123 2349 326 2389 siptolemum
341 2348 471 2379 titulum
486 2347 577 2385 fecit,
592 2347 715 2378 comice
729 2348 819 2378 illum
833 2348 1018 2388 perstrinxit.
1031 2360 1039 2387 ;
1052 2349 1172 2380 iisdem-

123 2408 186 2439 que
199 2399 314 2440 quibus
334 2398 387 2430 ille
409 2398 448 2429 de
463 2398 594 2438 potione
612 2399 672 2429 ista
696 2398 801 2430 verbis
814 2408 891 2430 usus
905 2401 973 2431 erat
989 2401 1172 2440 loquentem

123 2451 268 2489 induxit,
290 2450 322 2480 in
337 2450 422 2481 hunc
438 2448 569 2480 modum
586 2462 593 2480 :

196 2532 272 2558 Cum
286 2529 408 2566 polenta
418 2528 572 2558 bibentem
584 2530 682 2557 aestate
695 2529 856 2565 aliquando

195 2575 305 2611 cupide
318 2575 474 2603 Seleucum
487 2582 580 2610 quum
594 2574 732 2602 vidissem
745 2583 862 2610 regem:

198 2622 311 2658 scripto
324 2621 513 2655 consignavi,
531 2628 626 2656 eoque
640 2620 826 2649 documento
842 2621 959 2650 ostendi
985 2622 1173 2657 hominibus,

198 2667 332 2703 quamvis
345 2666 382 2694 sit
396 2666 526 2701 vulgaris
539 2674 586 2694 res
598 2668 628 2694 et
642 2666 802 2694 leviuscula
813 2688 821 2701 ,

197 2720 282 2749 posse
292 2712 373 2740 illam
387 2719 451 2739 mea
464 2710 605 2739 facultate
619 2718 742 2746 gravem
752 2712 938 2748 amplamque
949 2713 1043 2741 reddi.

200 2758 353 2786 Grandem
372 2759 446 2786 natu
458 2757 596 2785 'thasium
610 2759 688 2785 etex
697 2757 795 2785 Attica
810 2760 888 2786 terra

199 2805 345 2834 fluentum
358 2805 421 2840 apis
432 2803 569 2839 florilcgae
586 2804 674 2833 dulce

199 2860 292 2888 quum
304 2851 468 2879 miscuisset
481 2851 512 2879 in
533 2850 648 2887 scypho
661 2858 697 2878 ex
710 2849 775 2879 fuso
789 2851 901 2888 lapide,

201 2900 376 2934 Cererisque
389 2897 536 2932 fragmine
546 2905 667 2926 omnem
684 2897 845 2933 subegisset
858 2898 1022 2935 liquorem,

200 2954 271 2975 usus
281 2954 347 2974 sum
361 2946 482 2982 potione
494 2966 502 2980 ,
521 2948 609 2974 aestus
622 2945 774 2973 lenimine.

130 3023 245 3062 Narrat
267 3022 372 3061 idem,
392 3021 424 3052 in
453 3021 651 3053 Theradibus
680 3021 791 3053 insulis
821 3021 867 3062 (i.
890 3031 917 3054 e.
939 3024 976 3054 in
1007 3021 1118 3054 Thera
1145 3026 1178 3055 et

137 3065 306 3108 Therasia
320 3075 418 3112 inss„
434 3074 485 3104 uei
502 3073 663 3111 videtur)
690 3073 824 3104 farinam
852 3082 869 3104 e
884 3073 960 3114 pisis
975 3083 1105 3114 quoque
1121 3076 1177 3106 aut

131 3127 270 3159 lentibus
294 3126 364 3157 loco
379 3125 516 3164 polentae
539 3125 672 3164 inspergi
692 3125 785 3164 vino,
809 3127 906 3166 atque
934 3126 978 3158 ita
997 3127 1178 3167 bibi3eam·

131 3187 194 3219 que
216 3177 378 3219 potionem
391 3176 555 3208 meliorem
571 3177 727 3216 perhiberi
742 3186 838 3217 quam
855 3187 896 3209 ex
915 3178 1052 3218 polenta.

625 3255 683 3287 24.

174 3308 377 3350 Hegesander
391 3307 531 3348 Delphus
551 3307 679 3347 scribit,
698 3309 921 3340 Anchimolum
938 3310 970 3342 et
993 3310 1179 3351 Moschum,

133 3362 165 3394 in
185 3361 275 3393 Elide
293 3361 373 3391 urbe
389 3359 620 3400 philosophiam
637 3360 669 3390 et
691 3360 905 3400 eloquentiam
926 3362 1100 3401 professos,
1114 3365 1181 3394 tota

133 3415 200 3446 vita
213 3422 329 3454 aquam
346 3412 521 3452 bibisse;et
533 3421 634 3452 quum
650 3420 714 3444 non
730 3412 788 3444 nisi
803 3412 870 3445 ficis
885 3415 1099 3455 vescerentur,
1114 3415 1180 3446 tam

1230 2063 1362 2095 robusto
1374 2065 1484 2096 tamen
1498 2073 1631 2106 corpore
1647 2065 1743 2098 fuisse
1764 2076 1861 2107 quam
1877 2067 1960 2100 alius
1973 2069 2163 2110 quisquam:
2178 2069 2212 2102 at
2225 2078 2279 2102 eo·

1231 2125 1302 2147 rum
1319 2116 1468 2148 sudorem
1484 2117 1564 2149 adeo
1574 2118 1689 2151 oluisse
1701 2119 1853 2160 graviter,
1870 2122 1907 2153 ut
1919 2129 1974 2154 eos
1989 2121 2023 2153 in
2035 2121 2157 2154 balneis
2169 2128 2283 2154 omnes

1230 2171 1466 2202 aversarentur.

1728 2239 1785 2272 25.

1274 2303 1402 2335 Memini
1416 2312 1493 2335 vero
1513 2304 1609 2336 etiam
1624 2305 1718 2338 festos
1735 2306 1890 2346 quosdam
1907 2306 1974 2338 dies
1987 2306 2140 2339 celebrari
2155 2309 2283 2348 Magne-

1232 2355 1305 2393 siae,
1337 2364 1419 2395 quos
1444 2355 1638 2387 Hetaeridia
1661 2358 1798 2395 vocant,
1826 2367 1890 2389 non
1913 2358 1953 2389 ab
1981 2358 2108 2390 hetaeris
2138 2359 2282 2391 meretri·

1233 2407 1343 2446 cibus,
1359 2406 1414 2438 sed
1438 2407 1534 2439 aliam
1555 2407 1598 2439 ob
1625 2416 1776 2450 causam;
1798 2418 1895 2450 quam
1927 2409 2060 2450 exponit
2083 2410 2283 2450 Hegesander

1235 2458 1265 2489 in
1288 2459 1551 2497 Commentariis,
1578 2459 1624 2490 ita
1648 2460 1788 2492 scribens
1815 2472 1823 2492 ε
1843 2473 1859 2487 ‹t
1887 2460 2079 2493 Hetaeridta
2101 2462 2180 2494 festa
2204 2461 2284 2494 cele·

1235 2510 1328 2542 brant
1341 2512 1512 2551 Magnetes.
1523 2513 1662 2543 Narrant
1675 2514 1800 2550 autem,
1815 2513 1954 2553 primum
1981 2516 2137 2554 Iasonem,
2159 2515 2285 2547 AEsonis

1236 2563 1336 2594 filium
1347 2587 1355 2601 ‚
1370 2563 1513 2595 collectis
1529 2565 1736 2604 Argonautis,
1750 2567 1829 2597 Jovi
1843 2567 2014 2606 Helaerio(
2029 2566 2059 2598 id
2073 2568 2133 2607 est,
2148 2567 2285 2600 Sodali·

1238 2618 1285 2647 tio
1310 2616 1361 2647 vel
1377 2618 1543 2649 Amicitiae
1557 2617 1699 2657 praesidi
1714 2618 1724 2658 )
1741 2627 1831 2650 sacra
1852 2619 1978 2658 secisse,
1995 2619 2152 2661 illumque
2168 2621 2287 2652 festum

1242 2668 1327 2700 diem
1355 2669 1544 2701 Hetaeridia
1569 2670 1760 2702 nominasse.
1779 2670 1953 2703 Celebrant
1974 2680 2050 2703 vero
2067 2671 2164 2720 etiam
2180 2673 2287 2704 Mace·

1236 2721 1340 2753 doniae
1352 2730 1439 2761 reges
1454 2722 1637 2753 Hetaeridia.
1654 2735 1670 2749 »

1727 2789 1785 2822 26.

1281 2852 1482 2893 Hegesauder
1519 2854 1551 2884 in
1576 2854 1823 2886 Commentariis
1858 2855 1902 2886 ait
1932 2855 2136 2887 condimenta
2172 2865 2282 2889 amare

1237 2914 1349 2937 omnes
1360 2929 1368 2943 ‚
1384 2913 1448 2935 non
1462 2906 1537 2936 item
1553 2905 1690 2944 (nudam
1705 2914 1758 2946 per
1772 2906 1824 2946 se)
1841 2915 1971 2938 carnem
1987 2908 2042 2938 aut
2056 2907 2166 2947 pisces.
2183 2920 2198 2935 «
2211 2909 2278 2940 lta-

1238 2964 1301 2996 que
1320 2955 1374 2986 ubi
1391 2955 1446 2989 illa
1473 2954 1610 2994 desunt,
1630 2962 1725 2986 nemo
1747 2955 1882 2986 libenter
1909 2964 2004 2986 carne
2035 2957 2092 2987 aut
2117 2956 2202 2996 pisce
2225 2965 2282 2989 ve·

1238 3008 1351 3046 scitur,
1362 3015 1466 3046 neque
1478 3005 1564 3037 nuda
1577 3006 1675 3037 cruda
1687 3006 1808 3046 absque
1821 3005 2034 3038 condimentis
2044 3007 2176 3047 expetit.
2195 3021 2210 3035 n

1731 3094 1790 3126 27.

1281 3153 1453 3194 Sophocles
1469 3161 1568 3192 quum
1590 3152 1657 3192 jam
1675 3153 1736 3184 sub
1754 3153 1876 3184 exitum
1891 3153 1965 3186 vitae
1981 3157 2174 3195 versaretur,
2191 3157 2228 3188 ut
2242 3157 2287 3189 ait

1242 3204 1453 3244 Hegesanden
1469 3203 1651 3244 Archippen
1664 3204 1786 3235 amavit
1804 3205 2005 3237 meretricem
2015 3229 2024 3245 ‚
2038 3207 2070 3238 et
2086 3207 2287 3241 fortunarum

1241 3266 1372 3290 suarum
1390 3256 1549 3288 haeredem
1573 3256 1711 3296 reliquit.
1731 3259 1839 3294 Quum
1855 3266 1932 3289 vero
1945 3267 2020 3290 eum
2035 3267 2110 3291 sene
2131 3260 2288 3301 Sophocle

1243 3308 1507 3341 consuetudinem
1525 3307 1681 3348 Archippe
1697 3307 1846 3347 haberet,
1869 3309 1955 3349 prior
1968 3310 2052 3342 illius
2066 3313 2191 3344 amator
2203 3313 2286 3345 Smi-

1242 3361 1345 3393 crines
1354 3384 1363 3399 ,
1374 3360 1585 3399 interrogatus
1594 3359 1635 3390 ab
1643 3359 1751 3400 aliquo
1761 3360 1848 3401 quid
1857 3363 1973 3401 aye-ret
1984 3362 2150 3404 Archippe
2157 3388 2167 3402 ‚
2177 3363 2288 3396 festive

1205 3445 1209 3449 ,
1244 3412 1405 3453 respondit
1420 3425 1427 3445 ε
1443 3413 1536 3445 Sicut
1547 3414 1690 3448 noccuoe,
1705 3412 1872 3453 sepulcris
1885 3413 2022 3447 insidet.
