2372 3704
365 213 553 261 AumAE
582 211 860 263 nYssRAcn„
891 197 1131 264 ΑιιοΗΙΝΙ,
1167 212 1438 253 AucflrrlMi
1470 214 1804 254 FRAGMENTA.

106 335 389 393 ARETES
427 332 966 391 DYRRACHINUS.

71 437 268 475 Censorin.
287 437 346 472 De
363 436 424 472 die
442 442 523 473 nat.
549 448 585 473 c.
609 434 678 480 18,
700 447 715 470 1
727 447 742 470 1
764 445 774 472 :
795 435 865 470 Est
872 435 1063 482 proet'erea

19 508 155 540 annus,
189 507 297 543 quem
317 494 532 530 Aristoteles
559 495 766 529 maximum
791 496 922 541 potius
951 506 1063 541 quam

22 566 200 602 magnum
215 554 400 602 appellat,
416 565 522 601 quem
535 553 625 588 solis
643 560 683 588 et
697 553 796 587 lunoe
806 560 1065 600 vagarumque

13 614 206 649 stellarum
214 612 533 660 orbesconficiunt‚
545 623 654 659 quum
664 611 720 646 ad
724 610 820 646 idem
827 614 985 658 signum,
1002 612 1065 646 ubi

17 672 204 720 quondam
208 668 247 717 s
240 678 373 720 uerunt
381 683 456 706 una
466 667 675 716 reseruntur
679 681 692 714 ;
708 673 812 716 cujus
821 672 911 704 anni
923 669 1067 717 hiemps

18 742 164 767 summa
172 736 227 766 est
234 730 490 776 catacgysmos,
511 740 623 777 quam
636 731 751 764 nostri
761 729 984 764 diluvionem
999 741 1067 764 vo-

18 796 114 833 cant,
137 795 252 824 testas
264 795 387 823 autem
404 790 606 835 ecprrosis,
626 787 725 835 quod
734 794 789 822 est
804 788 933 822 mundi
949 790 1068 823 incen-

13 847 143 883 dium:
157 858 246 882 nam
255 845 316 880 bis
323 845 479 880 alternis
490 843 715 894 temporibus
726 846 883 880 mundus
893 853 967 880 tum
984 848 1067 880 exi-

15 917 190 963 gnescere
200 912 275 940 tum
289 916 535 952 exaquescere
548 906 707 941 videtur.
718 905 824 940 Hunc
834 904 1069 940 Aristarchus

11 961 159 1012 putavit
169 975 351 1000 annorum
367 966 586 998 vertentium
599 956 650 997 II
659 963 689 999 C
691 963 869 999 CCCLX
867 964 978 998 XXI
977 965 1002 998 I
1001 965 1062 1009 II

19 1023 150 1058 Aretes
179 1021 432 1067 Dyrrachinus
461 1015 509 1055 V
502 1023 633 1066 DLII
669 1023 877 1057 Heraclitus
894 1029 931 1057 et
955 1023 1070 1057 Linus

14 1074 218 1124 XDCCC,
267 1081 362 1116 Dion
403 1073 856 1118 XDCCCLXXXIIII.
897 1081 1068 1129 Orpheus

18 1138 153 1183 CXX,
179 1139 413 1175 Cassandrus
436 1142 557 1175 tricies
577 1141 697 1175 sexies
717 1147 861 1174 centum
881 1141 1060 1183 millium,

19 1199 91 1233 alii
124 1210 215 1234 vero
245 1198 429 1246 infinitum
467 1210 544 1233 esse
577 1210 645 1233 nec
672 1210 833 1246 unquam
870 1201 908 1232 in
941 1210 981 1233 se
1010 1211 1068 1234 re-

19 1259 109 1292 verti
136 1259 414 1291 existimarunt.
443 1257 545 1292 Dion
576 1256 674 1292 forte
699 1256 971 1304 Neapolitanus
990 1269 1067 1292 ma·

17 1315 237 1350 thematicus
251 1321 306 1350 est
316 1313 375 1361 cuj
382 1327 423 1349 us
439 1315 611 1350 meminit
625 1317 744 1350 Varro
762 1327 824 1362 ap.
841 1317 938 1362 Aug.
958 1314 999 1351 C.
1016 1317 1065 1352 D.

18 1373 135 1417 XXI,
172 1371 195 1408 8
231 1370 288 1422 (V.
316 1372 481 1411 Castoris
506 1372 550 1408 fr.
563 1371 590 1422 ).
614 1374 672 1408 De
703 1372 801 1408 Lino
835 1385 874 1407 v.
914 1372 1064 1411 Welck.

19 1432 147 1467 Klein.
168 1429 293 1476 Schft.
315 1431 352 1474 I,
367 1442 408 1478 p.
433 1428 498 1472 45.

74 1489 301 1525 Censorinus
311 1488 406 1526 ibid.
415 1501 451 1525 c.
469 1501 490 1524 2
500 1500 514 1523 1
523 1515 534 1533 ,
547 1486 568 1523 3
583 1499 592 1525 :
611 1489 773 1524 Timoeus
785 1488 883 1525 CCC
888 1487 998 1524 CXV
1001 1490 1060 1532 II,

18 1549 148 1583 Aretes
162 1547 343 1582 DXIIII
356 1545 428 1594 (sc,
445 1558 564 1581 annos
579 1555 776 1582 numerant
791 1560 817 1581 a
847 1547 944 1582 bello
977 1547 1070 1582 Tro-

12 1609 108 1652 J'ano
125 1617 236 1654 usque
254 1599 310 1640 ad
329 1605 591 1653 Olympiadem
603 1608 768 1653 primam
787 1605 813 1654 ).
834 1605 958 1642 Codd.
975 1605 1014 1642 h.
1034 1605 1063 1640 1.

20 1665 147 1700 Eretes
166 1671 203 1700 et
221 1663 393 1708 Eretlzes,
425 1679 441 1694 α
465 1663 568 1699 unde
585 1664 720 1702 Carrio
736 1665 907 1712 reposuit
922 1666 1067 1708 Aretes,

21 1724 78 1759 uti
101 1730 156 1758 est
175 1735 208 1760 c.
235 1722 296 1768 18,
331 1735 346 1758 1
358 1735 391 1758 1.
419 1722 588 1758 Oroetlees
615 1722 717 1769 conj.
741 1724 944 1760 Manutius.
973 1724 1071 1761 For-

24 1788 119 1816 tasse
137 1781 339 1829 legendum
372 1781 514 1818 Crates.
551 1783 662 1817 Hunc
683 1782 723 1816 in
743 1782 1071 1830 disputationibus

22 1840 236 1875 Homericis
258 1839 304 1875 de
324 1839 396 1875 hac
423 1852 465 1875 re
491 1840 608 1888 egisse
628 1841 832 1876 verisimile
852 1848 920 1877 est.
947 1857 962 1873 a>
987 1841 1072 1877 Otto

21 1898 137 1936 Jalm.
177 1899 352 1935 Ceterum
382 1911 473 1934 num
504 1899 708 1950 historicus
742 1899 856 1935 fuerit
893 1900 1069 1945 Arethes,

21 1968 166 1994 nescio.

442 2052 653 2066 ψ

331 2129 379 2185 A
390 2131 429 2185 R
445 2130 489 2188 C
500 2132 551 2186 H
561 2131 641 2187 IN
654 2132 700 2190 U
711 2131 747 2188 S
802 2133 807 2137 “

396 2239 708 2280 ΘΕΣΣΑΛΙΚΑ.

540 2343 574 2367 1.

82 2415 339 2454 Schol.Pind.
360 2417 560 2465 Pyth.111‚
581 2417 657 2466 59.
677 2416 1076 2468 ‘HSsssot6t&c(Mffm⁷1

29 2471 272 2539 παρακειμένη
312 2475 355 2525 τῇ
393 2473 590 2526 Λακερείᾳ)
628 2490 689 2512 και
729 2475 883 2518 Νεσωνὶς
923 2475 1078 2541 ἐλέγετο,

29 2525 149 2577 ὥσπερ
176 2524 367 2577 Ἀρχῖνος’
352 2541 386 2562 εν
418 2527 663 2570 Θεσσαλικοις.
697 2527 840 2571 Βοιὸιὰς
875 2528 911 2566 δὲ
938 2528 1077 2579 ἐλέγετο

30 2582 100 2621 ἀπὸ
115 2589 197 2634 μιᾶς
215 2599 283 2621 των
302 2586 444 2637 νυμφῶν
463 2582 661 2631 Βοιὸηιδος.

386 2692 716 2764 THESSALICA.¹

538 2820 570 2852 1.

73 2882 199 2915 Boebias
222 2883 312 2916 lacus
334 2884 430 2916 etiam
444 2885 576 2917 Nesonis
600 2886 788 2928 vocabatur,
810 2889 846 2920 ut
864 2889 1024 2921 Archinus
1047 2890 1077 2920 in

32 2933 222 2966 Thessalicis
250 2936 306 2967 ait.
338 2935 461 2968 Baebias
496 2937 605 2969 autem
632 2938 854 2979 appellabatur
886 2949 904 2972 a
931 2941 1080 2973 Boebeide

33 2985 185 3026 nympha.

538 3043 573 3076 2.

76 3093 227 3135 notium,
252 3095 331 3127 urbs
353 3096 543 3137 Thessaliae,
571 3107 690 3131 nomen
718 3099 852 3133 habeta
879 3103 973 3135 Dotio
998 3103 1080 3134 Elati

35 3143 130 3229 filio,¹
138 3146 207 3186 vel,
231 3148 268 3179 ut
293 3148 452 3181 Arcbinus
467 3149 566 3190 dicit,
584 3159 603 3182 a
617 3154 705 3184 Doto
720 3154 820 3186 Neoni
841 3154 921 3195 filio,
940 3156 1081 3188 Hellenis

35 3204 117 3237 nepo
132 3205 161 3229 e.

423 3276 692 3324 ARCADLCA.

79 3359 146 3391 Cur
158 3360 214 3400 qui
226 3362 339 3401 sponte
351 3370 410 3394 sua
419 3363 451 3395 in
459 3365 612 3405 Lycaeum
622 3367 754 3407 intrant,
770 3368 929 3408 lapidibus
941 3369 1082 3401 obruun-

39 3411 92 3442 tur
105 3413 144 3443 ab
158 3411 349 3453 Arcadibus;
371 3414 426 3454 qui
445 3424 500 3456 per
522 3417 769 3458 imprudentiam
780 3442 789 3459 ‚
818 3420 1005 3452 Eleutlieras
1027 3421 1081 3453 de-

2097 214 2169 246 317

1186 318 1201 333 «
1228 303 1325 338 Ante
1355 314 1489 338 vocem
1515 301 1671 344 Νεσωνὶς
1694 316 1781 338 cum
1807 304 1895 339 cod.
1920 305 2023 342 Gott.
2051 305 2175 342 delevi

1128 361 1242 397 verba
1262 358 1447 411 Κορωνὶςῆ
1469 359 1547 397 κατ’
1564 359 1671 402 ἐνίους
1684 390 1694 409 ,
1718 374 1762 397 ex
1774 363 1879 397 varia
1893 363 2055 400 lectione
2067 364 2171 400 haud

1131 419 1245 455 dubie
1263 426 1359 457 orta.
1374 421 1431 456 De
1444 419 1636 456 Nesonide
1648 419 1790 469 palude
1805 446 1815 464 ‚
1832 432 1945 467 quam
1959 422 2022 456 alii
2037 423 2177 458 rectIus

1131 478 1366 527 distinguunt
1402 490 1423 514 a
1455 478 1656 523 Boebeide,
1693 477 1741 516 cf.
1777 478 1911 513 Suidas
1938 491 1976 514 v.
2013 477 2174 525 Νέσσων,

1130 537 1266 573 Strabo
1293 538 1370 582 IX,
1389 549 1429 585 p.
1455 536 1547 586 296,
1569 536 1660 582 304,
1681 535 1778 581 3053
1803 537 1973 572 Eustath.
2001 537 2050 572 ad
2068 538 2176 574 Iliad.

1131 597 1167 645 β,
1193 608 1235 642 71
1248 608 1282 640 1,
1299 602 1336 631 et
1363 602 1537 631 correcta
1557 607 1578 631 a
1598 594 1773 631 Berkelio
1790 596 1907 633 schol.
1933 595 1981 631 ad
1999 597 2089 634 Eur.
2113 597 2178 632 Al-

1130 661 1219 691 cest.
1241 653 1330 703 590.
1349 670 1364 686 υ
1395 654 1546 690 Boecklz.

1636 736 1672 759 2.

1183 799 1363 848 Stephan.
1377 801 1464 848 Byz.
1483 811 1492 836 :
1511 797 1654 844 Δώτιον,
1668 795 1768 838 πόλις
1782 795 1999 839 Θεσσαλίας.
2009 825 2033 836 ..
2048 795 2178 842 ἐκλήθη

1132 856 1166 894 δὲ
1188 856 1257 894 ἀπὸ
1277 856 1414 900 Δωτίας
1446 858 1505 902 τῆς
1525 855 1737 902 Ἑλάτου,...
1767 857 1812 898 ὡς
1840 854 1876 893 δὲ
1902 854 2056 906 Ἀρχῖνος
2086 855 2179 904 (vgo

1132 915 1312 967 Ἀρχῆνος)
1333 915 1401 953 ἀπὸ
1427 915 1548 954 Δώτου
1575 918 1634 953 τοῦ
1668 912 1810 954 Νεώνου
1827 917 1886 952 τοῦ
1911 911 2099 960 Ἵζλληνος.
2115 914 2173 952 Cf.

1131 975 1367 1023 Pherecydes
1390 975 1436 1012 fr.
1470 975 1492 1010 8
1514 982 1551 1011 et
1567 976 1726 1010 Mnaseae
1742 974 1789 1010 fr.
1808 986 1852 1009 21
1864 1004 1872 1012 .

1181 1030 1238 1064 De
1259 1029 1428 1064 Archino
1451 1028 1670 1064 Atheniensi
1692 1040 1729 1063 V.
1752 1040 1834 1075 quae
1857 1026 1986 1062 laudat
2012 1027 2180 1063 Wester-

1130 1099 1256 1124 mann.
1273 1087 1312 1122 in
1329 1086 1461 1124 Gesch.
1482 1087 1551 1122 der
1561 1099 1620 1133 gr.
1640 1087 1792 1123 Bereds.
1821 1085 1843 1134 ἓ
1866 1084 1913 1128 45
1926 1112 1936 1130 ,
1962 1084 2047 1122 2-6.
2067 1084 2178 1120 Locis

1132 1146 1186 1180 ibi
1225 1146 1347 1181 citatis
1384 1145 1481 1181 adde
1516 1146 1720 1193 Philopon.
1748 1145 1789 1180 in
1818 1145 1976 1180 Aristot.
2008 1143 2178 1191 Metaph.

1131 1216 1170 1252 p.
1184 1203 1248 1250 673
1260 1204 1410 1252 Syrian.
1426 1205 1467 1239 in
1485 1204 1694 1252 Metaphys.
1707 1216 1747 1252 p.
1768 1215 1840 1239 120
1856 1203 1897 1240 b.

1548 1309 1766 1324 ἥθ’-

1417 1395 1891 1453 ARCHITIMUS.

1482 1506 1488 1511 ’
1518 1507 1794 1546 ΑΡΚΑΔΙΚΑ.

1184 1595 1375 1632 Plutarch.
1393 1595 1465 1642 Qu,
1481 1595 1547 1632 Gr.
1568 1608 1601 1634 c.
1624 1595 1688 1644 39,
1702 1609 1741 1644 p.
1763 1596 1852 1642 300,
1868 1597 1896 1631 B
1916 1608 1926 1631 :
1945 1611 1959 1628 «
1977 1593 2045 1633 Διὰ
2058 1593 2091 1631 τί
2106 1593 2184 1637 τοὺς

1133 1653 1180 1696 εἷς
1207 1651 1246 1689 τὸ
1267 1650 1422 1690 Λύκαιον
1441 1652 1657 1695 εἰσελθόντας
1678 1651 1862 1703 ἑκουσίως,
1882 1651 2131 1690 καταλεύουσιν
2150 1654 2182 1690 οἱ

1134 1710 1315 1764 Ἀρκάδες·
1334 1709 1376 1748 ἂν
1406 1711 1434 1748 δ’
1453 1713 1512 1748 ὑπ’
1529 1710 1669 1761 ἀγνοίας
1682 1741 1691 1758 ,
1718 1713 1765 1755 εἷς
1781 1710 1988 1764 Ἐλευθέρας
2003 1710 2180 1749 ἀποστέλ-

1131 1771 1253 1821 λουσι,
1275 1788 1290 1803 »
1313 1769 1469 1822 Πότερον
1490 1771 1536 1814 ὡς
1567 1770 1860 1822 ἐλευθερουμένων
1889 1770 2002 1808 αὐτῶν
2033 1768 2090 1807 διὰ
2116 1769 2179 1815 τὴν

1134 1830 1317 1877 ἀπόλυσιν,
1336 1828 1438 1881 ἔσχεν
1457 1832 1474 1867 ὃ
1492 1829 1592 1881 λόγος
1611 1829 1740 1876 πίστιν,
1753 1828 1814 1866 καὶ
1827 1828 1979 1866 τοιοῦτόν
1992 1830 2066 1867 ἔστι
2081 1827 2120 1865 τὸ
2136 1831 2185 1871 εἷς

1135 1888 1367 1940 Ἔλευθέρας,
1385 1882 1455 1926 οἷον
1475 1887 1535 1936 τὸ,
1554 1889 1598 1931 εἷς
1615 1887 1780 1938 Ἀμελοῦς
1796 1886 1928 1939 χώραν,
1944 1886 2004 1924 καὶ
2021 1886 2075 1937 τὸ,
2092 1886 2184 1933 ἥξεις

1136 1949 1183 1991 εἷς
1202 1946 1387 2000 ἀρέσαντος
1404 1946 1498 1994 ἕδος,
1516 1946 1538 1992 ἢ
1559 1945 1652 1983 κατὰ
1674 1945 1732 1983 τὸν
1754 1948 1872 1995 μῦθον,
1902 1944 1977 1982 ἐπεὶ
1996 1945 2094 1995 μόνοι
2114 1947 2184 1982 τῶν

1136 2006 1313 2048 Λυκάονος
1333 2004 1466 2042 παίδων
1488 2003 1660 2056 Ἐλευθὴρ
1680 2003 1741 2040 καὶ
1769 2002 1927 2046 Λεὸάδος
1949 2004 1987 2040 οὐ
2015 2002 2184 2054 μετέσχον

1137 2067 1196 2102 τοῦ
1211 2063 1290 2114 περὶ
1310 2062 1367 2100 τὸν
1381 2062 1448 2101 Δία
1467 2062 1683 2113 μιάσματος,
1702 2061 1778 2100 ἀλλ’
1793 2063 1839 2105 εἷς
1853 2060 2023 2099 Βοιωτίαν
2045 2059 2182 2114 ἔφυγον,

1139 2122 1199 2159 καὶ
1217 2121 1432 2160 Λεὸαδεῦσίν
1456 2122 1548 2158 ἐστιν
1570 2118 1785 2158 ἰσοπολιτεία
1817 2118 1903 2172 πρὸς
1919 2119 2103 2170 Ἀρκάδας.
2122 2120 2185 2161 Εἷς

1139 2180 1348 2232 Ἐλευθέρας
1378 2174 1435 2218 οῧν
1463 2178 1715 2230 ἀποπέμπουσι
1746 2177 1823 2222 τοὺς
1850 2180 1884 2216 ἐν
1904 2180 1953 2229 τῷ
1983 2176 2106 2229 ἀὸάτῳ
2125 2180 2184 2215 τοῦ

1141 2238 1224 2281 Διὸς
1246 2237 1416 2281 ἀκουσίως
1444 2237 1662 2289 γενομένους.
1694 2235 1745 2275 Ἢ
1765 2239 1810 2280 ὡς
1839 2235 2036 2288 Ἀρχίτιμος
2060 2237 2094 2273 ἐν
2116 2241 2186 2279 τοῖς

1141 2295 1376 2347 Ἀρκαδικοῖς,
1398 2295 1578 2345 ἐμὸάντας
1595 2294 1688 2338 τινὰς
1704 2294 1796 2333 κατὰ
1814 2295 1955 2345 ἄγνοιαν
1976 2294 2042 2332 ὑπὸ
2060 2293 2185 2346 Ἀρκά-

1142 2355 1208 2391 δων
1230 2354 1315 2406 φησὶ
1341 2355 1581 2406 παραδοθῆναι
1609 2353 1813 2399 Φλιασίοις,
1837 2352 1903 2390 ὑπὸ
1936 2351 1971 2390 δὲ
2001 2352 2187 2391 Φλιασίων

1140 2413 1380 2465 Μεγαρεῦσιν,
1401 2414 1440 2450 ἐκ
1457 2411 1494 2450 δὲ
1514 2411 1709 2465 Μεγαρέων
1727 2414 1773 2455 εἷς
1793 2410 1918 2458 Θήὸας
1937 2411 2184 2462 κομιζομένους

1139 2471 1218 2523 περὶ
1238 2470 1299 2514 τὰς
1316 2470 1524 2524 Ἐλευθέρας
1537 2470 1637 2509 ὕδατι
1654 2471 1714 2509 καὶ
1728 2474 1884 2524 βρονταῖς
1895 2470 1955 2508 καὶ
1970 2469 2185 2520 διοσημείαις

1141 2529 1265 2573 ἄλλαις
1285 2533 1568 2582 κατασχεθῆναι·
1590 2531 1648 2583 ἀφ’
1668 2524 1708 2568 οἷ
1728 2530 1770 2577 δὴ
1791 2529 1851 2567 καὶ
1867 2529 1924 2567 τὸν
1941 2529 2045 2567 τόπον
2063 2529 2186 2568 Ἐλευ-

1142 2588 1242 2640 θέρας
1257 2587 1339 2626 ἔνιοί
1353 2603 1437 2642 φασι
1449 2588 1780 2640 προσαγορεύεσθαι.

1139 2699 1331 2739 portantur?
1344 2719 1383 2726 —
1404 2703 1453 2732 An
1472 2700 1563 2740 quasi
1580 2699 1721 2733 liberatis
1742 2700 1804 2732 boc
1817 2700 1913 2731 modo
1929 2700 2033 2739 hisce,
2049 2699 2188 2732 sermoni

1140 2749 1216 2781 fides
1230 2751 1383 2790 paratur?
1398 2752 1433 2782 ut
1444 2750 1556 2783 similis
1571 2751 1612 2782 sit
1631 2751 1752 2783 locutio
1769 2751 1822 2783 Ad
1839 2751 2065 2787 Eleutheros,
2085 2750 2189 2791 qualis

1139 2803 1186 2832 est
1204 2804 1248 2833 In
1266 2804 1436 2842 reqionem
1459 2802 1597 2834 Amelus
1615 2805 1647 2834 et
1666 2802 1719 2834 Ad
1733 2802 1847 2835 sedem
1863 2804 1976 2835 venies
1994 2804 2184 2835 Aresantis.

1141 2855 1204 2885 Aut
1220 2854 1359 2886 fabulam
1373 2854 1462 2894 sequi
1483 2855 1638 2895 praestat?
1652 2854 1804 2895 quoniam
1822 2855 1881 2887 soli
1894 2855 1934 2887 de
1946 2855 2103 2895 Lycaonis
2114 2855 2186 2887 filiis

1139 2905 1290 2937 Eleuther
1303 2907 1335 2937 et
1348 2905 1493 2938 Lebadus
1507 2906 1655 2937 facinoris
1666 2930 1675 2945 ,
1695 2906 1781 2946 quod
1796 2906 1830 2938 in
1842 2908 1957 2938 Jovem
1976 2907 2108 2938 molitus
2121 2908 2189 2938 erat

1141 2958 1242 2997 pater,
1271 2958 1411 2989 insontes
1429 2957 1557 2989 fuerunt
1581 2958 1614 2989 et
1632 2957 1664 2989 in
1688 2958 1843 2989 Boeotiam
1860 2958 2009 2998 fugerunt
2027 2967 2035 2989 :
2058 2958 2140 2990 unde
2157 2959 2188 2990 et

1141 3009 1377 3041 Lebadensibus
1390 3009 1442 3049 jus
1467 3009 1605 3042 civitatis
1625 3019 1700 3042 cum
1724 3011 1899 3043 Arcadibus
1914 3011 2101 3051 intercedit;
2115 3019 2188 3050 ergo

1142 3061 1329 3092 Eleutheras
1346 3061 1504 3101 relegant,
1529 3060 1585 3101 qui
1601 3060 1634 3092 in
1646 3061 1737 3093 Jovis
1751 3071 1842 3094 sacro
1859 3063 2019 3094 inaccesso
2041 3063 2112 3094 loco
2127 3063 2188 3094 im-

1142 3112 1313 3152 prudentes
1324 3113 1368 3144 rei
1382 3113 1523 3145 suerunt.
1542 3114 1738 3147 Architimus
1750 3115 1782 3146 iu
1796 3115 1959 3147 Arcadicis
1970 3115 2080 3147 scribit
2092 3124 2188 3156 quos-

1142 3163 1217 3194 dam
1230 3164 1285 3204 qui
1307 3166 1460 3204 Lycaeum
1473 3164 1644 3197 intrassent
1653 3175 1709 3206 per
1718 3166 1928 3206 ignorantiam
1938 3191 1946 3206 ,
1958 3167 1998 3198 ab
2014 3167 2189 3199 Arcadibus

1142 3214 1276 3247 traditos
1297 3215 1393 3247 tuisse
1408 3215 1572 3256 Phliasiis‚
1588 3216 1629 3248 ab
1647 3217 1697 3250 his
1717 3218 1956 3258 Megarensibus
1972 3229 1979 3249 :
1997 3218 2071 3250 inde
2086 3226 2186 3257 quum

1143 3267 1267 3299 Thebas
1282 3267 1499 3307 mitterentur,
1527 3268 1612 3308 apud
1635 3270 1824 3302 Eleutheras
1842 3270 1937 3302 fuisse
1964 3270 2083 3308 imbre,
2101 3269 2186 3301 toni-

1143 3319 1259 3351 trubus
1273 3319 1408 3360 aliisque
1425 3320 1606 3353 coelestibus
1627 3322 1922 3354 denuntiationibus
1938 3322 2085 3354 detentos
2105 3333 2113 3352 ε
2133 3322 2184 3351 at-

1143 3379 1206 3410 que
1221 3370 1294 3402 inde
1307 3371 1402 3403 etiam
1416 3371 1486 3404 loco
1502 3380 1618 3405 nomen
1634 3373 1820 3406 Eleutheras
1843 3367 1962 3405 sactum
1980 3372 2122 3404 nonnulli
2136 3372 2183 3401 as·

1145 3422 1278 3455 firmare.
