2372 3704
82 237 157 270 360

70 324 222 369 ποιητῶν
233 322 393 376 Ὁμήρῳ.
413 323 514 362 Καὶ’
502 339 561 362 επι
574 323 705 368 τούτοις
716 353 727 372 ,
741 326 785 368 ὥς
798 323 910 376 λόγος,
922 323 984 370 τὴν
1001 323 1116 384 ψυχὴν

70 380 254 422 ἀπέλιπεν.
276 405 328 410 -
352 382 971 434 8ῐεΡ1κιη.ΒγΖ.ζΜεγαλόπολις..
995 376 1118 435 ἀφ’ἠς

70 439 309 490 Κερκιδᾶς,”
287 455 424 492 αριστος
443 439 629 491 νομοθέτης
645 441 704 479 καὶ
725 441 934 491 μιμιάμὸων
951 439 1110 487 ποιητής.

71 498 249 536 Ceterum
260 500 436 536 Cercidas
449 501 510 536 hic
522 501 627 537 haud
642 501 756 537 dubie
770 501 870 538 idem
885 508 940 536 est
955 513 1040 536 cum
1055 512 1116 544 eo,

72 569 187 604 quem
208 558 386 607 Philippo
414 560 580 607 patriam
598 559 813 608 prodidisse
847 559 858 608 (
874 559 948 602 344
981 570 1016 595 a.
1050 557 1116 606 C.)

70 617 338 653 Demosthenes
357 617 437 666 (De
455 630 589 654 coron.
603 617 626 666 S
639 617 732 666 295,
747 630 788 666 p.
810 630 879 663 171
897 617 958 654 ed.
974 615 1115 664 Didot)

74 674 189 719 dicit,
218 681 256 710 et
272 682 406 711 contra
427 676 719 712 Demosthenem
743 675 912 711 defendit
939 674 1119 722 Polybius

70 733 201 777 XVII,
224 737 283 775 14.
307 734 526 772 Carminum
555 734 762 783 fragmenta
790 735 963 782 quaedam
990 745 1120 769 serva-

71 798 161 827 runt
180 792 368 840 Diogenes
389 794 533 837 Laert„
557 793 726 828 Stobaeus
740 793 780 827 in
798 793 1020 840 Florilegio,
1041 791 1117 826 alii.

71 850 118 887 V.
135 851 371 886 Perizonium
388 851 437 886 ad
454 851 590 888 AElian.
609 852 634 889 l.
648 851 689 895 1.,
706 850 919 899 Menagium
936 850 985 886 ad
1000 850 1117 897 Diog.

72 907 120 945 L.
141 909 212 952 VI,
238 908 300 954 76.
326 909 564 945 Peculiarem
581 909 627 945 de
648 909 809 947 Cercida
823 909 1121 944 commentatio-

9 996 14 1001 ,
71 978 159 1002 nem
190 965 286 1017 (qua
318 969 375 1002 uti
403 979 482 1002 non
512 967 643 1016 licuit)
678 968 828 1016 scripsit
848 967 1056 1003 Meinekius
1082 967 1122 1001 in

71 1025 176 1060 Actis
205 1025 386 1062 Academ.
415 1025 622 1060 Borussicae
655 1037 689 1063 a.
728 1024 841 1062 1831.
875 1027 932 1061 De
959 1024 1122 1061 nominis

73 1084 261 1132 scriptura
278 1096 312 1120 v.
333 1083 462 1132 Steph.
484 1083 593 1119 Thes.
617 1095 648 1118 s.
669 1095 707 1120 v.
756 1118 760 1124 ,

488 1197 706 1212 -οοοοφ-

384 1295 808 1354 CHARICLES.

231 1409 357 1447 ΠΕΡΙ
386 1409 490 1448 ΤΟΥ
509 1409 736 1448 ΑΣΤΙΚΟΥ
756 1403 973 1449 ΑΓΩΝΟΣ.

392 1501 422 1536 Ε
450 1501 600 1537 LIBRO
629 1501 800 1539 PRIMO.

129 1584 328 1619 Athenaeus
337 1585 409 1620 VII
422 1612 433 1632 ‚
450 1597 491 1633 p.
515 1582 609 1633 350,
629 1583 657 1620 B
675 1596 685 1622 :
702 1581 895 1632 Γυμνικοὺς
912 1581 947 1620 δὲ
967 1583 1120 1632 ἀγῶνας,

78 1638 144 1692 ἔφη
179 1641 188 1690 (
206 1654 257 1680 sc.
287 1640 517 1692 Στρατόνικος
548 1643 565 1678 ὃ
590 1640 842 1692 κιθαριστής),
876 1641 1123 1678 διατιθέτωσαν

78 1698 235 1745 Ἠλεῖοι,
268 1698 444 1750 Κορίνθιοι
466 1698 502 1736 δὲ
523 1698 748 1748 θυμελικοὺς,
772 1698 946 1745 Ἀθηναῖοι
972 1698 1008 1736 δὲ
1037 1714 1123 1745 σκη-

78 1755 201 1798 νικούς.
221 1758 266 1795 Ei
287 1756 324 1794 δέ
337 1772 386 1799 τις
403 1756 533 1795 τούτων
548 1756 773 1807 πλημμελοίη
785 1787 796 1807 ,
811 1756 1124 1808 μαστιγούσθωσαν

78 1814 368 1866 Λακεδαιμόνιοι·
385 1815 613 1854 ἐπισκώπτων
634 1815 696 1859 τὰς
713 1816 795 1868 παρ’
814 1818 927 1858 αὐτοῖς
952 1815 1126 1867 ἀγομένας

79 1872 333 1923 μαστιγώσεις,
354 1872 399 1917 ὥς
430 1889 515 1926 φησι
536 1875 717 1927 Χαρικλῆς
746 1875 779 1911 ἐν
809 1876 859 1926 τῷ
878 1873 1007 1926 πρώτῳ
1035 1874 1123 1927 Περὶ

77 1933 136 1968 τοῦ
153 1932 295 1968 ἀστικοῦ
311 1933 439 1981 ἀγῶνος
459 1935 468 1980 (
482 1934 507 1971 i.
522 1946 556 1971 e.
579 1932 659 1983 περὶ
669 1934 736 1969 τῶν
751 1934 785 1969 ἐν
798 1931 895 1970 ἄστει
910 1932 1124 1984 Διονυσίων).

131 1992 280 2026 Auctor
298 1991 403 2027 haud
422 1991 538 2027 dubie
562 1993 797 2028 Atheniensis
823 1991 908 2040 fuit,
929 2000 971 2027 ut
987 1991 1122 2030 Chari-

79 2048 173 2094 cles,
192 2048 395 2084 Phocionis
414 2061 540 2097 gener,
570 2049 616 2085 de
636 2062 712 2097 quo
730 2062 766 2085 v,
791 2050 983 2087 Plutarch.
1004 2051 1122 2088 Phoc.

83 2118 148 2143 21.
174 2118 235 2142 22.
251 2106 314 2142 33.
336 2106 383 2143 35
399 2122 408 2153 ;
423 2114 460 2143 et
482 2107 672 2145 Charicles
687 2108 917 2156 Apollodori
934 2108 977 2154 f.,
991 2121 1087 2144 unus
1106 2122 1126 2144 e

83 2165 237 2213 triginta
249 2166 359 2211 viris,
373 2166 547 2214 trhucyd.
566 2168 654 2211 Vll,
686 2179 754 2212 203
772 2167 1002 2216 Xenophon.
1027 2168 1125 2205 Hell.

79 2223 117 2258 11
129 2250 138 2268 ‚
159 2223 179 2258 3
191 2251 201 2268 ‚
222 2236 242 2259 2
257 2236 267 2269 3
284 2225 436 2263 Aristot.
452 2226 535 2263 Pol.
554 2226 602 2273 V,
623 2223 659 2270 5,
679 2229 716 2270 4,
729 2232 822 2270 etc.;
839 2233 875 2262 et
895 2225 1129 2262 Chariclides

80 2285 239 2318 comicus
255 2294 317 2332 ap.
332 2284 464 2320 Athen.
491 2283 561 2322 VII
577 2310 588 2329 ,
608 2297 648 2332 p.
672 2282 767 2329 325,
785 2286 832 2320 D.

178 2493 481 2563 CHARON
521 2507 1036 2566 NAUCRATITES

569 2600 634 2638 ET

88 2682 390 2742 CHARON
439 2683 1121 2741 CARTHAGINIENSIS.

136 2786 271 2823 Suidas
285 2800 293 2822 :
310 2785 440 2837 Χάρων
451 2785 710 2839 Ναυκρατίτης,
720 2786 903 2838 ἱστορικός.
920 2785 1037 2837 Ἱερεῖς
1054 2784 1131 2828 τοὺς

85 2839 120 2876 ἐν
140 2840 379 2895 Ἀλεξανδρείᾳ
398 2844 458 2881 καὶ
476 2843 553 2887 τοὺς
574 2846 608 2882 ἐν
642 2843 814 2896 Αἰγύπτῳ
832 2843 891 2881 καὶ
907 2842 951 2881 τὰ
966 2843 1022 2881 ἐπὶ
1052 2843 1132 2881 ἑκά-

86 2913 167 2936 στου
186 2901 398 2951 πραχθέντα,
412 2905 570 2946 Βασιλεῖς
584 2902 660 2946 τοὺς
676 2904 714 2939 ἐκ
734 2904 884 2940 παλαιοῦ
902 2901 1084 2952 γεγονότας
1099 2903 1131 2938 ἐν

85 2957 224 3010 ἑκάστῳ
239 2958 341 3008 ἔθνει,
362 2959 420 2997 καὶ
440 2960 528 3011 Περὶ
546 2960 779 3013 Ναυκράτεως
790 2959 849 2998 καὶ
861 2959 950 2997 ἄλλα
964 2975 1039 2997 τινα
1054 2960 1132 3011 περὶ

84 3014 278 3066 Αἰγύπτου.
291 3019 347 3055 Cf.
366 3020 513 3055 Eudoc.
529 3033 570 3068 p.
590 3019 681 3065 435,
700 3021 766 3056 ubi
788 3031 796 3057 :
814 3018 962 3070 ἔγραψεν
979 3018 1132 3070 ἱστορίαν

86 3073 178 3125 Περὶ
197 3077 265 3112 τῶν
283 3076 317 3112 ἐν
338 3075 575 3127 Ἀλεξανδρείᾳ
592 3076 709 3127 ἱερέων
730 3077 790 3114 καὶ
807 3079 867 3122 τῆς
890 3077 1052 3128 διαδοχῆς
1071 3077 1129 3113 αὖ·

85 3133 168 3177 τῶν,
185 3131 244 3169 καὶ
262 3131 350 3183 Περὶ
369 3135 436 3170 τῶν
461 3133 518 3170 ἐπὶ
538 3133 686 3171 ἑκάστου
707 3136 949 3187 πραχθέντων,
965 3134 1053 3187 Περὶ
1067 3137 1129 3186 βα-

88 3188 212 3228 σιλέων
231 3191 300 3226 τῶν
318 3192 357 3228 ἐκ
378 3192 528 3228 παλαιοῦ
551 3193 755 3242 γεγονότων.

356 3342 423 3380 DF.
451 3342 604 3381 LUDIS
632 3343 866 3382 URBANIS.

462 235 1040 284 CHARICLIS,CHARON1S
1068 235 1432 286 NAUCRATITAE,
1462 237 1832 290 CHRISTODORI,

1233 327 1459 376 Fragmenta
1475 340 1554 364 non
1571 336 1727 366 exstant.
1745 328 1917 365 Eundem
1942 342 2033 366 vero
2053 331 2220 369 Naucra-

1179 386 1284 421 titam
1298 393 1470 422 nostrum
1488 399 1565 423 esse
1584 400 1670 423 cum
1699 400 1760 431 eo,
1777 388 1842 435 qui
1855 388 2031 424 historias
2047 390 2087 425 in
2104 392 2220 439 Apol-

1179 444 1272 479 lonii
1297 445 1524 481 Naucratitae
1543 446 1621 481 sive
1635 445 1778 481 Rhodii
1798 446 2027 483 carminibus
2045 455 2222 485 tractatas

1178 502 1441 547 illustraverit,
1463 503 1679 551 probabilis
1703 502 1919 549 conjectura
1941 512 1995 540 est
2021 507 2139 541 Jonsii
2158 508 2221 553 ΙΙ,

1181 571 1223 604 7,
1247 563 1284 602 4.
1304 561 1431 596 Schol.
1455 561 1583 608 Apoll.
1604 560 1730 596 Rhod.
1751 562 1808 606 II,
1830 560 1954 604 1054:
1979 562 2223 614 Στυμφαλίδες

1179 614 1340 666 λέγονται
1361 617 1440 669 περὶ
1461 616 1569 664 αὐτὴν
1591 616 1676 667 (τὴν
1699 617 1930 669 Στυμφαλίδα
1958 619 2108 670 λίμνην)
2133 620 2224 674 ὅρνι-

1181 676 1252 721 θες,
1274 674 1314 717 ἃς
1333 673 1448 712 πλω·ι
1438 675 1476 712 ιδ
1491 690 1537 718 ας
1554 668 1647 713 εἶπεν
1663 674 1746 714 Ἀπ
1735 674 1909 719 σλλώνιος.
1926 675 2049 720 Οὕτως
2064 677 2100 716 δὲ
2119 679 2225 724 αὐτὰς

1181 731 1415 804 ὀνομάζεικοι).
1440 731 1614 776 Σέλευκος
1637 733 1856 786 καὶΧάρων,
1875 735 1982 772 αὐτοῦ
2006 739 2067 774 τοῦ
2095 737 2225 776 Ἀπολ-

1180 789 1305 827 λωνίου
1329 790 1582 843 γνώριμος,
1598 792 1634 829 ἐν
1653 794 1703 845 τῷ
1725 791 1815 843 Περὶ
1843 794 2001 845 ἱστοριῶν
2021 797 2082 832 τοῦ
2099 794 2227 834 Ἄπολ-

1180 847 1318 886 λωνίου.
1346 850 1454 886 Idem
1477 851 1655 887 laudatur
1685 863 1746 899 ap.
1772 851 1923 900 Apulej.
1951 854 2009 889 De
2033 854 2224 904 orthogr.,

1182 908 1249 943 ubi
1281 908 1328 945 de
1359 910 1529 946 Busiride
1561 917 1598 946 et
1629 911 1793 946 Hercule
1823 911 1995 958 quaedam
2025 913 2229 950 narrantur

1181 975 1329 1003 auctore
1350 970 1495 1016 Argoae
1511 968 1522 1017 (
1538 969 1589 1005 sie
1608 981 1680 1016 pro
1701 968 1895 1018 Charone)
1916 973 1954 1004 in
1968 979 2098 1017 quarto
2109 973 2227 1021 Apol-

1182 1027 1274 1061 lonii
1292 1025 1564 1062 Commentario
1580 1035 1616 1062 et
1628 1027 1842 1074 Pherecyde
1861 1027 1871 1076 (
1887 1027 1931 1063 fr.
1948 1028 2025 1064 331⁶
2033 1029 2063 1077 ).

1237 1084 1350 1120 Haud
1364 1086 1483 1133 magis
1500 1092 1645 1121 constat
1656 1085 1703 1121 de
1714 1085 1885 1122 Charone
1896 1086 2221 1135 Carthaginiensi,

1187 1141 1235 1177 de
1255 1154 1332 1190 quo
1353 1144 1405 1181 ita
1419 1143 1552 1180 Suidas
1571 1155 1580 1181 :
1603 1141 1734 1193 Χάρων
1760 1142 2017 1194 Καρχηδόνιος,
2034 1145 2224 1196 ἱστορικός.

1184 1196 1348 1250 Ἔγραψε
1364 1199 1547 1250 τυράννους
1564 1197 1638 1237 ὅσοι
1655 1201 1690 1237 ἐν
1706 1203 1748 1251 τῇ
1765 1200 1919 1253 Εὐρώπῃ
1939 1201 1998 1238 καὶ
2014 1201 2112 1253 Ἀσίᾳ
2127 1202 2228 1254 γεγό-

1182 1263 1259 1293 νασι
1269 1286 1280 1306 ,
1298 1256 1400 1298 Βίους
1418 1256 1560 1302 ἐνδόξων
1572 1259 1703 1309 ἀνδρῶν
1720 1259 1755 1296 ἐν
1774 1258 1921 1310 βιὸλίοις
1933 1258 1975 1307 δ’,
1988 1259 2090 1303 Βίους
2103 1261 2230 1311 ὁμοίως

1181 1318 1352 1366 γυναικῶν
1370 1318 1404 1354 ἐν
1421 1316 1465 1356 δ’.
1485 1318 1542 1356 Cf.
1559 1319 1688 1356 Ebert.
1710 1319 1823 1356 sicul.
1839 1332 1878 1368 p.
1902 1332 1964 1369 90.

1234 1377 1404 1412 Fortasse
1419 1377 1712 1426 Carthaginiensi
1728 1378 1787 1414 vel
1799 1379 2023 1415 Naucratitae
2030 1379 2231 1417 tribuenda

1182 1442 1268 1470 sunt
1298 1433 1486 1472 Αἰθιοπικὰ
1507 1435 1582 1472 sive
1608 1433 1765 1482 Λιὸυκὰ,
1799 1434 1958 1486 Κρητικὰ
1983 1437 2057 1486 (de
2084 1439 2231 1487 legibus

1182 1492 1356 1542 Minois),
1395 1506 1546 1530 necnon
1575 1492 1775 1543 Περίπλους
1803 1495 1870 1530 τῶν
1904 1493 2000 1537 ἐκτὸς
2030 1496 2098 1532 τῶν
2117 1495 2229 1548 Ἦρα-

1184 1548 1307 1588 κλείων
1337 1551 1473 1597 στηλῶν
1493 1551 1503 1598 (
1518 1553 1588 1588 nisi
1606 1553 1667 1588 hic
1691 1552 1848 1588 fortasse
1865 1560 1919 1589 est
1942 1550 2110 1596 Ἄννωνος
2128 1554 2228 1607 περί-

1185 1609 1292 1652 πλους
1307 1610 1317 1659 )
1330 1639 1341 1659 ,
1359 1623 1441 1658 quae
1460 1611 1587 1646 omnia
1607 1611 1740 1647 Suidas
1755 1611 1923 1647 vindicat
1939 1611 2103 1650 Charoni
2118 1615 2227 1650 Lam-

1187 1680 1352 1717 psaceno
1376 1667 1438 1718 (v.
1454 1670 1627 1718 Prolegg.
1644 1669 1693 1705 ad
1706 1669 1839 1718 fragm.
1857 1671 1952 1707 Hist.
1968 1683 2009 1720 p.
2039 1683 2109 1708 xw
2124 1684 2181 1722 sq.
2199 1672 2225 1722 ).

1239 1880 1651 1928 CHRESTODEMUS‚
1682 1879 1875 1927 Θηὸαἳκῶν
1909 1883 2085 1931 scriptor,
2125 1882 2229 1931 apud

1189 1945 1359 1991 Apostol.
1373 1945 1516 1989 XVIII,
1537 1949 1600 1990 42,
1619 1957 1695 1980 esse
1710 1945 1822 1981 dehet
1834 1945 2107 1995 Aristodemus,
2123 1946 2230 1993 cujus

1187 2003 1272 2038 vide
1288 2002 1419 2052 fragm.
1440 2001 1478 2050 5,
1499 2010 1591 2042 tom.
1612 2004 1683 2049 111,
1702 2015 1742 2052 p.
1766 2003 1855 2052 309.

1608 2122 1822 2138 —Qooooe-

1240 2203 1574 2240 CHRISTODORI
1590 2200 1751 2239 Λυδιακὰ
1768 2201 1969 2238 laudantur
1988 2202 2027 2237 in
2045 2202 2166 2242 schol.
2181 2204 2227 2239 ll.

1191 2262 1227 2311 β,
1248 2261 1319 2304 461
1348 2274 1356 2296 :
1379 2258 1506 2306 Ἄσιος,
1523 2258 1592 2301 υἱὸς
1609 2258 1738 2303 Κότυος
1755 2259 1814 2297 καὶ
1831 2261 1973 2306 Μυιοῦς,
1990 2261 2112 2298 Λυδῶν
2131 2254 2231 2311 βασί-

1187 2317 1280 2365 λεὺς,
1299 2317 1343 2360 ὥς
1362 2333 1446 2370 φησι
1459 2317 1700 2369 Χριστόδωρος
1717 2318 1751 2354 ἐν
1767 2319 1836 2360 τοῖς
1852 2317 2057 2361 Λυδιακοῖς·
2078 2335 2093 2351 α
2115 2318 2231 2362 Κότυς

1189 2375 1400 2414 λευκώλενον
1417 2376 1526 2422 ἄλλην
1537 2373 1667 2426 Ἤγετο
1678 2374 1851 2425 κουριδίην
1867 2374 2083 2426 ὁμοδέμνιον,
2100 2375 2230 2426 οὔνομα

1190 2436 1320 2472 Μυῖαν·
1329 2433 1374 2473 Ἣ
1387 2435 1416 2471 δ’
1430 2434 1547 2480 Ἀσίην
1562 2435 1606 2484 (Ι.
1617 2431 1750 2484 Ἄσιον)
1765 2432 1840 2471 τέκε
1854 2436 1987 2484 κοῦρον.
1997 2451 2013 2468 υ
2027 2436 2140 2472 Vides
2153 2436 2231 2472 haec

1191 2496 1356 2531 carmine
1373 2496 1523 2543 scripta.
1546 2496 1691 2531 Auctor
1705 2495 1819 2543 igitur
1835 2494 1948 2530 fuerit·
1966 2495 2232 2531 Christodorus

1191 2553 1376 2601 Coptites,
1392 2554 1457 2601 qui
1476 2553 1546 2588 sub
1563 2553 1755 2589 Anastasio
1772 2554 1864 2601 imp.
1891 2553 1901 2602 (
1919 2553 2096 2601 491-518
2114 2566 2155 2602 p.
2175 2553 2230 2603 C.)

1190 2609 1337 2656 floruit,
1352 2618 1442 2646 teste
1458 2611 1573 2646 Suida
1593 2622 1602 2648 :
1619 2608 1920 2660 Χριστόδωρος
1940 2608 2141 2659 Πανίσκου,
2161 2609 2231 2647 ἀπὸ

1193 2669 1335 2705 Κοπτοῦ
1352 2668 1483 2710 πόλεως
1499 2670 1560 2713 τῆς
1578 2667 1757 2718 Αἰγύπτου
1770 2696 1780 2713 ,
1802 2667 1961 2710 ἐποποιὸς
1972 2697 1982 2717 ,
2001 2667 2158 2716 ἤκμαζεν
2173 2667 2232 2705 ἐπὶ

1191 2727 1259 2763 τῶν
1294 2725 1520 2764 Ἀναστασίου
1556 2729 1616 2763 τοῦ
1661 2725 1829 2776 βασιλέως
1863 2725 2011 2778 χρόνων.
2050 2724 2232 2777 Ἔγραψεν

1192 2783 1373 2835 Ἰσαυρικὰ
1389 2785 1423 2820 ἐν
1446 2783 1590 2834 βιὸλίοις
1609 2784 1643 2826 ς’
1666 2784 1760 2834 (ἔχει
1776 2783 1887 2829 δὲτὴν
1909 2784 2083 2835 Ἰσαυρίας
2103 2784 2232 2822 ἅλωσιν

1192 2841 1253 2887 τὴν
1272 2843 1329 2879 ὑπ’
1349 2842 1573 2880 Ἀναστασίου
1592 2842 1812 2892 γενομένην),
1834 2842 1974 2893 Πάτρια
2006 2844 2227 2880 Κωνσταντι·

1193 2899 1384 2942 νουπόλεως
1402 2901 1547 2945 ἐπικῶς,
1569 2899 1686 2949 βιὸλία
1716 2899 1776 2945 26¹,
1800 2899 1939 2950 Πάτρια
1969 2898 2232 2945 Θεσσαλονίκης

1195 2957 1312 3009 βιὸλία
1328 2957 1392 3004 κε’,
1413 2957 1550 3008 Πάτρια
1565 2957 1708 3002 Νάκλης
1721 2955 1815 3007 (ἔστι
1835 2956 1870 2993 δὲ
1887 2954 1984 2998 πόλις
1999 2955 2079 3007 περὶ
2096 2955 2232 2994 Ἡλιού-

1192 3017 1308 3062 πολιν,
1332 3017 1365 3052 ἐν
1387 3010 1409 3067 ᾗ
1435 3014 1476 3052 τὰ
1497 3013 1697 3063 καλούμενα
1724 3013 1895 3066 Ἀφακα),
1914 3013 2052 3065 Πάτρια
2074 3013 2232 3059 Μιλήτου

1192 3077 1252 3120 τῆς
1266 3074 1410 3121 Ἰωνίας,
1429 3073 1568 3124 Πάτρια
1584 3071 1789 3123 Τράλλεων,
1812 3071 1949 3124 Πάτρια
1966 3071 2232 3124 Ἀφροδισιάδος,

1191 3131 1388 3185 Ἔκφρασιν
1407 3134 1474 3169 τῶν
1495 3133 1529 3168 ἐν
1553 3133 1601 3183 τῷ
1617 3130 1798 3181 Ζευξίππῳ
1816 3129 2042 3180 ἀγαλμάτων,
2058 3129 2117 3168 καὶ
2142 3130 2234 3167 ἄλλα

1192 3190 1318 3230 πολλά.
1341 3192 1394 3229 Cf.
1418 3191 1588 3227 Eudocia
1605 3204 1644 3239 p.
1666 3190 1741 3233 436
1753 3218 1762 3235 ,
1781 3188 1848 3226 ubi
1861 3191 1959 3225 inter
1975 3190 2113 3237 scripta
2131 3189 2235 3226 Chri-

1197 3302 1282 3341 Elei,
1308 3301 1466 3332 Corinthii
1485 3299 1690 3339 thymelicos,
1712 3298 1916 3329 Athenienses
1927 3297 2086 3336 scenicos,
2078 3308 2085 3316 ·
2111 3297 2136 3328 si
2162 3296 2236 3337 quis

1195 3363 1270 3385 vero
1286 3353 1318 3384 in
1335 3353 1384 3384 his
1407 3351 1601 3392 peccaverit,
1618 3349 1747 3389 ssaoellis
1762 3349 1926 3381 caedantur
1939 3347 2208 3380 Lacedaemonii»

1194 3405 1326 3436 irridens
1337 3412 1450 3444 nempe
1462 3403 1592 3434 usitatas
1602 3400 1685 3441 apud
1701 3400 1756 3431 hos
1766 3400 2010 3440 flagellationes,
2025 3401 2060 3431 ut
2073 3399 2235 3431 Charicles

159 3454 332 3494 Gymnicus
348 3454 439 3487 ludos
462 3455 682 3496 (Stratonicus
705 3457 867 3490 citharista
892 3457 1013 3498 inquit)
1038 3440 1133 3497 agant
1194 3456 1302 3488 scribit
1317 3455 1397 3486 libro
1407 3455 1507 3495 primo
1521 3451 1950 3492 Deludismtheniensium)
1970 3450 2109 3482 urbanis.
