2372 3704
145 229 222 263 650

145 308 206 348 καὶ
227 308 297 347 ἀπὸ
317 311 377 348 τοῦ
394 309 482 360 σιγῶ
501 307 595 359 σίγα,
614 307 720 353 οὕτως
742 308 802 347 καὶ
822 311 861 348 ἐκ
875 313 936 348 τοῦ
957 313 1027 364 ὁρῶ
1040 310 1117 364 ὅρα,
1137 310 1198 350 καὶ

144 367 234 418 μετὰ
265 371 327 415 τῆς
352 367 418 406 ὑπό
437 367 570 420 ὑπόρα,
592 367 652 406 καὶ
671 369 884 422 πλεονασμῷ
916 373 974 408 τοῦ
998 371 1016 408 δ
1044 370 1196 422 ὑπόδρα,

127 428 182 466 -τὸ
201 430 403 481 ὑφορᾶσθαι.
423 427 494 468 Καὶ
509 428 635 472 ἄλλως.
651 426 757 467 Ἔστι
775 429 845 481 δρῶ
860 460 870 477 ,
893 428 955 467 καὶ
972 429 1139 480 σημαίνει
1158 429 1198 468 τὸ

144 487 282 539 βλέπω,
302 486 336 532 ἐξ
353 481 391 526 οἷ
422 486 484 526 καὶ
515 487 635 541 δράσις
655 487 714 526 καὶ
745 489 876 540 δρᾶμα·
908 490 947 528 ἐκ
963 493 1025 528 τοῦ
1045 484 1104 527 οὖν
1127 490 1197 541 δρῶ

140 546 274 598 γίνεται
290 549 374 599 δρᾶ,
392 548 452 586 καὶ
471 546 560 597 μετὰ
577 550 638 594 τῆς
657 546 724 585 ὑπό
739 547 895 600 ὑπόδρα,
913 547 953 586 τὸ
973 547 1197 596 ὑποὸλέπειν,

141 604 203 643 καὶ
230 604 418 658 δραπέτης.
440 604 486 645 Ὃ
504 605 540 645 δὲ
558 606 774 659 Ἡρωδιανὸς
792 606 886 659 λέγει
903 605 956 645 ὅτι
981 607 1020 646 ἐκ
1035 610 1094 646 τοῦ
1112 609 1197 645 ὓπο-

141 663 227 716 δρὰξ
250 664 382 716 γίνεται
410 666 490 706 κτλ.

195 725 303 761 Idem
330 725 384 761 ib.
419 727 457 771 Ι,
487 738 526 774 p.
556 725 628 771 66,
655 725 739 764 30:
768 722 853 762 Ἀπὸ
873 726 933 771 τ’ῆς
967 723 1079 776 ἀμφί
1108 738 1197 776 προ·

143 779 273 826 θέσεως
291 781 330 820 τὸ
356 784 378 820 ἀ
391 781 492 835 μερίς
511 781 688 834 ἐπίρρημα
708 781 838 829 ταύτης
863 781 1196 834 παραλαμὸάνεται·

141 857 158 874 α
174 838 288 893 Οἶπερ
307 839 462 892 νέρτεροί
482 842 549 878 εἶσι
569 840 638 878 θεοὶ
658 840 789 892 Κρόνον
811 840 921 893 ἀμφὶς
938 840 1047 882 ἐόντες
1066 842 1135 891 (11.
1161 857 1194 887 o,

143 901 267 958 225)»
275 899 463 949 ,Οὐδεμία
477 898 544 951 γὰρ
563 898 725 951 πρόθεσις
738 900 921 943 πλεονάζει
940 898 979 936 τὸ
993 914 1029 939 σ.
1048 899 1101 938 Τὸ
1119 899 1152 936 83
1169 915 1197 947 ε,

140 959 211 994 οἷον
231 956 321 1009 ἀμφί
344 959 378 1003 3,
402 956 600 1007 ἀντωνομία
626 960 684 995 νῦν
715 956 880 1010 ἀρσενικὴ
905 956 1196 1009 ὀρθοτονουμένη,

140 1029 199 1052 νυν
221 1014 567 1065 μεταλαμὸανομένη
601 1016 650 1059 εἷς
681 1014 854 1054 σύνθετον·
886 1015 1144 1069 Ἀπολλόδωρος
1161 1014 1196 1054 δὲ

170 1074 237 1112 ιλοῒ
254 1073 294 1112 τὸ
314 1073 344 1114 ἕ.

139 1076 166 1127 ψ
192 1133 287 1183 Pag.
312 1133 388 1178 468
401 1162 411 1180 ,
438 1134 484 1171 fr.
512 1139 602 1178 241.
620 1155 672 1161 -
688 1134 833 1170 Eadem
849 1135 982 1171 suidas
1002 1147 1030 1171 s.
1048 1147 1085 1173 v.
1101 1136 1196 1172 Dele

138 1199 270 1228 notam
288 1206 296 1228 z
313 1195 363 1228 In
377 1193 678 1228 antecedentibus
693 1201 767 1230 etc.
785 1195 932 1230 Etenim
943 1194 1077 1230 Suidas
1097 1207 1195 1242 quo-

141 1264 229 1299 que,
246 1252 358 1288 sicuti
378 1253 592 1299 Athenaeus,
611 1260 649 1289 et
665 1253 892 1302 Antiphanis
913 1259 949 1290 et
965 1253 1195 1303 Apollodori

142 1312 325 1347 meminit.

193 1368 400 1419 Pag.,468‚
415 1370 459 1407 fr.
474 1376 549 1415 242
568 1383 607 1409 a.
624 1391 675 1398 -—
690 1370 892 1407 Athenaeus
911 1371 1002 1408 XIV
1014 1399 1024 1417 ‚
1048 1384 1087 1421 p.
1104 1370 1194 1418 636,

139 1430 194 1467 F.
211 1426 508 1480 Ἀπολλόδωροςδ’
526 1429 566 1466 ἐν
580 1430 632 1481 τῇ
647 1427 757 1480 πρὸς
773 1427 848 1474 τὴν
865 1428 1195 1481 Ἀριστοκλέους

140 1486 390 1534 ἐπιστολὴν
413 1488 623 1540 ἀντιγρα
609 1502 632 1526 ω
646 1489 688 1539 ἦ,
705 1505 720 1521 «
737 1485 754 1524 ὃ
771 1490 853 1535 νῦν,
869 1487 996 1539 φησὶν,
1015 1487 1116 1537 ἡμεῖς
1131 1487 1194 1525 λέ-

139 1561 246 1596 γομεν
265 1544 486 1599 ψαλτήριον,
509 1547 602 1584 τοῦτ’
617 1528 708 1583 εἶναι
731 1545 905 1596 μάγαδιν·
925 1547 943 1583 6
963 1544 998 1583 83
1018 1545 1193 1598 κλεψίαμ-

141 1604 202 1649 ὅος
230 1605 386 1653 κληθεὶς,
419 1604 471 1643 ἔτι
500 1603 536 1643 δὲ
557 1607 575 1643 ὁ
603 1604 767 1657 τρίγωνος
794 1603 854 1642 καὶ
885 1607 904 1642 6
933 1603 992 1642 ἔλι
985 1619 1058 1654 μος
1076 1621 1136 1643 και
1155 1604 1194 1643 τὸ

140 1663 364 1717 ἐννεάχορδον
388 1663 614 1718 ἀμαυρότερα
629 1666 672 1717 τῇ
690 1663 794 1717 χρείᾳ
812 1663 1006 1711 καθέστηκε
1025 1682 1055 1704 ν.

865 222 1115 263 ADDENDA
1143 223 1208 262 ET
1236 222 1573 264 CORRIGENDA

1311 313 1538 350 Aristoclem
1568 314 1735 364 intellige
1764 327 1852 352 eum
1873 316 1940 365 qui
1970 318 2027 353 De
2053 317 2179 354 choris
2198 325 2233 354 et
2263 318 2310 354 de

1258 373 1404 408 musica
1422 374 1586 422 scripsit.
2303 386 2306 390 ’

1313 429 1404 478 Pag.
1422 431 1498 480 469
1509 458 1519 476 ,
1542 432 1578 467 b.
1605 452 1652 458 -
1668 430 1859 478 Quaeritur
1875 433 2068 480 cujusnam
2083 434 2313 483 Apollodori

1259 489 1333 525 sint
1359 489 1485 525 haecce
1508 502 1517 525 ε
1543 491 1674 526 Festus
1703 492 1760 526 De
1787 492 1892 528 verb.
1921 493 2016 541 sign.
2044 505 2087 540 p.
2125 497 2200 535 224
2227 494 2314 530 Lin-

1260 546 1360 586 dem.
1380 560 1390 583 ς
1410 549 1657 596 Apollodorus
1672 552 1712 584 in
1727 549 1922 587 Euxenide
1938 555 1998 587 ait
2011 554 2134 587 AEnea
2149 560 2189 588 et
2197 554 2312 588 Lavi-

1258 609 1323 640 nia
1335 614 1444 642 natos
1459 608 1648 653 Mayllum
1663 608 1812 644 Malam
1829 609 2084 659 Rhomumque
2095 637 2109 655 ,
2132 618 2244 659 atque
2261 611 2312 646 ab

1257 664 1402 700 Rhomo
1415 666 1496 700 urbi
1515 673 1674 701 tractum
1693 679 1843 704 nomen.

1312 721 1506 760 Plutarch.
1529 725 1604 771 Qu.
1633 725 1701 763 Gr.
1732 729 1802 772 42,
1823 738 1862 774 p.
1885 725 1956 763 301
1975 755 1989 778 ,
2017 727 2046 764 C
2068 739 2078 763 ε
2107 724 2194 765 Ἀπὸ
2224 725 2314 770 τίνος

1260 779 1382 831 ἐρρέθη
1407 779 1447 818 τὸ
1491 781 1728 833 παροιμιῶδες
1758 799 1774 815 «
1811 781 1935 822 Αὕτα
1966 782 2099 835 κυρία
2127 797 2166 835 »3
2201 783 2314 824 Δίνων

1263 840 1281 876 6
1300 839 1536 891 Ταραντῖνος,
1556 841 1782 891 στρατηγῶν,
1802 839 1890 894 ἀνὴρ
1915 840 1944 879 δ’
1965 838 2013 880 ὢν
2038 841 2167 893 ἀγαθὸς
2189 843 2225 880 ἐν
2242 848 2313 887 τοῖς

1265 897 1486 947 πολεμικοῖς,
1525 899 1914 950 ἀποχειροτονησάντων
1936 901 2041 938 αὐτοῦ
2061 915 2140 938 τινα
2169 899 2314 952 γνώμην

1257 956 1326 992 τῶν
1346 956 1520 1003 πολιτῶν,
1538 958 1584 999 ὥς
1606 959 1624 994 6
1643 955 1753 1009 κῆρυξ
1783 959 1904 996 ἀνεῖπε
1931 957 1995 1005 τὴν
2025 960 2195 1007 νικῶσαν,
2213 960 2314 1005 αὐτὸς

1259 1014 1439 1059 ἀνατείνας
1452 1013 1516 1061 τὴν
1538 1014 1665 1063 δεξιάν,
1687 1033 1703 1049 ‹
1721 1014 1823 1063 Ἅδε,
1852 1010 1951 1064 εἰπε,
1971 1016 2188 1068 κρείσσων.»
2210 1017 2355 1064 Οὕτω

1257 1072 1325 1125 γὰρ
1357 1076 1375 1112 6
1410 1073 1637 1126 Θεόφραστος
1675 1073 1853 1128 ἱστόρηκε·
1887 1075 2140 1128 προσιστόρηκε
2176 1074 2214 1114 δὲ
2253 1090 2314 1114 και

1257 1134 1275 1170 6
1299 1132 1593 1184 Ἀπολλόδωρος’
1578 1148 1613 1170 εν
1642 1132 1793 1188 Ῥυτίνῳ
1808 1133 1866 1209 (3),
1888 1149 1949 1173 του
1973 1133 2123 1188 κήρυκος
2144 1152 2161 1168 α
2185 1125 2313 1174 αὗται

1257 1191 1463 1235 πλείους·
1451 1191 1644 1239 -εἷπόντος,
1659 1193 1762 1231 cim*
1779 1196 1930 1241 αὗται,
1945 1193 2064 1247 φάναι,
2081 1192 2315 1246 βελτίουςο

1257 1250 1349 1288 καὶ’
1334 1266 1549 1303 επικυρωσαι
1559 1250 1621 1298 τὴν
1632 1253 1701 1289 τῶν
1713 1251 1906 1291 ἐλαττόνων
1919 1251 2147 1304 χειροτονίαν.
2159 1255 2315 1291 Utrum-

1257 1324 1332 1360 que
1356 1312 1487 1348 locum
1526 1312 1710 1348 Meursius
1749 1320 1788 1349 et
1817 1313 2015 1350 Fabricius
2048 1313 2097 1349 ad
2127 1313 2316 1349 comicum

1256 1370 1540 1420 Apollodorum
1566 1371 1799 1417 retulerunt,
1824 1371 2038 1420 refragante
2055 1371 2246 1408 Meinekio
2275 1373 2315 1408 in

1257 1431 1355 1465 Hist.
1371 1430 1456 1465 crit.
1471 1442 1572 1467 com.
1586 1443 1623 1478 p.
1640 1429 1728 1472 463.
1739 1450 1790 1459 -
1801 1431 1975 1467 Ceterum
1984 1430 2315 1480 fragmentaApol·

1256 1489 1409 1535 lodori,
1438 1490 1685 1537 grammatica
1699 1490 1883 1535 maxime,
1911 1491 2041 1538 augeri
2059 1489 2184 1526 adhuc
2205 1503 2316 1538 posse

1262 1546 1436 1592 confid03
1459 1560 1529 1596 ego
1544 1549 1646 1584 hunc
1667 1549 1707 1583 in
1724 1547 1836 1584 finem
1856 1556 1943 1597 post
1959 1549 2150 1597 Heynium
2164 1556 2310 1586 veteres

1257 1613 1434 1641 auctores
1450 1613 1627 1642 excutere
1646 1607 1777 1652 nolui3
1796 1620 1880 1655 quae
1899 1608 2001 1643 ultro
2026 1619 2065 1644 se
2083 1607 2176 1643 mihi
2197 1607 2310 1643 obtu-

1256 1666 1383 1702 lerunt
1395 1691 1406 1711 ,
1422 1673 1591 1702 enotasse
1607 1667 1695 1702 satis
1713 1667 1845 1705 habui.

965 1947 1371 2007 VOLUMEN
1409 1949 1483 2005 II.

422 2090 909 2136 PROLEGOMENA.

191 2213 381 2259 Excerpta
395 2208 668 2245 Escorialensia
691 2206 879 2257 Augustus
899 2217 1055 2255 quoque
1074 2205 1195 2242 Fede-

137 2283 222 2319 rus,
243 2270 302 2306 vir
317 2269 570 2313 doctissimus,
590 2280 611 2304 e
631 2267 764 2303 codice
783 2267 874 2302 olim
891 2265 1103 2313 descripsit.
1123 2265 1197 2302 Sed

139 2331 279 2378 quibus
298 2327 452 2365 edendis
468 2335 555 2362 ante
568 2327 704 2375 viginti
722 2326 837 2361 hosce
851 2337 970 2361 annos
981 2336 1197 2373 paucorum

139 2390 289 2425 dierum
309 2387 429 2422 otium
445 2386 671 2430 suffecisset,
695 2397 828 2421 eorum
848 2385 1078 2432 particulam
1093 2397 1195 2420 nunc

139 2448 291 2484 demum
319 2446 418 2493 typis
442 2444 624 2480 mandare
650 2444 797 2492 placuit
816 2441 997 2491 (polybii,
1034 2444 1196 2478 Diodori

137 2515 250 2555 atque
270 2506 438 2552 Dionysii
451 2502 670 2551 fragmenta
689 2515 770 2537 cum
790 2502 941 2539 vicolaz·
955 2502 1078 2537 XXV
1092 2505 1195 2550 ptio-

138 2567 253 2601 ribus.
269 2563 504 2599 Darmstadiz·
531 2574 596 2597 an.
621 2560 763 2610 1849).
782 2561 1028 2596 parisiensem
1052 2560 1194 2596 editio-

137 2636 226 2660 nem
241 2634 427 2669 nusquam
443 2620 610 2657 Federus
628 2626 830 2656 memorat.
854 2620 974 2667 Igitur
992 2631 1072 2654 non
1083 2621 1194 2655 novit

138 2693 246 2730 (Ὦπις
269 2680 375 2729 quod
393 2680 459 2727 qui
486 2685 687 2726 negarunt,
711 2678 918 2713 malevolos
944 2689 1022 2712 esse
1045 2689 1191 2713 censeo.

139 2743 316 2778 Ceterum
343 2739 559 2775 Parisiensis
588 2745 626 2774 et
660 2737 976 2774 Darmstadiensis
1009 2737 1192 2773 editiones

138 2802 252 2838 etiam
271 2800 311 2834 in
326 2799 391 2848 iis,
406 2811 488 2846 quae
501 2810 579 2832 non
593 2798 631 2832 in
647 2797 757 2831 trivio
775 2798 913 2844 cuique
925 2796 1040 2831 obvia
1053 2804 1188 2841 essent,

138 2870 395 2908 saepenumero
413 2857 666 2894 consentiunt.
690 2855 804 2902 Quod
824 2855 988 2904 gaudeo,
1011 2855 1189 2890 Enotabo

139 2931 222 2966 quae
243 2929 345 2953 nova
372 2916 572 2953 accedunt.
596 2917 783 2950 Praeterea
803 2915 983 2951 Nicolaus
1012 2915 1163 2950 Piccolo
1177 2943 1188 2963 ,

137 2979 197 3013 vir
220 2990 299 3013 non
326 2977 450 3012 minus
468 2975 712 3011 humanitatis
732 2987 847 3022 quam
873 2974 1014 3022 ingenii
1041 2981 1078 3010 et
1097 2974 1186 3011 doc-

138 3038 245 3072 trinae
266 3035 378 3071 laude
395 3035 640 3081 clarissimus,
665 3035 817 3081 egregia
843 3034 964 3069 multa
996 3034 1123 3068 attulit
1149 3034 1189 3068 in

138 3095 350 3144 appendice
363 3094 412 3130 ad
426 3094 740 3129 commentarium
754 3093 910 3128 suumin
925 3093 1074 3128 Nicolai
1085 3092 1189 3141 frag—

136 3161 308 3190 mentum
337 3150 427 3202 Hepl
463 3150 537 3202 βίου
577 3151 754 3200 Καίσαρος
783 3151 844 3198 (V.
879 3150 978 3186 infra
1016 3151 1114 3188 Add.
1141 3151 1190 3186 ad

138 3219 232 3250 tom.
260 3209 363 3261 ΙΙΙ).
389 3211 561 3257 Quorum
598 3210 753 3257 quidem
777 3211 960 3258 pleraque
992 3208 1073 3256 jam
1104 3217 1189 3245 ante

138 3272 237 3308 duos
271 3270 408 3306 abhinc
450 3281 568 3304 annos
607 3281 644 3306 ν.
676 3269 713 3306 d.
746 3281 895 3304 mecum
931 3269 1188 3304 communica·

135 3337 281 3437 vellsslzig.
301 3399 371 3432 vn,
399 3399 433 3434 1,
451 3386 520 3423 lin.
549 3386 586 3423 6.
611 3384 742 3421 ἀνελεῖν
758 3382 820 3432 μὲν
842 3384 1039 3434 ]Federus
1062 3398 1097 3421 ν.
1126 3383 1189 3433 μὲν

138 3449 244 3484 uncis
268 3446 433 3495 inclusit,
461 3452 504 3481 ut
524 3445 571 3481 de
592 3457 659 3482 suo
691 3444 873 3482 additam.
903 3446 952 3480 At
987 3441 1049 3492 μὲν
1069 3444 1188 3492 plenis

1259 2088 1379 2124 literis
1394 2088 1434 2123 in
1446 2087 1533 2126 cod.
1553 2094 1692 2134 exstat3
1711 2095 1843 2125 contra
1857 2101 1950 2125 vero
1961 2101 2034 2139 pro
2046 2087 2178 2126 ἀνελεῖν
2191 2090 2312 2127 codex

1265 2148 1320 2192 ἂν,
1337 2148 1436 2183 sicut
1455 2159 1547 2183 mox
1569 2146 1716 2183 ἀποστεῖ
1738 2160 1811 2196 pro
1833 2147 2059 2194 ἀποστεῖλαι,
2079 2156 2117 2185 et
2143 2148 2191 2188 fr.
2214 2162 2255 2198 9,
2276 2151 2311 2187 ἐν

1258 2218 1331 2254 pro
1349 2203 1531 2251 ἐννοήσας,
1553 2212 1591 2242 et
1611 2205 1659 2241 fr.
1679 2205 1742 2252 34,
1768 2199 1878 2255 {pro
1897 2199 1962 2251 ἧκε
1986 2214 2061 2242 etc.
2078 2207 2192 2243 Unde
2210 2215 2315 2255 patet

1257 2265 1457 2300 librarium
1471 2265 1700 2314 compendia
1715 2266 1928 2315 scripturae,
1944 2278 2027 2314 quae
2039 2273 2145 2302 erant
2160 2267 2199 2301 in
2211 2267 2312 2302 libro

1258 2323 1537 2373 describendo,
1567 2337 1647 2360 non
1679 2325 1768 2360 satis
1800 2325 2039 2360 intellexisse.
2074 2325 2239 2362 Federus
2265 2327 2313 2362 de

1256 2383 1477 2431 hujusmodi
1496 2383 1611 2419 rebus
1632 2384 1861 2432 plerumque
1886 2385 1981 2420 nihil
2009 2385 2160 2420 monuit
2173 2413 2184 2433 ,
2207 2387 2313 2433 quasi

1255 2442 1334 2478 haec
1362 2443 1473 2492 parvi
1503 2450 1627 2480 essent
1656 2444 1841 2479 momenti
1868 2442 1910 2480 in
1940 2442 2180 2479 emendando
2210 2444 2312 2480 libro

1257 2502 1556 2551 corruptissime.

1309 2562 1400 2610 Pag.
1419 2574 1517 2609 vlu,
1540 2561 1587 2599 fr.
1619 2565 1658 2611 4,
1677 2561 1746 2599 lin.
1774 2566 1815 2605 4.
1841 2557 1900 2596 ἐπὶ
1917 2556 2051 2608 τῆς]1.
2083 2557 2141 2596 ἐπὶ
2158 2557 2239 2607 τὰς,
2255 2562 2313 2597 uti

1255 2627 1310 2656 est
1328 2621 1367 2655 in
1382 2628 1485 2658 nota.

1307 2681 1399 2728 Pag.
1419 2691 1482 2725 lx,
1509 2679 1554 2716 fr.
1573 2677 1615 2724 6,
1635 2679 1703 2715 lin.
1731 2677 1768 2717 3.
1788 2675 2026 2727 050u<]cum
2046 2678 2194 2715 Federo
2223 2691 2309 2715 cor-

1253 2738 1334 2786 lige
1355 2735 1510 2780 υἱωνοὺς.
1533 2759 1585 2765 -
1604 2738 1664 2774 Ib.
1681 2738 1726 2776 sr.
1753 2737 1788 2783 8,
1808 2738 1875 2774 lin.
1895 2736 1916 2774 5
1932 2735 2125 2789 προέχων]
2143 2737 2309 2789 προσχὼν

1253 2797 1366 2832 tacite
1386 2797 1535 2844 scripsit
1552 2795 1689 2833 Feder.
1709 2803 1746 2831 et
1763 2796 1804 2834 h.
1821 2796 1848 2833 1.
1868 2803 1904 2831 et
1926 2807 2016 2845 pag.
2038 2808 2156 2842 xv111,
2174 2796 2222 2835 fr.
2241 2796 2306 2842 23,

1252 2856 1322 2894 lin.
1351 2855 1384 2892 3.
1403 2855 1517 2902 Quod
1533 2868 1620 2891 sane
1640 2856 1773 2892 miror.

1304 2916 1396 2963 Pag.
1418 2927 1483 2963 x1‚
1509 2914 1557 2950 fr.
1594 2926 1653 2958 12,
1670 2915 1738 2952 lin.
1769 2913 1805 2950 3.
1841 2910 1896 2950 διὰ
1927 2910 2006 2954 τοὺς
2033 2910 2138 2954 ἰδίους
2163 2911 2302 2950 ἐκείνων

1250 2970 1588 3022 περιεσπασμένων]
1623 2970 1887 3023 περισπασμοὺς
1912 2979 2015 3008 recte
2039 2972 2218 3008 Federus.
2251 2971 2308 3009 διὰ

1249 3029 1326 3073 τοὺς
1346 3028 1530 3073 Ἰουδαίους
1551 3030 1654 3078 conj.
1679 3032 1848 3069 Piccolo.
1873 3051 1926 3058 --
1948 3031 2014 3067 lin.
2037 3031 2072 3066 6.
2101 3029 2314 3081 καρπούμε-’

1249 3089 1331 3140 νος]
1351 3091 1429 3138 lege
1443 3087 1653 3140 ἀρκούμενος
1665 3117 1675 3137 ,
1694 3090 1751 3124 uti
1765 3096 1818 3125 est
1837 3090 1872 3124 in
1899 3090 2038 3125 latinis.
2059 3090 2177 3125 Error
2193 3097 2305 3139 typo—

1250 3150 1359 3185 thetae
1372 3179 1382 3195 ‚
1405 3150 1472 3197 qui
1497 3161 1633 3184 vocem
1654 3145 1871 3199 ἀρπούμενος
1889 3149 1928 3184 in
1949 3145 2159 3198 ἀρκούμενος
2175 3149 2304 3186 corri-

1249 3220 1337 3256 gere
1352 3207 1475 3254 jussus
1494 3214 1587 3244 erat.

1302 3268 1394 3315 Pag.
1412 3278 1487 3310 xn,
1500 3266 1568 3303 lin.
1587 3269 1650 3308 14.
1669 3262 1782 3302 ἔνεκεν
1796 3265 1908 3302 αὐτῶν
1927 3261 2074 3314 βασιλέα
2087 3256 2174 3300 εἶναι
2195 3270 2202 3315 1
2215 3267 2303 3302 Haec

1251 3325 1491 3373 quantumvis
1517 3324 1613 3360 dura
1630 3325 1749 3372 possis
1770 3325 1869 3360 tueri
1889 3337 1898 3358 ε
1928 3336 2000 3371 per
2013 3326 2107 3371 ipsos
2129 3322 2301 3371 (Roma-

1249 3386 1341 3432 nos)
1367 3383 1564 3419 Timarcho
1585 3384 1694 3418 licere
1709 3386 1787 3431 regi
1799 3395 1890 3420 esse.
1911 3383 1976 3418 Sin
1990 3383 2114 3417 minus
2126 3382 2200 3417 hoc
2219 3382 2300 3430 pla·

1251 3451 1326 3494 cet,
1345 3444 1415 3491 leg.
1449 3439 1576 3479 ἔδωκεν
1609 3439 1814 3490 αὐτόνομον.
1848 3443 1893 3477 111
1927 3448 2009 3478 not.
2038 3440 2146 3478 adh.
2170 3441 2196 3476 l.
2219 3441 2300 3489 lege
