2326 3724
127 223 198 255 192

122 310 185 339 tur
215 300 258 338 τὰ
287 298 375 351 μετὰ
405 298 520 340 Δίωνα
546 302 586 337 in
616 302 699 351 ipso
729 300 863 338 Dionis
898 299 1053 345 codice,
1087 312 1165 348 quo

122 363 337 411 cclogarius
358 362 459 397 tituli
485 361 539 398 De
558 362 753 397 sententiis
777 371 866 396 usus
885 366 955 405 est,
979 356 1168 408 ἀνωνύμως

121 422 233 456 fuisse
255 419 438 467 subjecta.
468 421 591 456 Immo
621 421 722 455 ultro
753 417 1077 468 progrediendum
1093 429 1167 461 esse

121 487 230 528 puto.
269 480 423 516 Scilicet
458 491 577 526 quum
609 478 743 514 Dionis
777 478 916 525 eclogae
947 477 987 512 in
1020 476 1076 511 tit.
1110 477 1167 512 De

120 545 213 575 sent.
258 538 398 574 mirum
441 545 626 586 quantum
665 537 712 573 ab
753 536 986 572 editionibus
1030 536 1168 571 nostris

121 595 313 643 recedant,
341 603 379 633 et
402 608 574 632 enormes
598 597 689 640 sint,
718 603 762 631 ut
789 596 878 631 Maii
911 595 1036 630 verbis
1066 601 1166 640 utar,

120 654 292 690 lectionis
314 655 511 690 varIetates
542 666 550 689 ε
580 655 760 702 proclivis
791 660 845 689 est
875 653 1042 701 susp1cio
1073 663 1167 687 eun-

120 713 207 749 dem
244 714 439 750 hominem
469 714 535 761 qui
568 714 730 749 Dionem
761 711 1019 756 continuavit,
1055 711 1169 746 etiam

120 779 336 809 retractasse
354 773 488 809 Dionis
500 772 676 808 historias
689 772 748 808 vel
766 774 927 808 mutasse
940 769 1058 805 modo
1076 781 1167 805 con·

121 831 304 867 trahendo
323 832 599 876 narrationem,
631 830 749 866 modo
775 829 931 866 Dioneis
957 828 1084 864 verbis
1103 839 1168 863 sua

121 890 232 938 ipsius
275 889 551 928 substituendo.
597 888 765 936 Objicias
806 888 1037 924 mutationes
1083 887 1170 923 istas

120 960 250 984 omnes
268 949 459 997 eclogario
476 947 718 996 imputandas
735 959 825 985 esse.
844 948 926 995 Ego
944 958 1037 982 vero
1053 957 1167 994 nego.

119 1007 270 1043 Etenim
307 1007 346 1042 in
384 1006 517 1055 fragm.
557 1007 742 1043 Vaticano
776 1005 883 1054 quod
917 1017 958 1054 p.
998 1009 1071 1048 204
1107 1005 1169 1042 ed.

119 1065 235 1102 Rom.
263 1076 308 1100 ex
336 1064 528 1114 Calligulae
543 1063 700 1100 historia
725 1063 899 1108 affertur,
924 1063 1042 1099 verba
1067 1063 1172 1100 aliter

119 1123 231 1171 plane
257 1122 402 1160 hahent
421 1135 534 1171 quam
557 1123 597 1158 in
617 1122 853 1159 editionibus
871 1122 1011 1157 nostris
1037 1122 1172 1158 Dionis

121 1181 208 1230 (59,
244 1181 333 1231 22).
373 1183 418 1218 In
448 1182 506 1218 his
541 1182 734 1218 Dioneum
773 1181 956 1217 orationis
1002 1180 1172 1216 colorem

120 1242 314 1290 agnoscis,
341 1241 381 1276 in
403 1240 616 1290 fragmento
643 1247 768 1276 autem
791 1240 859 1276 illo
884 1241 1076 1289 ingenium
1098 1239 1173 1276 de-

119 1299 321 1346 prehendis
343 1299 509 1336 hominis
531 1300 699 1345 serioris3
723 1299 826 1335 hunc
846 1311 938 1335 vero
966 1311 1044 1334 non
1060 1298 1173 1336 fuisse

119 1356 352 1406 eclogarium
371 1357 462 1394 inde
487 1357 775 1406 comprobatur,
798 1357 905 1406 quod
929 1356 1065 1393 iisdem
1085 1358 1165 1406 qui-

120 1415 189 1452 bus
208 1417 268 1453 ille
287 1416 412 1452 verbis
435 1416 594 1452 eandem
622 1428 701 1452 rem
720 1417 890 1452 narravit
909 1417 931 1452 J
934 1427 1076 1451 oannes
1094 1418 1172 1452 An-

119 1475 315 1512 tiochenus
329 1474 394 1526 (fr.
416 1474 481 1520 38,
499 1475 568 1511 ubi
583 1474 692 1525 vide)
707 1502 717 1521 ‚
735 1487 849 1524 quem
865 1475 906 1510 in
919 1474 989 1511 hac
1005 1475 1172 1511 historiae

119 1542 226 1582 parte
254 1535 537 1587 quamplurima
559 1546 579 1571 e
603 1534 728 1570 Dione
752 1535 987 1583 exscripsisse
1016 1535 1170 1572 scimus.

120 1594 231 1630 Unde
265 1594 405 1643 colligo
437 1595 625 1629 Joannem
659 1600 698 1629 et
727 1594 971 1642 Eclogarium
1000 1600 1174 1629 nostrum

120 1651 252 1688 cadem
271 1652 406 1688 Dionis
430 1653 537 1700 quasi
557 1653 776 1689 recensione
804 1665 894 1689 usos
922 1664 1015 1691 esse.
1037 1653 1172 1688 Nescio

120 1722 169 1745 an
189 1710 408 1759 diligentior
428 1711 644 1759 disquisitio
675 1711 789 1747 etiam
817 1711 892 1746 alia
922 1709 1091 1757 ejusdem
1116 1711 1173 1746 rei

121 1769 275 1818 vestigia
294 1770 414 1817 possit
432 1769 627 1818 indagare.
653 1769 733 1818 Ego
754 1781 872 1804 unum
888 1769 963 1804 hoc
975 1795 985 1813 ‚
1010 1769 1050 1804 in
1067 1768 1174 1818 quod

121 1827 219 1864 forte
246 1828 399 1871 incido,
439 1827 680 1876 subjungam.
718 1829 765 1863 In
790 1828 924 1864 Dionis
964 1829 1051 1863 Exc.
1087 1830 1172 1866 Vat.

121 1898 158 1934 p.
187 1885 279 1932 547,
310 1898 452 1922 nomen
483 1886 645 1924 Viriathi
677 1887 771 1924 mire
803 1893 1027 1935 corruptum
1055 1894 1111 1923 est
1134 1887 1175 1922 in

122 1942 320 1995 Βορίανθος.
343 1945 487 1981 Eodem
501 1951 628 1981 autem
646 1945 765 1981 modo
783 1957 927 1981 nomen
943 1945 1018 1980 hoc
1040 1945 1173 1980 scribi-

120 2010 183 2038 tur
204 2003 244 2038 in
273 2005 364 2041 Exc.
381 2004 539 2039 Joannis
558 2004 789 2040 Antiocheni
820 2003 892 2052 (fr.
916 2001 1006 2052 60).
1034 2025 1082 2030 —
1101 2004 1174 2040 Ce—

121 2069 242 2097 terum
275 2074 322 2098 ex
349 2069 506 2098 auctore
538 2069 696 2108 nostro,
733 2063 801 2110 qui
833 2062 968 2098 Dionis
996 2061 1175 2098 historias

122 2121 378 2166 continuavit,
395 2133 472 2169 prae
490 2122 623 2157 ceteris
639 2133 705 2157 sua
721 2121 846 2157 hausit
866 2121 1054 2166 Zonaras,
1075 2121 1174 2157 adeo

122 2187 164 2215 ut
182 2180 286 2216 haud
311 2180 427 2216 semel
454 2192 542 2215 eum
567 2180 618 2216 ad
641 2180 803 2217 verbum
825 2179 902 2217 fere
930 2180 1173 2230 exscripserit

127 2239 186 2287 (v.
210 2238 256 2274 fr.
278 2251 315 2274 2.
339 2238 376 2274 8.
399 2251 438 2287 9.
462 2238 636 2288 10.11).

268 2361 558 2401 ΑΝΩΝΥΜΟΥ
586 2362 652 2401 ΤΑ
682 2362 823 2402 ΜΕΤΑ
852 2361 1023 2401 ΔῘΩΝΑ.

448 2481 472 2506 ῐ.
503 2468 849 2508 ΒΑΛΕΡΙΑΝΩΣ.

215 2555 313 2606 (254
330 2569 371 2606 p.
391 2556 458 2604 C.;
479 2558 669 2594 Valeriani
691 2565 730 2595 et
748 2558 909 2595 Gallieni
938 2570 999 2594 an.
1032 2558 1089 2607 1.)

183 2640 270 2682 “Oti
291 2644 310 2680 ὃ
325 2643 393 2680 τῶν
411 2644 560 2695 Περσῶν
584 2642 746 2695 βασιλεὺς
767 2643 857 2694 μετὰ
877 2642 1086 2696 Μαριάδνου
1106 2644 1175 2698 πρὸ

128 2703 189 2748 τῆς
211 2701 345 2745 πόλεως
365 2700 574 2753 Ἀντιοχείας
593 2704 640 2746 ὡς
666 2701 776 2740 εἴκοσι
795 2701 956 2746 σταδίους
975 2717 1174 2755 στρατοπε-

127 2759 275 2798 δεύεται.
296 2759 370 2799 Καὶ
386 2761 417 2799 οἱ
436 2759 498 2810 μὲν
516 2760 677 2814 φρόνιμοι
697 2759 821 2814 ἔφυγον
837 2763 899 2808 τῆς
919 2760 1065 2808 πόλεως,
1083 2760 1122 2800 τὸ
1138 2761 1174 2799 δὲ

127 2818 215 2856 πολὺ
232 2819 362 2865 πλῆθος
381 2818 529 2870 ἔμεινεν,
547 2823 650 2858 τοῦτο
668 2818 730 2870 μὲν
747 2818 841 2872 φίλοι
858 2818 953 2864 ὅντες
965 2821 1015 2873 τῷ
1029 2820 1172 2873 Μαριά-

130 2877 216 2929 δνῳ,
231 2880 333 2915 τοῦτο
354 2877 389 2915 δὲ
408 2877 469 2915 καὶ
482 2878 553 2921 τοῖς
572 2878 767 2929 καινισμοῒς
785 2877 984 2931 χαίροντες,
1006 2877 1092 2930 ὅπερ
1109 2877 1176 2916 ὑπὸ

132 2934 249 2978 ἀνοίας
268 2935 420 2988 πάσχειν
434 2936 590 2977 εἰώθασι.

183 2996 258 3032 Pro
277 2994 370 3047 φίλοι
384 2994 478 3039 ὄντες
490 2997 540 3048 τῷ
558 2996 770 3050 Μαριάδνῳ,
785 2999 892 3047 quod
909 2999 1012 3045 dedi,
1028 2999 1149 3035 Maius
1165 3010 1175 3037 t

1077 209 1254 252 ΑΝΟΝΥ
1261 212 1298 252 Μ
1304 211 1319 251 Ι

1225 298 1282 338 τὸν
1302 298 1520 353 Μαρίαδνον.
1542 301 1786 338 Antiochiam
1806 313 1826 338 a
1847 300 1990 351 Sapore
2016 309 2165 351 captam
2191 316 2272 341 esse

1226 361 1346 397 verbo
1361 361 1516 397 tradunt
1530 362 1700 397 Zosimus
1716 362 1773 397 III
1784 387 1794 406 ‚
1816 361 1863 398 32
1875 387 1886 406 ,
1906 361 1950 410 ὃς
1966 362 2174 399 Trebellius
2187 364 2274 400 Pol-

1225 419 1278 455 lio
1292 421 1331 455 in
1343 421 1511 469 Triginta
1519 425 1588 468 tyr.
1601 432 1632 455 c.
1652 431 1696 469 23
1712 421 1878 456 Zonaras
1887 421 1977 466 XII,
1990 419 2055 465 23,
2066 433 2107 469 p.
2120 420 2194 470 594
2208 421 2271 462 ed.

1226 480 1374 524 Bonn.;
1399 479 1517 516 fusius
1543 480 1733 516 Ammian.
1758 479 1917 524 XXIII,
1947 477 1992 524 5,
2025 484 2047 523 4
2075 487 2114 515 et
2137 481 2275 517 Malala

1227 539 1324 583 XII,
1352 551 1392 587 p.
1427 538 1502 588 295
1524 551 1581 587 sq.
1606 539 1667 575 ed.
1691 540 1813 575 Bonn.
1846 538 1895 574 cf.
1926 539 2109 575 Libanius
2137 540 2204 576 Or.
2226 544 2274 585 4,

1226 611 1269 646 p.
1294 595 1391 643 154,
1412 598 1460 643 C;
1478 593 1554 634 Or.
1578 597 1624 644 6,
1641 611 1682 647 p.
1707 597 1778 634 185
1806 599 1849 634 B.
1871 598 2001 644 Quin.
2025 598 2050 633 l.
2074 595 2276 648 Μαρίαδνος

1227 662 1402 701 vocatur,
1420 668 1483 704 ap.
1502 657 1691 692 Ammian.
1709 657 1737 692 l.
1757 657 1784 692 l.
1807 655 1916 692 audit
1930 657 2156 701 Mareades;
2173 656 2275 705 apud

1228 714 1404 750 Malalam
1423 714 1450 750 l.
1469 714 1496 749 l.
1515 711 1719 765 Μαριάδης,
1734 715 1898 759 rectius,
1919 721 2030 762 puto.
2056 715 2277 751 Ammianus

1228 773 1282 808 ita
1294 773 1411 808 habet
1427 783 1436 810 :
1456 773 1577 819 Quum
1597 772 1811 809 Antioclcioe
1828 776 1867 809 in
1885 774 1962 809 alto
1973 774 2139 817 silentio,
2158 777 2277 809 sceni-

1229 835 1282 868 cis
1292 832 1397 876 ludis,
1416 835 1550 867 mimus
1561 844 1642 868 cum
1653 844 1768 868 uxore
1777 835 1957 868 immissus
1966 844 1987 868 e
1997 833 2120 868 medio
2130 839 2278 881 sumpta

1229 890 1404 938 quoedam
1420 892 1642 936 imitaretur,
1654 891 1794 939 populo
1804 897 2000 927 venustate
2010 893 2174 935 attonito,
2193 902 2278 926 con·

1222 953 1342 995 Junx,
1370 964 1388 981 ιι
1407 950 1490 985 Nisi
1502 961 1650 984 somnus
1664 957 1733 993 est,
1751 952 1888 998 inquit,
1907 961 1954 986 en
1968 949 2098 986 Per-sce
2114 964 2148 994 »7
2172 956 2210 984 et
2220 961 2278 985 re-

1232 1011 1337 1044 tortis
1353 1009 1462 1056 plebs
1478 1011 1648 1044 universa
1664 1009 1878 1052 cervicibus,
1900 1010 2165 1044 exacervantia
2184 1009 2222 1043 in
2239 1019 2278 1043 se

1232 1075 1266 1102 te
1270 1068 1308 1102 la
1317 1067 1512 1103 declinans
1525 1069 1656 1115 spargi
1657 1074 1718 1102 tur
1723 1070 1831 1115 passi
1832 1079 1867 1102 m
1873 1095 1882 1104 .
1899 1067 1923 1102 1
1925 1073 1965 1102 ta
1973 1069 2119 1102 civitate
2129 1069 2279 1102 incensa

1231 1134 1270 1161 et
1284 1125 1511 1162 obtruncatis
1521 1123 1708 1174 pluribus,
1735 1128 1800 1174 qui
1811 1127 1920 1174 pacis
1935 1137 2036 1160 more
2047 1125 2278 1173 palabantur

1231 1182 1392 1230 effusius
1403 1211 1412 1228 ‚
1450 1187 1678 1232 incensisque
1710 1184 1799 1218 locis
1826 1183 2002 1231 finitimis
2032 1190 2071 1219 ec
2099 1185 2273 1226 vastatis,

1231 1245 1353 1278 onusti
1361 1242 1498 1290 proeda
1507 1241 1629 1278 lzostes
1644 1241 1699 1277 ad
1703 1253 1772 1277 sua
1784 1248 2000 1277 remearunt
2013 1243 2174 1287 innoxii,
2189 1241 2278 1277 Ma-

1231 1302 1345 1338 reade
1362 1305 1446 1338 vivo
1458 1291 1603 1346 exusto,
1623 1303 1687 1349 qui
1703 1313 1766 1337 eos
1783 1301 1838 1336 ad
1852 1313 1999 1337 suorum
2018 1302 2206 1336 interitum
2227 1303 2281 1335 ci-

1233 1363 1329 1396 vium
1352 1361 1514 1396 duxerat
1527 1361 1742 1397 inconsulte.
1769 1360 1819 1396 Et
1835 1359 1919 1395 hoec
1940 1359 2089 1407 qm’dem
2119 1359 2281 1396 Gallieni

1233 1420 1454 1468 temporibus
1469 1426 1676 1456 evenerunt.
1690 1419 1846 1454 Malalas
1858 1419 1912 1454 ita
1928 1429 1937 1455 :
1953 1415 2040 1455 Ἐπὶ
2056 1414 2092 1454 δὲ
2103 1418 2165 1463 τῆς
2176 1417 2281 1456 αὐτοῦ

1233 1476 1499 1529 (Βαλεριανοῦ)
1519 1475 1699 1528 βασιλείας
1715 1469 1762 1519 εἷς
1779 1478 1847 1513 τῶν
1862 1473 2140 1525 πολιτευομένων
2154 1474 2282 1515 Ἀντιο-

1233 1534 1333 1587 χείας
1359 1537 1421 1581 τ’ῆς
1450 1533 1647 1585 μεγάλης’
1631 1532 1778 1584 ονόματι
1796 1532 2005 1586 Μαριάδης,
2033 1531 2213 1580 ἐκὸληθεῖς
2243 1535 2282 1572 ἐκ

1235 1608 1297 1639 της
1321 1593 1448 1644 βουλῆς
1474 1589 1567 1630 κατὰ
1595 1590 1767 1639 συσκευὴν
1794 1606 1857 1629 του
1885 1590 2015 1634 παντὸς
2036 1590 2282 1652 βουλευτηρίου

1233 1651 1293 1690 καὶ
1311 1666 1370 1689 του
1391 1650 1504 1701 δήμου
1535 1650 1714 1701 (ἐλείπετο
1739 1649 1807 1703 γὰρ
1827 1651 1874 1694 εἷς
1896 1650 1941 1688 τὰ
1960 1647 2110 1696 ἱππικὰ,
2133 1650 2183 1694 εἷς
2210 1653 2282 1688 οἱον

1234 1710 1365 1757 δηποτε
1380 1709 1480 1763 μέρος
1494 1709 1752 1762 ἐστρατήγησε,
1769 1708 1817 1760 μὴ
1835 1707 2012 1761 ἀγοράζων
2029 1706 2172 1756 ἵππους,
2187 1709 2283 1747 ἀλλὰ

1233 1768 1278 1808 τὰ
1301 1772 1362 1807 τοῦ
1380 1770 1527 1807 ἱππικοῦ
1553 1767 1704 1819 δημόσια
1725 1767 1985 1821 ἀποκερδαίνων
1999 1768 2010 1818 )
2023 1796 2034 1815 ,
2060 1768 2215 1814 ἀπῆλθεν
2236 1768 2283 1812 εἷς

1233 1826 1296 1875 τὴν
1317 1827 1476 1879 Περσίδα
1492 1827 1552 1866 καὶ
1570 1826 1808 1878 ἀπηγγείλατο
1821 1827 1872 1863 τῶ
1887 1826 2027 1878 βασιλεῖ
2043 1826 2095 1863 ns
2080 1826 2189 1878 ερσῶν
2205 1826 2281 1864 Σα-

1234 1886 1335 1939 πόρῃ
1367 1886 1541 1939 προδίδειν
1562 1887 1658 1938 αὐτῷ
1679 1884 1889 1945 Ἀντιόχειαν
1917 1883 1980 1931 τὴν
2010 1883 2184 1935 μεγάλην,
2216 1882 2280 1931 τὴν

1234 1945 1324 1983 ἰδίαν
1352 1945 1457 1983 αὐτου
1487 1944 1604 1983 πόλιν.
1639 1923 1715 1983 ΙΚαὶ
1742 1937 1846 1990 ἠλθεν
1877 1944 1896 1980 ὃ
1933 1941 2036 1985 αὐτὸς
2054 1941 2279 1995 Σαπώρης...

1234 2002 1295 2041 καὶ
1320 2001 1596 2055 παραλαμὸάνει
1622 1999 1686 2049 τὴν
1718 2000 1980 2053 Ἀντιόχειαν..
2003 2001 2038 2038 ἐν
2058 1998 2192 2053 ἑσπέρᾳ
2223 1999 2283 2038 καὶ

1234 2060 1413 2112 πραιδεύει
1444 2058 1552 2106 αὐτὴν
1581 2057 1642 2097 καὶ
1663 2058 1802 2111 στρέφει
1822 2058 1883 2097 καὶ
1914 2057 2007 2096 καίει
2038 2057 2164 2106 αὐτὴν,
2192 2072 2282 2110 χρη·

1236 2119 1447 2169 ματιζούσης
1477 2117 1554 2156 τότε
1585 2120 1647 2164 τῆς
1681 2116 1840 2168 μεγάλης
1871 2115 2083 2168 Ἀντιοχείας
2117 2115 2173 2154 δτι
2205 2116 2218 2166 (
2229 2118 2284 2153 sic

1236 2179 1349 2225 cod.;
1373 2176 1439 2215 ἠδ’
1456 2191 1528 2215 scr.
1557 2178 1791 2224 Chihnead.;
1813 2178 1840 2212 i.
1869 2189 1901 2214 e.
1929 2176 2003 2212 263
2023 2189 2064 2226 p.
2091 2175 2154 2222 C.;
2179 2175 2286 2224 quod

1235 2250 1259 2274 a
1275 2250 1368 2275 vero
1386 2238 1535 2286 longius
1547 2237 1664 2274 abest.
1683 2235 1842 2285 Corrigo
1860 2233 1925 2281 ὅτ’,
1941 2246 2007 2272 aer.
2026 2234 2205 2272 Antioch.
2222 2245 2284 2272 an.

1238 2297 1312 2341 304
1327 2325 1338 2346 ‚
1360 2295 1436 2334 253
1458 2310 1499 2346 p.
1522 2295 1597 2346 C.).
1618 2294 1870 2347 Ἀπεκεφάλισε
1889 2291 1924 2330 δὲ
1940 2292 2000 2330 καὶ
2015 2291 2075 2330 τὸν
2099 2290 2286 2330 πολιτευό-

1239 2369 1357 2405 μενον,
1383 2356 1429 2398 ὡς
1444 2353 1616 2406 προδότην
1633 2353 1716 2392 ὄντα
1737 2351 1901 2404 πατρίδος
1923 2350 2024 2394 ἰδίας.
2045 2351 2167 2388 Multo
2188 2363 2286 2400 pro-

1235 2415 1401 2451 babilius
1423 2422 1479 2451 est
1495 2413 1707 2450 Mariadem
1724 2425 1745 2450 a
1761 2413 1885 2460 Syris,
1901 2423 1982 2447 non
1997 2422 2091 2448 vero
2105 2422 2128 2446 a
2141 2410 2286 2460 Sapore

1235 2474 1479 2510 interfectum
1493 2485 1583 2510 esse.
1602 2473 1714 2511 Fides
1729 2471 1890 2520 Malalae,
1902 2470 1968 2519 qui
1980 2481 2047 2506 sua
2057 2481 2078 2506 e
2092 2469 2285 2506 Domnino

1237 2532 1410 2570 chronol.
1432 2531 1562 2577 affert,
1583 2542 1691 2580 paene
1708 2530 1814 2566 nulla
1830 2535 1905 2574 est,
1931 2535 1975 2564 ut
1993 2528 2053 2564 vel
2072 2539 2119 2564 ex
2136 2528 2182 2564 iis
2202 2539 2286 2576 quae

1236 2597 1446 2639 sequuntur
1461 2590 1565 2639 apud
1582 2602 1668 2627 eum
1682 2588 1856 2625 fabulosa
1869 2586 1916 2623 de
1930 2587 2071 2635 Sapore
2088 2585 2138 2622 ab
2151 2587 2286 2622 Antio-

1238 2650 1365 2686 chenis
1379 2656 1468 2686 tunc
1482 2648 1682 2685 interfecto
1691 2647 1880 2695 intelligis.
1891 2646 2082 2690 Ceterum,
2094 2645 2166 2681 nisi
2178 2643 2288 2680 fallor

1237 2708 1406 2756 egregie,
1434 2708 1621 2743 Miriades
1654 2707 1723 2742 iste
1757 2705 1859 2742 idem
1887 2711 1943 2741 est
1982 2715 2070 2740 cum
2099 2701 2280 2750 Cyriade,

1238 2777 1351 2813 quem
1370 2765 1578 2801 Trebellius
1591 2764 1716 2799 Pollio
1733 2763 1774 2798 in
1786 2762 1957 2810 Triginta
1979 2761 2147 2808 tyrannis
2168 2758 2223 2809 (c.
2243 2758 2286 2807 α)

1236 2830 1428 2871 recenset,
1450 2821 1601 2858 aliunde
1615 2828 1742 2857 autem
1755 2833 1835 2856 non
1849 2820 2039 2855 novimus.
2059 2817 2185 2855 Verba
2199 2817 2288 2852 Pol-

1238 2883 1350 2918 lionis
1370 2882 1450 2917 haec
1471 2887 1557 2916 sunt
1581 2891 1590 2917 :
1621 2893 1671 2915 nn
1690 2891 1865 2915 CYRIADE.
1895 2879 1964 2912 Hic
1984 2883 2133 2926 patrem
2151 2875 2287 2923 Cyria-

1237 2941 1321 2976 dem
1328 2938 1506 2988 fugiens,
1527 2940 1626 2974 dives
1642 2946 1678 2974 et
1695 2938 1830 2974 nobilis
1841 2963 1852 2982 ,
1873 2947 1982 2984 quum
2002 2936 2153 2970 luoeuria
2168 2945 2238 2969 sua
2251 2941 2290 2969 et

1239 2999 1401 3035 moribus
1415 2998 1574 3046 perditis
1597 3003 1766 3032 sanctum
1780 3006 1905 3030 senem
1923 2999 2114 3041 gravaret,
2141 2992 2288 3040 dt'repta

134 3052 312 3103 φιλοῦντες
327 3052 366 3091 τὸ
380 3053 576 3107 Μαρίαδνῳ
594 3055 668 3106 (sic
679 3058 711 3107 );
731 3059 853 3106 possis
872 3059 988 3094 etiam
1001 3057 1178 3109 φιλοῦντες
1240 3069 1380 3107 magna
1392 3064 1502 3105 parte
1515 3058 1619 3099 auri,
1639 3056 1787 3103 argenti
1806 3056 1921 3089 etiam
1942 3051 2088 3099 infinito
2098 3050 2280 3099 pondere,

372 3181 543 3223 DIONlS
571 3183 936 3225 CONTINUATIO.

460 3278 476 3310 1
485 3299 494 3307 .
516 3275 846 3314 VALERIANUS.

174 3361 344 3392 Persarum
364 3370 421 3393 rex
450 3361 593 3403 (sapor)
619 3371 695 3396 cum
714 3362 880 3396 Mariadno
908 3363 1115 3404 (Mariade)
1141 3362 1183 3395 ab

133 3411 214 3444 urbe
241 3412 410 3445 Antiochia
430 3414 539 3448 stadiis
554 3415 654 3448 ferme
677 3415 788 3457 viginti
817 3416 924 3449 castra
949 3416 1091 3455 metatus
1120 3415 1179 3448 est.

1242 3169 1325 3200 Tum
1344 3166 1531 3209 prudentior
1545 3165 1681 3207 quisque
1693 3163 1774 3197 civis
1785 3162 1866 3195 urbe
1886 3171 1920 3195 se
1932 3161 2107 3200 subduxit;
2126 3159 2230 3201 plebis
2240 3159 2289 3191 ta-

1243 3229 1318 3254 men
1345 3219 1519 3252 multitudo
1548 3218 1685 3258 mansit,
1717 3216 1834 3258 partim
1856 3223 1930 3248 cum
1959 3213 2127 3247 Mariadno
2145 3211 2284 3251 faciens,

1204 3274 1206 3276 ’
1242 3273 1359 3315 partim
1371 3272 1469 3305 etiam
1479 3271 1574 3305 rebus
1585 3269 1678 3303 novis
1689 3268 1846 3302 delectata
1854 3291 1864 3309 ,
1879 3267 1935 3309 qui
1947 3274 2019 3299 mos
2031 3264 2175 3300 stultitiae
2187 3271 2289 3306 popu-

1243 3324 1317 3357 laris
1329 3324 1387 3357 est.
