2326 3724
995 183 1320 224 FRAGMENTA.

89 275 128 312 ἐκ
151 274 224 311 Δτῶν
252 270 363 323 λόγων
391 270 573 323 ὠφέλειαν.
594 269 807 317 Τενήσονται
841 268 951 307 τοίνυν
980 270 1061 320 ὑμῖν
1093 271 1129 307 αἱ

88 330 252 376 ξυνθῆκαι
288 329 373 382 πρὸς
403 327 612 380 Ῥωμαίους.
657 327 813 379 Ἀρκέσει
855 326 892 365 δὲ
934 326 1131 378 Ῥωμαίους

90 390 213 427 εἰπεῖν·
235 389 335 436 δηλοῖ
349 387 417 442 γὰρ
437 390 459 434 ἡ
484 386 701 440 προσηγορία
720 385 764 424 τὰ
780 385 984 436 λειπόμενα.
1008 385 1130 438 Χρεὼν

89 442 148 486 οὗν
177 451 289 498 ὑμᾶς,
317 450 363 491 ὣς
381 446 468 499 πρὸς
489 445 662 493 τοσαύτην
689 445 866 484 πολιτείαν
886 444 1132 495 σπεισομένους

88 506 148 544 καὶ
168 507 206 544 οὐ
226 505 307 557 περὶ
328 504 486 558 βραχέων
517 502 807 556 βουλευομένους,
833 502 877 541 τὰ
897 502 1069 541 κάλλιστά
1093 520 1130 542 τε

90 565 149 603 καὶ
167 564 368 603 συνοίσοντα
389 564 520 614 μᾶλλον
537 562 696 611 ἑλέσθαι,
723 562 783 600 καὶ
799 562 875 601 ἀντὶ
903 565 972 600 τῶν
993 562 1130 609 ἀδήλων

91 627 151 663 τοῦ
175 623 330 672 πολέμου
349 621 388 660 τὸ
406 621 663 675 προδηλότατον
688 627 795 658 πᾶσιν
822 620 1036 673 ἀνθρώποις,
1068 620 1131 667 τὴν

91 682 250 734 εἰρήνην,
272 680 399 730 ἀγαθὸν
428 681 655 725 ἀσπάζεσθαι.
686 679 757 718 Καὶ
775 678 825 729 μή
849 695 900 723 ,τις
924 682 1015 730 ὑμᾶς
1034 681 1132 717 ἀπα-

89 740 182 778 τάτω
190 739 365 792 λογισμὸς,
380 741 425 783 ὡς
434 738 635 785 νενικήκατε
653 737 868 789 Ῥωμαίους,
882 737 1070 788 ἐπηρμένοι
1082 739 1132 791 τῷ

90 796 152 845 τὴν
173 797 384 849 Ἀντιόχειαν
400 796 627 848 ἁλῶναιπρὸς
642 798 738 847 ὑμῶν
756 795 817 833 καὶ
837 796 925 833 ἄττα
945 795 1133 846 Ῥωμαϊκὰ

90 855 216 908 χωρία.
248 856 301 895 Τὸ
319 855 386 906 γὰρ
408 854 627 907 ὖπερὸάλλον
651 858 712 900 τῆς
741 853 946 904 Ῥωμαϊκῆς
974 854 1134 906 εὐτυχίας

89 917 108 952 ὁ
124 913 198 958 θεὸς
216 914 380 951 ἐκόλασεν
412 915 447 951 ἐν
466 913 598 965 τούτῳ,
625 914 675 965 τῷ
696 911 745 962 μὴ
775 912 924 963 νομίζειν
954 913 1134 964 ἄνθρωπον

91 972 271 1025 ἀνθρώπου
289 971 459 1025 διαφέρειν
477 971 579 1011 πολύ.
603 971 675 1010 Καὶ
695 972 725 1008 εἷ
746 970 808 1021 μὲν
827 971 866 1009 τὸ
887 970 986 1023 φύσει
1003 971 1134 1009 δίκαιον

91 1030 250 1082 ἐκράτει,
271 1029 348 1068 οὔτε
371 1029 524 1083 ῥητόρων
544 1028 621 1067 οὔτε
639 1028 756 1079 νόμων
772 1029 948 1081 ἀκριὸείας
967 1029 1044 1068 οὔτε
1065 1027 1134 1079 μὴν

93 1087 280 1135 ἐκκλησίας
291 1088 424 1133 καὶτῆς
437 1087 517 1140 περὶ
533 1091 643 1126 ταῦτα
653 1087 827 1132 ποικιλίας
843 1090 911 1125 τῶν
927 1086 1039 1137 λόγων
1052 1087 1133 1125 ἔδει·

92 1146 279 1199 αὐθαίρετα
296 1145 362 1199 γὰρ
376 1147 444 1190 τοῖς
461 1145 644 1199 βιωφελέσι
656 1147 723 1183 τῶν
733 1145 952 1198 πραγμάτων
971 1146 1134 1198 προσετέ-

91 1208 214 1254 θημεν.
234 1203 381 1250 Ἐπειδὴ
400 1203 435 1241 δὲ
447 1201 574 1247 πάντες
590 1202 766 1255 ἄνθρωποι
786 1204 905 1241 δίκαια
921 1203 1135 1241 καθεστάναι

92 1261 277 1312 νομίζομεν
297 1260 364 1314 (τὰ
383 1261 623 1314 κεχαρισμένα
640 1263 728 1300 add.
747 1264 856 1300 Nieb.
873 1262 899 1313 )‚
914 1262 1057 1314 προσδεῖ
1075 1261 1135 1300 καὶ

93 1322 153 1365 τῆς
167 1321 206 1357 ἐκ
224 1322 293 1358 τῶν
305 1319 417 1370 λόγων
433 1319 606 1372 τερθρείας
623 1323 722 1370 ἡμῖν.
742 1322 934 1372 Τοιγαροῦν
951 1318 1010 1357 καὶ
1027 1320 1059 1362 ἐς
1078 1320 1134 1357 ἐκ·

93 1377 242 1424 κλησίαν
263 1377 558 1428 ξυνεληλύθαμεν,
578 1379 624 1421 ὡς
644 1377 685 1415 ἂν
701 1377 879 1427 πείσοιμεν
900 1377 1041 1415 ἕκαστοι
1058 1377 1135 1421 τοὺς

94 1435 196 1487 (τοὺς
216 1435 339 1479 ἄλλους
363 1438 492 1483 Nieh.‚
518 1438 613 1486 ἡμᾶς
645 1435 766 1479 αὐτοὺς
795 1437 939 1486 Bekk.)
969 1435 1136 1482 δεινότητι

93 1494 203 1544 λόγων
221 1495 381 1538 ἐπιεικεῖς
395 1489 496 1534 εἶναι.
514 1493 600 1534 e'Ort
627 1494 690 1545 μὲν
709 1488 766 1533 οῧν
788 1494 915 1546 ἀγαθὸν
932 1493 1052 1546 εἰρήνη
1076 1494 1133 1532 καὶ

93 1552 290 1592 τούναντίον
310 1552 458 1606 πονηρὸν
488 1555 506 1591 ὁ
506 1553 697 1622 ωπόλεμος,
723 1552 831 1597 οὐδεὶς
847 1553 992 1605 ἀντερει.
1010 1554 1054 1591 Εἰ
1069 1552 1135 1605 γὰρ

94 1611 154 1650 καὶ
170 1610 266 1663 παρὰ
275 1627 338 1658 την
352 1610 468 1658 κοινὴν
482 1614 550 1649 τῶν
568 1610 757 1664 ἀνθρώπων
775 1611 876 1655 δόξαν
888 1614 929 1682 βε
920 1610 1030 1649 ’ὅαιον
1046 1613 1135 1661 ἡγη-

94 1669 224 1720 σόμεθα
242 1669 282 1708 τὸ
303 1675 401 1708 νικᾶν
411 1674 535 1720 ,οἶμαι
553 1670 611 1709 τὸν
628 1669 832 1717 νενικηκότα
851 1670 1003 1708 κάκιστα
1023 1671 1085 1716 ζην
1102 1667 1136 1714 ἐξ

94 1731 142 1766 ων
163 1726 367 1780 δακρύουσιν
386 1726 510 1781 ἕτεροι.
533 1727 637 1768 Ούτω
652 1728 762 1775 δήπου
779 1743 839 1766 και
858 1727 898 1766 τὸ
917 1729 1054 1780 κρατεῖν
1077 1728 1136 1765 λυ-

95 1786 205 1838 πηρὸν
224 1816 235 1835 ,
255 1786 304 1835 μή
324 1786 358 1824 τί
382 1802 421 1837 γε
437 1786 476 1825 τὸ
494 1787 694 1839 κρατεῖσθαι
712 1786 963 1839 λυπηρότερον.
984 1785 1047 1825 Διὸ
1065 1786 1136 1824 τοί-

94 1859 152 1882 νυν
164 1846 182 1882 ὁ
197 1844 274 1882 καθ’
287 1847 379 1894 ἡμᾶς
398 1845 558 1896 βασιλεὺς
571 1844 772 1883 ἀπέσταλκε
788 1843 1032 1894 σπεισομένους
1045 1847 1137 1894 ἡμᾶς

94 1901 154 1940 καὶ
172 1901 357 1954 προτέρους
378 1901 617 1946 ἱκετεύσοντας
638 1902 847 1942 καταθέσθαι
880 1902 937 1941 τὸν
965 1902 1136 1952 πόλεμον,

96 2022 153 2046 vos
169 2014 336 2046 docuerint
352 2023 422 2046 eam
443 2023 539 2055 quam
555 2023 596 2046 ex
611 2015 755 2047 oratione
770 2023 842 2046 mea
861 2015 992 2054 capietis
1015 2014 1134 2046 utitita-

96 2067 173 2097 tem.
190 2068 259 2098 Vos
279 2065 374 2105 igitur
399 2066 502 2098 foedus
517 2067 549 2098 et
565 2066 738 2098 amicitiam
765 2067 960 2098 contrahetis
975 2075 1049 2098 cum
1073 2068 1136 2098 Ro-

95 2117 215 2156 manis;
230 2117 348 2149 sufficit
360 2126 437 2150 vero
450 2117 554 2150 dicere
563 2119 733 2150 Romanos.
750 2118 874 2150 Etenim
888 2118 948 2149 hac
962 2118 1028 2149 sola
1041 2117 1136 2149 deno-

96 2169 271 2201 minatione
306 2169 429 2210 reliqua
461 2169 553 2201 facile
586 2169 818 2209 intelliguntur.
861 2170 995 2209 Oportet
1029 2169 1136 2209 igitur,

94 2220 354 2261 quandoquidem
366 2230 424 2253 vos
441 2229 516 2253 cum
530 2222 596 2253 tam
614 2221 735 2261 potenti
751 2222 843 2261 gente
853 2221 954 2252 t'oedus
963 2220 1066 2261 initis,
1079 2229 1136 2252 ne-

95 2281 158 2312 que
173 2272 213 2304 de
230 2272 325 2304 rebus
340 2272 429 2313 parvi
451 2272 606 2304 momenti
630 2272 795 2304 consilium
824 2272 964 2312 habetis,
986 2272 1137 2304 honestis-

95 2324 175 2355 sima
188 2327 219 2355 et
243 2323 411 2355 utilissima
426 2332 563 2364 quaeque
592 2331 754 2364 capessere
776 2325 808 2356 et
838 2332 897 2364 pro
918 2323 1047 2356 incertis
1062 2323 1137 2355 belli

96 2374 306 2406 certissimum
322 2374 471 2406 omnibus
487 2374 678 2406 mortalibus
692 2375 811 2406 bonum
824 2398 833 2415 ‚
845 2383 956 2415 pacem
966 2398 975 2414 ,
989 2375 1137 2415 ampiecti

96 2427 128 2457 et
139 2435 276 2458 servare.
292 2428 332 2459 At
341 2435 381 2458 ne
391 2435 454 2467 qua
467 2426 584 2458 blanda
596 2427 745 2467 cogitatio
755 2435 813 2459 vos
827 2427 972 2466 deludat,
982 2429 1137 2468 tanquam

97 2479 257 2510 Romanos
269 2478 536 2518 viceritis‚‘elati,
553 2478 640 2518 quod
655 2479 858 2510 Antiochiam
867 2479 900 2510 et
915 2478 976 2510 alia
988 2479 1137 2519 quaedam

95 2529 245 2570 ignobilia
267 2530 354 2569 loca,
385 2538 458 2570 quae
476 2532 693 2562 Romanorum
712 2532 825 2570 erant,
854 2530 981 2571 cepistis
988 2541 998 2571 ;
1022 2531 1055 2562 in
1077 2531 1138 2563 boc

96 2580 175 2612 deus
192 2581 375 2612 felicitatem
400 2583 616 2613 Romanorum
626 2605 635 2621 ,
661 2590 735 2622 quac
758 2582 856 2613 nimia
883 2583 971 2620 erat,
995 2582 1136 2623 punivit,

95 2640 201 2672 neque
213 2632 375 2664 bominem
388 2632 509 2664 bomini
521 2633 661 2664 multum
674 2635 824 2674 praestare
841 2633 957 2665 debere
972 2634 1136 2666 indicavit.

97 2683 216 2720 Quodsi
242 2682 330 2723 quod
347 2684 463 2714 natura
487 2684 607 2724 justum
627 2685 676 2716 est
699 2684 930 2723 dominaretur,
956 2685 1033 2716 nibil
1059 2694 1139 2726 opus

99 2735 181 2766 esset
208 2742 314 2774 neque
340 2734 503 2766 rhetorum
535 2743 640 2775 neque
661 2735 766 2775 legum
793 2736 883 2768 cuttu
907 2737 940 2768 et
959 2736 1137 2777 diligentia,

97 2793 156 2817 nec
165 2785 371 2817 concionibus
389 2787 445 2817 aut
457 2787 638 2818 orationum
652 2786 819 2827 ubertate,
838 2788 957 2828 quaein
974 2788 1023 2820 liis
1043 2797 1138 2820 usur-

98 2838 202 2876 patur.
233 2838 353 2877 Sponte
377 2837 462 2869 enim
493 2846 600 2869 rerum
627 2838 800 2870 utilitatem
824 2847 1043 2879 sequeremur.
1077 2840 1139 2872 Sed

97 2896 198 2928 quum
208 2897 318 2920 omnes
327 2888 477 2920 mortales
488 2912 498 2928 ,
520 2897 594 2929 quae
606 2889 664 2920 sibi
681 2890 825 2931 placent,
837 2890 924 2930 justa
937 2899 1005 2922 esse
1014 2891 1115 2923 velint
1129 2904 1136 2923 :

97 2941 194 2972 etiam
208 2940 362 2972 orationis
374 2941 529 2973 illecebris
541 2941 632 2973 nobis
647 2950 728 2982 opus
750 2943 810 2974 est.
835 2944 925 2974 Hanc
938 2943 980 2974 ob
1008 2952 1139 2975 causam

99 2992 307 3024 convenimus
319 3017 328 3033 ,
347 2994 385 3024 ut
401 2993 619 3033 unusquisque
637 2995 783 3025 nostrum
798 2995 926 3026 evincat
942 2995 1096 3027 orationis
1108 2995 1140 3026 vi

97 3043 131 3075 et
142 3043 297 3083 gravitate
309 3067 318 3083 ‚
328 3052 361 3075 se
367 3044 490 3084 iustum
503 3053 581 3077 esse.
594 3047 707 3077 Pacem
717 3054 793 3077 vero
801 3046 917 3077 bonam
927 3055 1006 3084 esse,
1018 3047 1138 3078 bellum

98 3096 205 3126 autem
222 3103 289 3126 rem
303 3095 435 3135 malam,
452 3104 548 3127 nemo
561 3096 697 3129 dubitat.
712 3097 861 3137 Etiamsi,
875 3100 987 3129 contra
1005 3098 1038 3129 id
1053 3098 1138 3138 quod

100 3145 194 3186 vulgo
207 3146 352 3178 homines
372 3147 555 3187 opinantur,
577 3149 701 3179 certum
723 3149 991 3189 exploratumque
1007 3149 1140 3181 babere·

100 3204 171 3228 mus
179 3206 238 3229 nos
246 3197 410 3229 victoriam
421 3198 608 3239 adepturos,
619 3199 736 3240 ,opinor
749 3203 869 3237 tamen,
883 3209 969 3240 eum,
983 3201 1038 3241 qui
1051 3201 1138 3240 vicit,

103 3248 266 3282 infeliciter
281 3259 390 3292 agere,
403 3251 491 3291 quod
503 3252 641 3284 alterum
660 3253 797 3293 graviter
810 3254 964 3285 amictum
979 3253 1075 3285 videt.
1088 3254 1141 3285 Sic

101 3298 196 3339 igitur
211 3302 337 3335 vincere
360 3313 491 3345 quoque
508 3304 682 3336 molestum
712 3306 779 3345 est,
802 3306 860 3337 etsi
877 3305 963 3337 vinci
978 3307 1026 3337 est
1044 3306 1141 3337 moie-

102 3351 188 3384 stius.
202 3351 312 3396 ltaque
321 3358 429 3388 noster
438 3357 610 3397 imperator
618 3357 704 3390 misit
715 3367 784 3397 nos,
793 3360 831 3390 ut
844 3358 962 3390 foedera
972 3358 1138 3390 vobiscum

2155 197 2227 231 207

1190 272 1256 324 οὐχ
1283 273 1328 315 ὡς
1360 270 1477 315 δεδιως
1496 271 1558 322 μὲν
1590 271 1635 310 τὰ
1663 273 1845 324 πολέμια,
1869 274 2094 349 ‹pofiodwpevoc
2103 277 2139 315 δὲ
2142 277 2230 328 ,μὴ

1189 329 1420 383 προφθάσοιτε
1436 329 1674 381 διαλεγόμενοι
1685 331 1844 403 πρότεροι
1857 347 1936 385 περι
1947 336 2007 380 τῆς
2021 334 2156 386 εἰρήνης
2169 352 2231 383 της

1190 387 1358 441 φιλτάτης
1375 391 1476 438 ἡμῖν.
1495 387 1560 435 Μὴ
1576 389 1663 435 δῆτα
1678 404 1751 436 ουν,
1765 391 1812 433 ὡς
1826 389 1909 441 πρὸς
1921 406 1981 437 της
1994 393 2060 429 τῶν
2077 393 2230 446 Θορύὸων

1192 446 1437 496 ἀπαλλαγης’
1449 475 1460 496 ,
1473 446 1536 489 τὰς
1555 448 1634 484 κατ’
1656 446 1854 493 ἀλλήλων’
1838 448 2089 499 επεκτείνωμεν
2104 452 2232 502 δυσμε-

1193 503 1298 547 νείας.
1320 503 1506 548 Πολιτείας
1531 503 1597 556 γὰρ
1617 508 1653 542 εὖ
1674 503 1943 555 πολιτευομένης
1960 507 2137 559 ἀλλότριον
2165 509 2232 547 πέ-

1192 562 1278 616 φυκέ
1293 578 1367 606 πως
1382 562 1422 600 τὸ
1436 561 1484 613 μὴ
1502 563 1730 615 στοχάζεσθαι
1745 565 1813 601 τῶν
1829 563 2136 614 συμὸησομένων’
2120 581 2159 603 εκ
2171 571 2231 605 τοῦ

1192 621 1358 671 πολέμου.
1376 621 1607 673 Διαγραφέτω
1627 637 1677 665 τις
1696 624 1791 671 ὑμῶν
1811 623 1846 659 ἓν
1865 625 1940 665 ταῖς
1964 624 2130 675 ψυχικαῖς
2149 627 2232 662 θεω-

1194 678 1280 731 ρίαις
1299 678 1416 731 ὥσπερ
1429 679 1604 731 παρόντας
1617 678 1694 725 τοὺς
1713 678 1941 723 πεπτωκότας
1957 682 2235 734 κατολοφυρομέ-

1193 753 1279 780 νους·
1300 738 1556 788 ἀναλογιζέσθω
1584 753 1644 776 και
1665 737 1724 781 τὰς
1744 738 1882 790 καιρίας
1899 741 1967 775 τῶν
1996 741 2174 790 πληγῶν’
2159 756 2232 778 επι-

1195 794 1392 840 δεικνύντας
1415 795 1718 845 ἀποικτιζομένους
1737 811 1774 834 τε
1805 811 1864 834 και
1892 797 2206 847 ἐπεγκαλοῧντοιςε
2189 815 2235 843 ως

1193 857 1236 906 τῇ
1265 853 1483 907 κρατούντων
1509 854 1657 893 ἀὸουλία
1688 854 1888 908 διέφθαρται
1907 854 1946 893 τὸ
1965 855 2127 902 ὑπήκοον·
2161 861 2235 895 εἶτα

1196 911 1274 956 τους
1295 911 1477 964 περιόντας
1507 911 1775 965 εἰσπράττοντας
1795 915 1888 962 ἡμᾶς
1918 912 1996 957 τους
2012 914 2236 959 ἀπολωλότας

1194 970 1298 1022 τυχὸν
1314 970 1375 1021 μὲν
1384 976 1503 1021 γονεῖς,
1517 971 1621 1023 τυχὸν
1636 969 1672 1008 δὲ
1683 971 1964 1022 παῖδας,ξυμ6ὰν
1973 971 2010 1010 δὲ
2018 971 2097 1016 τοὺς
2113 974 2238 1025 φιλτά-

1194 1027 1321 1079 τους,ἢ
1338 1028 1395 1066 τὸν
1404 1031 1577 1067 ὁντιναοῦν
1591 1028 1651 1067 καὶ
1662 1029 1780 1072 ἁπλῶς
1797 1029 1991 1081 ἄνθρωπον.
2016 1030 2237 1080 Ἐνθυμηθῶ-

1198 1101 1259 1136 μεν
1276 1086 1495 1138 χηρωθείσας
1513 1085 1575 1130 τὰς
1601 1086 1710 1130 οἰκίας
1730 1087 1881 1138 ἀνδρῶν,
1902 1087 1962 1125 καὶ
1979 1087 2041 1134 τὴν
2061 1089 2236 1135 νεωτάτην

1194 1144 1332 1191 ἡλικίαν
1356 1146 1620 1197 ὄρφανισθεῒσαν
1635 1175 1646 1195 ,
1666 1144 1726 1183 καὶ
1739 1149 1922 1197 πανταχοῦ
1938 1145 2160 1197 μεριζόμενον
2178 1147 2236 1186 τὸν

1198 1205 1334 1254 θρῆνον,
1343 1203 1394 1255 ἐφ’
1413 1203 1550 1256 ἑκάστῳ
1562 1202 1926 1254 συγγενείαςόνόματι.
1943 1206 1986 1243 Εἰ
2000 1203 2066 1257 γὰρ
2075 1205 2134 1243 καὶ
2146 1206 2238 1253 δοίη-

1197 1276 1260 1312 μεν
1274 1260 1312 1299 τὸ
1323 1261 1462 1299 πίπτειν
1480 1263 1566 1314 ὑπὲρ
1578 1262 1743 1314 πατρίδος
1754 1265 1840 1300 εἰναι
1856 1262 1962 1300 καλὸν
1969 1262 2110 1312 ,πάσης
2130 1265 2237 1316 ἀφρο-

1197 1319 1299 1366 σύνης
1309 1320 1402 1358 ἐστιν
1420 1319 1601 1357 ἀνάπλεων
1618 1319 1887 1371 δύνασθαιμεν”
1864 1336 1945 1358 ανευ
1954 1320 2119 1359 κινδύνων
2136 1322 2239 1374 χάριν

1197 1377 1339 1416 ἐκτίνειν
1359 1381 1402 1430 τῇ
1415 1377 1628 1431 θρεψαμένῃ,
1640 1381 1689 1431 τῷ
1701 1378 1735 1415 δὲ
1745 1381 1856 1417 δοκεῖν
1878 1382 2152 1429 μειονεκτεῖσθαι
2170 1382 2238 1417 τῶν

1196 1435 1393 1474 ἀντιπάλων
1411 1435 1459 1486 μὴ
1482 1436 1679 1488 βούλεσθαι.
1701 1431 1815 1487 Οἶμαι
1833 1437 1893 1474 καὶ
1914 1436 1977 1483 τὴν
1999 1437 2155 1488 Περσίδα
2174 1440 2240 1488 γῆν

1197 1493 1257 1531 καὶ
1272 1492 1336 1540 τὴν
1352 1493 1498 1545 ‘Propi-qv
1515 1494 1623 1540 αὐτὴν
1637 1524 1648 1544 ,
1661 1494 1758 1547 εἴπερ
1772 1494 1942 1542 ἠδύναντο
1958 1495 2072 1548 φωνὰς
2086 1495 2238 1548 ἀφιέναι,

1195 1555 1304 1590 ταῦτα
1325 1551 1493 1599 δήπουθεν
1509 1555 1602 1603 ἡμᾶς
1618 1553 1823 1591 ἀντιὸολεῖν.
1843 1553 1904 1600 Μὴ
1921 1548 1979 1592 οὖν
1998 1556 2240 1606 αἰσχυνθῶμεν

1195 1613 1254 1647 τοῦ
1274 1610 1430 1659 πολέμου
1446 1610 1657 1649 καταθέσθαι
1676 1610 1716 1648 τὸ
1735 1611 1886 1664 φορτίον.
1904 1610 1957 1650 Τὸ
1972 1610 2040 1664 γὰρ
2054 1610 2242 1662 ἐπικαίρως

1197 1667 1336 1706 ἅπαντα
1355 1669 1524 1721 πράσσειν
1546 1671 1679 1720 μᾶλλον
1699 1671 1783 1719 ἡμῖν
1802 1670 1982 1723 προσοίσει
2000 1673 2062 1717 τῆς
2083 1671 2242 1722 ἀνδρείας

1196 1726 1258 1773 τὴν
1279 1726 1453 1766 εὔκλειαν.
1477 1727 1581 1775 Μηδέ
1599 1744 1649 1772 τις
1667 1731 1771 1779 ἡμῖν,
1793 1730 1827 1772 ἐς
1851 1729 2091 1783 προκάλυμμα
2110 1733 2170 1767 τοῦ
2191 1728 2240 1779 μὴ

1197 1785 1324 1824 ἐθέλειν
1351 1787 1571 1826 κατατιθέναι
1590 1787 1634 1825 τὰ
1665 1785 1778 1836 ὅπλα,
1798 1792 1899 1826 τοῦτο
1919 1787 1961 1835 δὴ
1986 1788 2024 1826 τὸ
2053 1788 2238 1826 κάλλιστον

1196 1843 1257 1890 τὴν
1272 1844 1409 1897 εἰρήνην
1427 1845 1626 1897 δυσεύρετον
1643 1841 1731 1883 εἶναί
1747 1861 1779 1883 τι
1795 1850 1919 1899 χρῆμα
1936 1846 1996 1884 καὶ
2011 1846 2238 1898 δυσπόριστον

1198 1901 1302 1940 εἴποι.
1324 1904 1377 1942 Οὐ
1392 1903 1475 1955 γὰρ,
1491 1905 1536 1946 ὡς
1553 1903 1682 1941 οἴονται
1696 1904 1839 1951 πολλοὶ,
1853 1903 1898 1941 τὰ
1913 1903 2062 1941 κάκιστα
2081 1904 2143 1954 μὲν
2161 1919 2243 1955 προ-

1196 2015 1363 2053 iniremus,
1391 2016 1424 2047 et
1448 2015 1568 2055 priores
1584 2015 1829 2056 deprecaremur
1845 2017 1883 2047 ut
1901 2015 2023 2047 bellum
2051 2015 2240 2056 deponatis:

1197 2075 1261 2098 non
1274 2067 1357 2107 quod
1371 2067 1484 2112 timeat
1496 2068 1661 2100 adversam
1674 2068 1748 2100 belli
1762 2069 1936 2106 fortunam,
1947 2068 2000 2099 sed
2015 2076 2055 2099 ne
2071 2077 2145 2099 eum
2163 2077 2242 2109 prae-

1197 2118 1331 2151 veniatis
1344 2119 1375 2150 in
1394 2128 1487 2159 pace,
1499 2128 1573 2160 quae
1597 2120 1689 2151 nobis
1704 2121 1772 2151 tam
1783 2128 1858 2151 cara
1875 2121 1934 2159 est,
1955 2119 2102 2160 petenda.
2128 2121 2242 2160 ltaque

1197 2178 1261 2200 non
1274 2171 1410 2210 amplius
1425 2172 1589 2202 foveamus
1602 2171 1781 2203 inimicitias
1808 2172 1952 2209 nostras,
1970 2173 2007 2202 ut
2028 2170 2158 2202 tandem
2183 2170 2242 2202 ali·

1197 2221 1325 2261 quando
1337 2221 1411 2254 belli
1424 2222 1508 2254 curis
1523 2225 1555 2254 et
1569 2223 1720 2255 molestiis
1735 2223 1916 2254 liberemur.
1934 2222 2080 2254 Alienum
2096 2224 2144 2254 est
2157 2222 2242 2254 enim

1197 2273 1238 2304 ab
1254 2273 1343 2304 omni
1365 2282 1399 2305 re
1415 2274 1544 2314 publica
1562 2274 1643 2306 bene
1665 2274 1856 2313 constituta,
1881 2283 1947 2305 non
1966 2274 2134 2314 providere
2150 2282 2243 2306 casus

1197 2325 1253 2365 qui
1269 2325 1302 2356 in
1314 2325 1398 2358 bello
1405 2325 1548 2357 accidere
1559 2327 1701 2366 possunt.
1717 2325 1942 2366 Unusquisque
1951 2327 2105 2364 vestrum,
2121 2334 2241 2365 quaeso,

1197 2378 1271 2409 ante
1283 2377 1394 2409 oculos
1415 2379 1531 2418 ponat,
1548 2379 1580 2409 et
1595 2377 1680 2417 apud
1706 2377 1849 2408 animum
1874 2385 1969 2408 suum
1994 2377 2240 2417 contempletur,

1197 2430 1352 2470 tanquam
1368 2431 1540 2470 praesentes
1558 2438 1613 2461 eos
1631 2430 1687 2470 qui
1718 2439 1794 2461 cum
1821 2430 1938 2461 acerbo
1965 2429 2076 2461 dolore
2100 2429 2241 2470 cadunt;

1197 2480 1383 2512 recordetur
1398 2489 1510 2512 eorum
1532 2481 1588 2521 qui
1609 2481 1716 2513 letalia
1735 2481 1869 2513 vulnera
1893 2481 2095 2512 ostendentes
2120 2480 2242 2512 lamen-

1198 2533 1320 2572 tantur,
1338 2534 1371 2564 et
1394 2532 1597 2564 dominantes
1614 2533 1780 2572 incusant,
1803 2533 1895 2573 quasi
1919 2541 2020 2573 pravo
2036 2541 2147 2563 eorum
2165 2540 2244 2563 con-

1197 2584 1267 2615 silio
1290 2583 1409 2615 subditi
1434 2585 1565 2624 pereant
1583 2596 1591 2615 ε
1609 2583 1725 2615 deinde
1747 2584 1844 2615 etiam
1863 2584 2049 2624 superstites
2064 2583 2243 2615 considere--

1198 2644 1289 2676 mus,
1304 2635 1359 2676 qui
1381 2643 1400 2666 a
1415 2636 1508 2667 nobis
1523 2636 1671 2676 repetunt
1687 2644 1741 2667 eos
1771 2644 1853 2676 quos
1879 2635 1913 2666 in
1938 2635 2021 2666 bello
2047 2635 2242 2674 amiserunt,

1198 2687 1280 2721 sorte
1290 2689 1447 2727 parentes,
1462 2687 1545 2718 sorte
1558 2687 1692 2725 liberos,
1703 2687 1915 2727 utplurimum
1928 2688 2015 2718 certe
2035 2686 2245 2718 amicissimos

1199 2748 1347 2780 quosque
1385 2741 1442 2771 aut
1465 2740 1563 2771 alium
1587 2739 1734 2779 quemvis
1765 2739 1938 2770 hominem.
1970 2738 2116 2778 Denique
2137 2738 2245 2769 animo

1199 2791 1372 2823 lustremus
1386 2791 1531 2822 viduatas
1547 2790 1623 2822 viris
1646 2790 1761 2821 domos
1782 2790 1814 2822 et
1834 2789 2080 2821 infirmissimam
2096 2790 2223 2820 aetatem
2234 2812 2243 2827 ,

1198 2843 1342 2883 patribus
1353 2844 1384 2874 et
1395 2842 1552 2873 matribus
1562 2841 1708 2873 orbatam
1718 2865 1727 2880 ‚
1741 2843 1774 2872 et
1787 2840 1902 2881 passim
1916 2840 2069 2872 diffusum
2083 2849 2138 2880 per
2150 2848 2245 2871 omne

1199 2893 1396 2934 cognationis
1407 2902 1524 2925 nomen
1537 2893 1673 2924 luctum.
1689 2895 1769 2924 Nam
1788 2892 1847 2924 etsi
1862 2892 2055 2930 dederimus,
2074 2892 2244 2923 honestum

1199 2954 1266 2978 esse
1283 2945 1363 2976 mori
1384 2954 1443 2985 pro
1456 2945 1557 2985 patria
1568 2968 1577 2983 ‚
1600 2946 1708 2975 tamen
1726 2952 1863 2975 summae
1878 2943 2049 2975 dementiae
2060 2944 2125 2982 est,
2142 2951 2243 2982 quum

1200 2996 1356 3037 possimus
1368 2996 1435 3027 sine
1445 2996 1588 3036 periculo
1603 2997 1698 3027 terrae
1716 2995 1818 3026 altrici
1838 2995 1972 3035 gratiam
1990 2994 2124 3032 referre,
2141 2993 2172 3024 id
2192 3002 2242 3024 rc-

1199 3057 1329 3087 cusare‚
1346 3048 1423 3088 quia
1453 3048 1544 3079 nobis
1571 3057 1636 3079 non
1667 3048 1751 3079 idem
1770 3056 1845 3078 cum
1872 3047 2063 3078 adversariis
2081 3046 2245 3076 consecuti

1199 3108 1268 3132 esse
1286 3099 1443 3131 videmur.
1469 3100 1592 3139 opinor
1619 3098 1777 3131 Persidem
1804 3100 1923 3130 terram
1949 3099 1981 3129 et
1999 3099 2196 3134 Romanam,
2217 3095 2243 3126 si

1199 3152 1319 3192 possint
1346 3160 1460 3183 vocem
1487 3151 1652 3190 emittere,
1672 3151 1733 3182 boc
1749 3159 1767 3182 a
1783 3151 1875 3182 nobis
1894 3150 2109 3190 postulaturas
2136 3147 2242 3179 fuisse.

1200 3206 1309 3240 Quare
1321 3203 1480 3235 neminem
1497 3204 1642 3234 nostrum
1660 3202 1776 3242 pudeat
1788 3202 1946 3242 deponere
1959 3201 2035 3232 belli
2051 3207 2143 3230 onus.
2164 3199 2242 3229 Nam

1201 3255 1373 3294 prudenter
1390 3255 1498 3286 omnia
1510 3254 1704 3286 instituendo
1723 3254 1837 3285 melius
1850 3255 1943 3285 famae
1960 3255 2077 3284 nostrae
2096 3249 2242 3282 consule-

1200 3315 1289 3346 mus,
1312 3315 1408 3346 quam
1432 3306 1544 3337 bellica
1559 3306 1691 3337 virtute.
1709 3307 1755 3337 Ne
1769 3314 1844 3336 vero
1856 3304 2025 3345 quisquam
2047 3303 2129 3332 banc
2153 3299 2243 3330 nobis

1201 3358 1274 3390 belli
1292 3366 1356 3389 non
1371 3357 1538 3389 omittendi
1556 3366 1684 3388 causam
1711 3355 1858 3395 objiciat,
1881 3355 1966 3395 quod
1992 3351 2242 3394 pulcherrimum
