2372 3704
993 223 1322 264 FRAGMENTA.

88 309 262 364 βάρὸαρος
278 306 325 347 ὢν
347 307 386 347 τὸ
403 308 498 359 γένος
512 337 523 356 ,
543 308 604 346 καὶ
620 307 685 346 ὑπὸ
702 307 891 358 Ῥωμαίων
913 309 991 346 κατ’
1012 307 1128 359 ὀλίγου

87 370 143 408 ἐπὶ
160 369 222 416 τὴν
243 367 457 421 στρατηγίδα
471 365 646 418 προελθὼν
659 396 669 414 ,
692 365 813 419 ἄρχειν
829 367 990 404 διενοεῖτο
1003 395 1014 416 ,
1036 364 1131 407 ὅπως

89 427 130 466 ἂν
151 427 212 466 καὶ
228 428 333 472 αὐτῆς
349 428 410 472 τῆς
432 425 611 477 βασιλείας
628 425 813 477 κρατήσοι.
835 424 905 464 Καὶ
929 430 997 462 πᾶν
1016 422 1079 474 μὲν
1093 421 1132 460 τὸ

87 488 117 526 Γ
118 485 225 524 ότθων
247 484 340 528 ἔθνος
359 485 398 522 ἐκ
414 487 475 529 τῆς
491 486 615 522 ἑαυτοῦ
632 483 749 536 χώρας
766 482 1015 536 μετεπέμψατο
1027 511 1039 531 ,
1056 480 1132 520 τοὺς

88 545 125 582 δὲ
152 545 247 596 αὐτῷ
277 541 489 590 ἐπιτηδείους
516 545 584 580 τῶν
620 544 841 595 στρατιωτῶν
873 540 1017 594 ἀριθμὸν
1041 540 1132 591 ἔχειν

69 602 316 650 “κατέστησεν·
347 600 573 654 Τριὸιγίλδου
608 600 645 639 δὲ
667 602 739 644 ἑνὸς
765 603 833 639 τῶν
859 598 1132 652 ὑποστρατήγων

89 662 185 713 αὐτῷ
196 689 206 707 ,
223 662 486 712 χιλιαρχοῦντος
499 661 567 698 τῶν
579 658 807 712 ἐνιδρυμένων
817 662 860 711 τῇ
873 657 1016 711 Φρυγία
1031 672 1135 709 στρα-

86 722 240 767 τιωτῶν,
267 719 327 757 καὶ
350 717 472 769 γνώμῃ
490 720 594 756 αὐτοῦ
623 720 734 757 Γαῖνᾶ
753 717 1039 770 νεωτερίσαντος,
1075 714 1134 753 καὶ

89 776 134 815 τὰ
163 779 319 829 Φρυγῶν
351 775 430 823 ἔθνη
460 774 685 814 παντάπασιν
712 774 982 826 ἀνατρέποντος,
1015 772 1134 820 ἐπειδὴ

90 836 268 889 Ἇρκάδιος
294 834 402 886 μηδὲν
433 834 675 887 προειδόμενος
702 833 760 872 τὸν
803 832 933 873 Γαϊνὰν
963 832 1135 885 ἔπεμψεν,

89 894 185 938 εὐθὺς
215 895 399 947 ἐπορεύετο
412 923 423 941 ,
444 895 494 946 τῷ
512 892 574 943 μὲν
594 892 688 946 λόγῳ
712 891 804 931 κατὰ
820 894 854 931 Τ
857 891 1066 943 ριὸιγίλδου,
1086 892 1136 942 τῷ

91 951 127 991 δὲ
159 953 250 1006 ἔργῳ
277 954 489 1005 τυραννῆσαι
513 950 730 1002 βουλόμενος.
757 943 850 1001 *Hya
879 948 915 987 δὲ
937 948 1013 1000 μετ’
1031 949 1136 986 αὐτοῦ

91 1010 230 1050 Γότθων
251 1026 287 1048 τε
307 1010 368 1048 καὶ
384 1009 509 1061 ἑτέρων
529 1009 716 1061 βαρὸάρων
737 1009 799 1046 οὒκ
818 1007 936 1058 ὀλίγας
954 1006 1136 1059 μυριάδας·

91 1069 152 1108 καὶ
171 1067 383 1107 καταλαὸὼν
397 1067 459 1114 τὴν
473 1067 654 1120 Φρυγίαν,
674 1066 789 1105 πάντα
807 1065 1004 1119 ἀνέτρεπεν.
1024 1067 1136 1109 Εὐθὺς

91 1121 150 1166 οῦν
166 1129 200 1166 ἐν
211 1129 351 1180 ταραχῇ
367 1124 411 1165 τὰ
428 1124 632 1176 Ῥωμαίων,
646 1126 683 1164 οὗ
698 1124 800 1176 μόνον
815 1123 871 1162 διὰ
888 1124 927 1162 τὸ
943 1123 1070 1176 προσὸν
1087 1125 1138 1176 τῷ

92 1187 204 1239 Γαϊνᾷ
230 1187 377 1238 [πλῆθος
399 1184 622 1238 βαρὸάρων],
644 1183 735 1222 ἀλλὰ
755 1182 808 1222 ὅτι
828 1183 888 1222 καὶ
909 1182 952 1221 τὰ
971 1186 1031 1229 τῆς
1052 1181 1139 1235 ἑῴας

92 1245 257 1298 ἐπίκαιρα
275 1244 365 1297 μέρη
382 1243 587 1282 κινδυνεύειν
602 1241 759 1293 ἔμελλεν.

148 1302 256 1343 Ἀλλὰ
274 1302 353 1341 τότε
373 1301 436 1354 μὲν
456 1305 474 1341 ὁ
496 1302 657 1354 βασιλεὺς
676 1300 965 1354 διαπεμψάμενος
981 1299 1066 1352 πρὸς
1081 1299 1138 1338 τὸν

94 1362 293 1415 βάρὸαρον,
313 1360 426 1412 λόγοις
444 1360 547 1399 αὐτὸν
571 1360 632 1399 καὶ
656 1359 766 1413 ἔργοις
783 1359 982 1413 θεραπεύειν
1005 1357 1140 1409 ἕτοιμος

95 1421 239 1472 ἐγίνετο·
258 1423 318 1459 τοῦ
346 1419 382 1457 δὲ
403 1418 613 1464 ἐξαιτοῦντος
645 1418 716 1456 δύω
734 1420 803 1457 τῶν
826 1417 1062 1470 προεστώτων
1079 1420 1139 1464 τῆς

94 1478 289 1531 συγκλήτου
308 1478 430 1517 λαὸεῖν
453 1478 522 1516 ἀπὸ
541 1481 609 1516 τῶν
633 1477 775 1516 ὑπάτων
794 1478 949 1529 ἀνδρῶν,
971 1479 1138 1528 Σατορνῖ-

95 1538 152 1577 νόν
171 1553 209 1576 τε
228 1537 288 1576 καὶ
307 1536 548 1591 Αὐρηλιανὸν,
579 1536 698 1575 ἀκοντὶ
728 1535 852 1580 αὐτοὺς
870 1538 888 1574 ὁ
914 1535 1078 1588 βασιλεὺς
1097 1539 1140 1588 τῇ

97 1596 234 1649 ἀνάγκῃ
255 1599 314 1635 τοῦ
346 1599 469 1648 καιροῦ
494 1600 654 1647 παρεῖχε.
677 1594 750 1634 Καὶ
772 1597 803 1633 οἱ
831 1593 893 1645 μὲν
923 1593 1009 1647 ὑπὲρ
1046 1594 1139 1646 [τοῦ]

95 1659 210 1694 κοινοῦ
223 1654 526 1707 προαποθνήσκειν
542 1652 754 1706 αἱρούμενοι,
769 1652 931 1704 γενναίως
942 1656 985 1705 τῇ
1002 1657 1060 1691 τοῦ
1078 1655 1141 1705 βα-

98 1713 220 1757 σιλέως
233 1712 387 1752 κελεύσει
404 1712 579 1758 ὑπήκουον
591 1742 602 1762 ,
619 1712 680 1750 καὶ
697 1712 817 1765 πόρρω
835 1715 897 1759 τῆς
917 1711 1142 1758 Χαλκηδόνος

98 1774 132 1811 ἐν
160 1771 282 1826 χωρίῳ
308 1769 517 1824 ἱπποδρόμῳ
535 1770 718 1818 ὑπήντων,
738 1769 870 1820 ἕτοιμοι
896 1768 1044 1821 πάσχειν
1071 1774 1141 1805 πᾶν

98 1831 120 1870 ὅ
133 1847 167 1869 τι
183 1833 201 1869 ὃ
220 1830 396 1883 βάρὸαρος
411 1830 545 1876 ἤθελεν.
575 1828 668 1868 Ἀλλ’
687 1824 780 1868 οὗτοι
801 1827 862 1878 μὲν
895 1827 992 1867 οὐδὲν
1012 1829 1142 1881 φαῦλον

99 1889 289 1940 ὑπέμειναν
297 1920 308 1937 ,
335 1891 353 1927 ὁ
379 1887 415 1926 δὲ
435 1890 550 1941 παρῆν
568 1887 626 1926 ἐπὶ
649 1886 714 1934 τὴν
733 1886 958 1933 Χαλκηδόνα.
988 1886 1141 1933 Ἀπήντα

100 1948 138 1988 δὲ
157 1950 268 1987 ἐκεῖσε
285 1947 344 1986 καὶ
366 1950 384 1985 ὁ
405 1945 569 1999 βασιλεὺς
587 1946 773 1999 Ἀρκάδιος.
793 1945 979 1996 Γενόμενοι
996 1944 1032 1983 δὲ
1057 1945 1142 1997 πρὸς

100 2010 151 2060 τῷ
182 2006 266 2060 οἴκῳ
298 2009 360 2053 τῆς
380 2005 554 2058 μάρτυρος
583 2005 788 2058 Εὐφημίας,
813 2004 925 2057 ὅρκοις
944 2006 1143 2042 ἐπιστοῦντο

101 2066 290 2112 ἀλλήλους.
322 2063 396 2104 Καὶ
415 2066 434 2102 ὁ
454 2063 516 2115 μὲν
537 2063 700 2116 βασιλεὺς
718 2063 917 2116 ἐφύλαττεν·
950 2064 978 2102 Γ
981 2061 1077 2106 αϊνὰς
1107 2061 1143 2099 δὲ

101 2124 354 2177 παρεσπόνδει,
383 2122 442 2161 καὶ
472 2125 532 2160 τοῦ
551 2122 677 2161 οἰκείου
704 2125 836 2160 σκοποῦ
868 2122 930 2159 οὐκ
959 2119 1140 2164 ἐξέὸαινεν·

103 2182 181 2221 ἀλλ’
198 2181 408 2234 ἐμπρησμόν
436 2196 474 2219 τε
491 2180 552 2219 καὶ
579 2179 850 2233 λαφυραγωγίας
875 2178 1022 2221 ἐμελέτα
1041 2179 1142 2226 ποιή-

102 2244 230 2280 σασθαι
243 2240 333 2279 κατὰ
348 2243 410 2286 τῆς
427 2238 693 2278 Κωνσταντίνου
703 2239 835 2281 πόλεως
850 2236 909 2276 καὶ
923 2236 1014 2276 κατὰ
1031 2237 1145 2284 πάσης

102 2302 162 2346 τῆς
196 2298 384 2349 Ῥωμαίων
420 2299 544 2351 ἀρχῆς.
582 2296 842 2349 Βεὸαρὸάρωτο
867 2299 948 2346 γοῦν
984 2298 1006 2341 ἡ
1044 2296 1143 2339 πόλις

103 2357 171 2396 ὑπὸ
190 2361 250 2396 τοῦ
267 2358 398 2395 πολλοῦ
417 2356 589 2404 πλήθους,
610 2355 670 2394 καὶ
689 2354 814 2398 πάντες
833 2355 864 2392 οἱ
885 2354 962 2392 κατ’
984 2352 1090 2399 αὐτὴν
1111 2355 1144 2391 ἐν

104 2416 340 2468 αἰχμαλώτων
372 2415 476 2468 μοίρᾳ
498 2413 668 2465 ἐγένοντο.
690 2416 724 2453 Τ
727 2416 866 2456 οσοῦτος
889 2409 958 2465 [δὲ]
972 2406 1014 2459 ἧν
1033 2414 1051 2450 ὁ
1067 2414 1142 2451 ἐπι-

102 2474 309 2528 κρεμασθεὶς
331 2477 373 2526 τῇ
403 2475 501 2511 πόλει
529 2472 701 2522 κίνδυνος,
720 2473 766 2515 ὡς
786 2471 845 2509 καὶ
865 2470 1022 2521 κομήτην
1045 2470 1141 2521 μέγι-

104 2549 183 2572 στον
202 2537 261 2571 τοῦ
279 2535 422 2585 οὐρανοῦ
437 2534 601 2584 φανῆναι.

158 2591 203 2631 ‘O
225 2590 341 2642 μέντοι
363 2590 493 2632 Γαϊνὰς
523 2591 660 2639 πρῶτον
693 2587 755 2637 μὲν
785 2587 948 2638 ἐπειράθη
985 2586 1147 2639 ἁρπαγὴν

105 2651 174 2687 τῶν
189 2648 425 2701 ἐργαστηρίων
439 2646 663 2694 ποιήσασθαι·
677 2649 722 2690 ὡς
742 2645 793 2696 δὲ,
810 2649 870 2692 τῆς
883 2645 1001 2697 φήμης
1013 2661 1149 2696 προμη-

105 2708 258 2755 νυσάσης
273 2707 334 2753 τὴν
351 2706 470 2757 ἔφοδον
483 2736 493 2756 ,
509 2705 722 2757 ἐφυλάξαντο
737 2707 913 2756 προθεῖναι
929 2705 964 2742 ἐν
979 2709 1054 2748 ταῖς
1068 2719 1149 2755 τρα·

106 2766 226 2811 πέζαις
242 2765 299 2804 τὸν
320 2765 488 2818 ἄργυρον,
514 2758 608 2807 αὖθις
622 2763 679 2801 ἐπὶ
703 2763 824 2815 ἑτέραν
839 2762 964 2814 ἐχώρει
992 2762 1148 2814 γνώμην.

106 2824 242 2868 Νυκτὸς
261 2823 327 2875 γὰρ
342 2821 597 2874 ἐπιμεσούσης,
620 2821 792 2872 ἐκπέμπει
814 2821 943 2867 πλῆθος
965 2820 1150 2873 βαρὸάρων

2155 238 2221 271 nn

1194 308 1252 346 ἐπὶ
1278 311 1326 362 τῷ
1344 312 1521 362 ἐμπρῆσαι
1541 312 1585 349 τὰ
1607 312 1765 363 βασίλεια
1789 315 1847 352 καὶ
1863 316 1923 362 τὴν
1940 316 2051 356 πόλιν.
2069 317 2158 357 ”Ὀτε
2186 318 2227 364 δὴ

1195 367 1254 405 καὶ
1271 372 1292 414 ἠ
1311 372 1370 406 τοῦ
1390 371 1481 408 Θεοῦ
1496 373 1688 423 περιφανῶς
1706 373 1840 424 ἐδείχθη
1861 375 2004 426 πρόνοια
2025 378 2103 429 περί
2117 393 2152 415 τε
2165 378 2228 424 τὴν

1196 425 1386 475 εΡωμαίων
1405 427 1516 479 ἀρχὴν
1537 429 1595 466 καὶ
1615 427 1675 474 τὴν
1696 429 1809 468 πόλιν.
1835 431 2049 483 Ἀπροόπτως
2072 435 2140 488 γὰρ
2162 443 2231 479 τοῖς

1196 486 1394 523 ἐπελθοῦσιν
1423 486 1597 537 ἐφάνησαν
1627 487 1787 537 ἄγγελοι,
1814 491 1847 526 ἐν
1876 491 2032 541 σχήματι
2059 495 2229 544 ὁπλιτῶν,

1197 542 1334 593 μέγαλα
1347 542 1480 594 ἔχοντες
1493 543 1651 592 σώματα·
1670 545 1725 588 οὒς
1740 549 2017 594 ὑποτοπήσαντες
2032 553 2062 589 οἱ
2074 553 2231 602 πολέμιοι

1197 603 1309 648 ἀληθῆ
1326 602 1472 652 στρατὸν
1487 595 1576 639 εἶναι
1592 602 1700 641 πολὺν
1717 604 1776 641 καὶ
1796 609 1948 654 γενναῖον
1964 637 1973 656 ,
1992 611 2232 662 καταπλαγὲν.

1196 675 1250 702 τες
1272 658 1520 711 ὑπεχώρησαν.
1546 660 1611 704 θΩς
1628 660 1662 698 δὲ
1681 662 1953 713 ἀπαγγελθέντος
1971 665 2091 704 τούτου
2113 670 2233 713 Γαῖνᾶ,

1197 718 1343 756 ἄπιστον
1374 718 1601 770 κατεφαίνετο
1631 718 1828 770 (ἠπίστατο
1848 720 1914 773 γὰρ
1936 722 1984 773 μὴ
2004 726 2166 776 παρεῖναι
2195 711 2235 765 τὸ

1197 776 1284 815 πολὺ
1302 779 1371 814 τῶν
1398 776 1586 827 Ῥωμαίων
1613 778 1789 816 ὁπλιτικὸν
1804 810 1812 825 ,
1832 779 1923 818 κατὰ
1947 780 2015 833 γὰρ
2043 782 2104 826 τὰς
2122 784 2236 828 πόλεις

1198 835 1349 887 ἐνίδρυτο
1368 836 1396 883 ),
1417 835 1549 886 πέμπει
1566 836 1626 874 καὶ
1643 830 1737 880 αὖθις
1753 837 1886 889 ἑτέρους
1899 841 1941 890 τῇ
1960 840 2107 893 ἐχομένῃ
2124 844 2235 891 νυκτὶ,

1200 892 1262 931 καὶ
1290 892 1378 943 μετὰ
1399 897 1509 931 ταῦτα
1526 893 1705 937 πολλάκις.
1727 893 1792 938 Ὡς
1820 894 1856 933 δὲ
1875 896 1934 934 καὶ
1959 897 2128 951 διαφόρως
2148 902 2236 939 ἀπο-

1199 950 1372 989 στείλαντι
1391 951 1435 989 τὰ
1454 951 1541 989 αὐτὰ
1566 952 1806 1003 ἀπηγγέλλετο
1831 953 1910 1003 (ἀεὶ
1926 955 1993 1008 γὰρ
2010 958 2078 1001 τοῖς
2097 958 2238 997 ἐπιδου-

1199 1008 1357 1047 λεύουσιν
1378 1011 1408 1047 οἱ
1433 1010 1572 1060 ἄγγελοι
1598 1010 1660 1057 τὴν
1681 1011 1787 1057 αὐτὴν
1811 1013 1978 1066 παρεῖχον
1999 1015 2237 1067 φαντασίαν),

1199 1068 1294 1110 τέλος
1325 1067 1423 1111 αὐτὸς
1443 1067 1504 1105 σὺν
1530 1068 1654 1115 πλήθει
1685 1071 1802 1122 πολλῷ
1822 1071 2002 1122 παρελθὼν
2028 1079 2151 1126 πεῖραν
2172 1077 2238 1112 τῶν

1202 1126 1437 1165 ἀκουσθέντων
1459 1126 1644 1176 λαμῧάνει·
1664 1129 1855 1174 ὑπονοήσας
1872 1130 1906 1167 δὲ
1922 1132 2056 1177 ἀληθῶς
2070 1148 2239 1185 στρατιω-

1201 1187 1269 1222 τῶν
1302 1180 1390 1223 εἶναι
1409 1186 1553 1232 πλῆθος,
1585 1186 1803 1239 ὑποκρίνεται
1833 1189 1879 1231 ὡς
1907 1188 1964 1226 ἐπὶ
1992 1189 2048 1227 τὸν
2079 1191 2239 1244 μάρτυρα

1201 1243 1366 1290 Ἰωάννην
1384 1243 1511 1282 ὁδεύειν
1524 1275 1533 1291 ,
1548 1243 1583 1287 ὃς
1599 1244 1626 1289 ζ’
1639 1245 1792 1295 σημείοις
1803 1248 1864 1292 τ’ἧς
1880 1245 2010 1291 πόλεως
2023 1250 2239 1299 ἀφειστήκει,

1202 1302 1410 1354 συνεξῄεσαν
1424 1301 1459 1340 δὲ
1472 1304 1566 1356 αὐτῷ
1582 1303 1642 1341 καὶ
1656 1306 1686 1341 οἱ
1699 1303 1870 1357 βάρὸαροι
1883 1337 1893 1354 ‚
1907 1306 1949 1343 τὰ
1961 1306 2052 1345 ὅπλα
2069 1308 2242 1361 λαθραίως

1202 1361 1408 1412 κομίζοντες.
1428 1361 1494 1404 Ὡς
1511 1362 1546 1399 δὲ
1565 1364 1596 1400 οἱ
1615 1363 1754 1415 φρουροὶ
1773 1365 1840 1401 τῶν
1856 1367 1972 1403 πυλῶν
1990 1366 2194 1415 διεκώλυον,
2211 1370 2242 1405 οἳ

1205 1419 1374 1472 βάρὸαροι
1391 1419 1434 1457 τὰ
1454 1419 1532 1472 ξίφη
1559 1422 1820 1471 γυμνώσαντες,
1853 1422 1928 1466 τοὺς
1951 1423 2007 1462 ἐπὶ
2027 1430 2100 1468 ταῖς
2119 1425 2243 1469 πύλαις

1203 1477 1463 1530 διεχειρίσαντο.

1228 1589 1237 1597 Χ
1260 1536 1443 1576 Ἐντεῦθεν
1465 1537 1631 1588 πολέμιος
1660 1538 1847 1591 ἀπεδείχθη
1879 1541 2017 1584 randg-
2044 1541 2103 1579 καὶ
2132 1541 2243 1592 οἱμὲν

1203 1595 1283 1647 περὶ
1313 1595 1375 1642 τὴν
1407 1596 1506 1633 πόλιν
1538 1596 1687 1640 ἅπαντες
1719 1597 1803 1650 πρὸς
1836 1598 1897 1644 τὴν
1929 1600 2062 1651 τείχους
2087 1601 2243 1652 φυλακὴν

1204 1653 1343 1694 διέθεον.
1369 1654 1414 1693 Ὁ
1431 1654 1467 1692 δὲ
1487 1654 1647 1706 βασιλεὺς
1672 1656 1803 1694 κελεύει
1829 1657 1904 1699 τοὺς
1929 1658 2191 1712 ὑπολειφθέντας
2210 1661 2244 1696 ἐν

1203 1716 1245 1764 τῇ
1268 1713 1367 1751 πόλει
1396 1713 1593 1765 βαρὸοίρους
1614 1716 1840 1768 ἀναιρεῖσθαι.
1865 1717 2108 1766 Συμὸαλόντες
2134 1711 2191 1755 οὖν
2214 1720 2245 1756 οἱ

1204 1775 1416 1824 στρατιῶται
1428 1777 1495 1814 τοῖς
1513 1772 1691 1823 πολεμίοις
1701 1774 1781 1826 περὶ
1794 1773 1855 1820 τὴν
1870 1775 2056 1821 ἐκκλησίαν
2073 1778 2140 1814 τῶν
2158 1778 2186 1815 Γ
2188 1778 2245 1814 ότ-

1204 1835 1270 1869 θων
1307 1831 1475 1884 (ἐνταῦθα
1506 1830 1573 1882 γὰρ
1602 1833 1633 1870 οἱ
1665 1833 1936 1885 περιλειφθέντες
1969 1833 2199 1884 ἠθροίσθησαν
2214 1836 2245 1884 ),

1205 1888 1455 1940 διαφθείρουσιν
1487 1888 1668 1939 ἅπαντας,
1689 1891 1887 1942 ἐμπιπρῶσι
1906 1890 1941 1928 δὲ
1964 1892 2022 1929 καὶ
2052 1891 2158 1938 αὐτὴν
2182 1892 2244 1938 τὴν

1205 1946 1406 1994 ἐκκλησίαν.
1430 1948 1557 1990 Γαϊνὰς
1583 1947 1619 1985 δὲ
1645 1948 1764 1998 μαθὼν
1782 1950 1974 2001 ἀνῃρῆσθαι
1991 1947 2068 1992 τοὺς
2088 1948 2136 1999 μὴ
2157 1951 2244 2002 φθά-

1205 2020 1331 2048 σαντας
1351 2007 1420 2043 τῶν
1439 2006 1577 2052 πυλῶν,
1598 2005 1696 2056 γνοὺς
1724 2007 1760 2044 δὲ
1781 2008 1875 2059 αύτῷ
1902 2006 2026 2057 μηκέτι
2047 2011 2241 2060 προχωρεῖν

1203 2063 1265 2107 τὰς
1282 2062 1512 2114 ἀπαντήσεις,
1527 2062 1614 2116 ἄρας
1630 2063 1699 2102 ἀπὸ
1715 2068 1773 2103 τοῦ
1792 2064 1982 2118 μαρτυρίου
1994 2095 2003 2112 ,
2020 2065 2167 2111 ἤλαυνεν
2186 2066 2243 2103 ἐπὶ

1204 2120 1248 2159 τὰ
1265 2119 1403 2174 Θρᾴκια
1429 2119 1531 2173 μέρη·
1552 2120 1612 2159 καὶ
1627 2122 1838 2160 καταλαὸὼν
1857 2122 1919 2169 τὴν
1945 2124 2185 2175 Χερρόνησον,
2212 2125 2245 2169 ἐξ

1207 2181 1312 2226 αὐτῆς
1336 2180 1620 2231 διαπεραιοῦσθαι
1637 2179 1696 2217 καὶ
1711 2180 1995 2230 καταλαμὸάνειν
2011 2180 2074 2227 τὴν
2090 2182 2245 2236 Λάμψα-

1206 2254 1264 2276 κον
1283 2237 1444 2275 ἔσπευδεν
1456 2267 1465 2284 ,
1482 2237 1574 2282 ὅπως
1591 2237 1632 2276 ἂν
1649 2241 1716 2276 τῶν
1737 2238 1831 2291 ἑῴων
1845 2243 2018 2292 κρατῆσαι
2039 2240 2241 2287 δυνήσητοιι.

1261 2295 1322 2339 Ὡς
1340 2294 1375 2333 δὲ
1400 2298 1418 2333 ὁ
1441 2294 1601 2347 βασιλεὺς
1621 2295 1704 2348 ἔφθη
1722 2296 1867 2346 δύναμιν
1897 2298 2105 2342 ἀποστείλας
2130 2298 2186 2336 διά
2209 2315 2246 2337 τε

1209 2357 1272 2405 γ’ἧς
1290 2353 1350 2391 καὶ
1370 2354 1564 2401 θαλάσσης,
1593 2356 1739 2393 ἐνταῦθα
1759 2355 1864 2394 πάλιν
1881 2359 1941 2403 τῆς
1960 2359 2018 2394 τοῦ
2044 2359 2136 2396 Θεοῦ
2162 2373 2245 2409 προ·

1208 2413 1300 2456 νοίας
1321 2412 1493 2451 ἐδείκνυτο
1509 2413 1686 2463 θαύματα.
1704 2413 1766 2457 Ὡς
1784 2414 1851 2466 γὰρ
1871 2416 1902 2452 οἱ
1921 2415 2090 2467 βάρὸαροι
2109 2416 2248 2467 σχεδίας

1210 2470 1450 2522 συμπήξαντες
1476 2472 1716 2523 ἐπεραιοῦντο,
1740 2471 1780 2510 αἶ
1804 2488 1839 2510 τε
1867 2475 1934 2510 τῶν
1953 2472 2141 2523 Ῥωμαίων
2171 2477 2248 2519 νῆες

1209 2532 1374 2581 παρῆσαν
1388 2559 1398 2578 ,
1420 2531 1450 2567 οἳ
1472 2528 1533 2578 μὲν
1561 2532 1772 2581 στρατιῶται
1791 2530 1914 2583 ῥᾳδίως
1939 2536 2014 2574 ταῖς
2038 2531 2160 2569 ὁλκάσι
2181 2532 2249 2570 διέ-

1212 2588 1316 2625 πλεον
1331 2617 1342 2636 ,
1360 2589 1391 2625 οἱ
1419 2586 1454 2625 δὲ
1478 2586 1650 2639 βάρὸαροι
1667 2589 1701 2625 ἐν
1721 2593 1795 2631 ταῖς
1811 2589 1962 2639 σχεδίαις
1979 2589 2165 2627 διώλλυντο
2184 2589 2249 2627 ὕπὸ

1213 2649 1272 2683 τοῦ
1292 2645 1462 2688 κλύδωνος
1483 2646 1758 2697 ἐκριπτούμενοι.
1788 2647 1919 2685 Πολλοὶ
1951 2647 1985 2684 δὲ
2017 2647 2076 2684 καὶ
2098 2647 2163 2685 ὑπὸ
2182 2651 2248 2686 τῶν

1212 2703 1401 2754 Ῥωμαίων
1430 2703 1632 2756 ἐφθείροντο·
1653 2704 1711 2741 καὶ
1739 2705 1778 2741 τὸ
1796 2705 1955 2742 πλεῖστον
1981 2707 2048 2742 τῶν
2076 2705 2250 2754 πολεμίων

1215 2761 1388 2800 ἀπώλετο.
1409 2761 1537 2805 Γαϊνὰς
1554 2761 1589 2799 δὲ
1612 2760 1796 2806 ἀναζεύξας
1829 2763 1884 2800 διὰ
1911 2766 1972 2809 τῆς
1996 2763 2162 2817 Θρᾴκης,
2192 2765 2251 2801 καὶ

1214 2823 1303 2873 φυγῇ
1321 2821 1540 2872 χρησάμενος
1564 2820 1763 2872 περιπίπτει
1796 2820 1981 2873 Ῥωμαϊκῇ
2009 2821 2172 2871 δυνάμει,
2193 2821 2252 2859 καὶ

106 2935 246 2967 κινδύνου
258 2934 440 2976 παραδόξοις
455 2932 609 2975 βοηθείαις
624 2933 783 2974 ἐρρύσατο.
802 2931 846 2964 Τί
869 2932 901 2963 δὲ
919 2931 1002 2963 ἔστιν
1018 2934 1110 2962 τοῦτο
1134 2931 1267 2962 λεκτέον,
1291 2932 1400 2966 Γαῐνὰς
1419 2931 1568 2971 βάρὸαρος
1589 2930 1643 2970 μὲν
1660 2931 1703 2961 ὢν
1727 2930 1866 2971 τὸ“γένος
1890 2933 1956 2964 κτλ.
1984 2949 2024 2954 -
2043 2935 2117 2963 τῶν
2135 2943 2202 2972 στρ
2212 2943 2249 2963 α·

106 2985 257 3015 τιωτῶν
276 2981 440 3022 ἀριθμὸν
466 2980 570 3021 ἔχειν
596 2977 843 3019 κατέστησε]
873 2980 940 3010 Hoc
959 2978 1030 3009 ferri
1051 2986 1142 3018 posse
1169 2978 1258 3017 puto.
1280 2978 1485 3016 Quamquam
1509 2976 1605 3007 videri
1631 2976 1728 3016 possit
1747 2977 1914 3016 legendum
1940 2986 2007 3009 esse

2038 2987 2045 3008 :
2070 2981 2132 3010 τῶν
2156 2988 2250 3018 στρα-

107 3031 259 3062 τιωτικῶν
284 3028 419 3069 ἀριθμῶν
443 3027 655 3069 [στρατηγοὺς
683 3027 732 3058 vel
753 3027 807 3062 τὰς
834 3025 953 3067 ἀρχὰς]
971 3025 1052 3065 ἔχειν
1068 3037 1099 3056 κ.
1110 3048 1119 3063 ,
1142 3024 1259 3055 collato
1276 3024 1407 3055 socrate
1431 3032 1439 3053 ε
1459 3023 1536 3058 Τοὺς
1556 3023 1587 3054 δὲ
1608 3023 1693 3063 αὐτῷ
1720 3023 1910 3060 ἐπιτηδείους
1934 3028 1995 3055 τῶν
2019 3027 2250 3065 στρατιωτικῶν

109 3076 245 3117 ἀριθμῶν
264 3074 391 3110 τούτους
407 3073 482 3115 (τὰς
499 3074 594 3115 ἀρχὰς
611 3074 694 3113 conj.
721 3072 845 3112 Vates.)
866 3073 947 3113 ἔχειν
966 3071 1211 3111 παρεσκεύασεν.
1233 3070 1294 3102 Sed
1321 3069 1458 3101 Socratis
1475 3069 1571 3100 verba
1590 3078 1607 3100 e
1628 3071 1742 3101 Nostro
1760 3070 1864 3111 potius
1882 3071 2092 3102 correxerim.
2117 3088 2157 3092 —
2177 3074 2250 3100 τῶν

107 3121 418 3163 ὑποστρατήγων
432 3121 558 3161 αὐτῷ]
576 3122 638 3151 τῶν
651 3120 746 3151 αὐτοῦ
760 3122 917 3159 συγγενῶν
932 3119 1076 3156 Socrat.;
1092 3118 1176 3157 αὐτῷ
1199 3118 1277 3158 γένει
1300 3117 1466 3156 προσήκων
1489 3119 1613 3148 Sozom.
1638 3135 1677 3142 -
1691 3116 1762 3147 αὐτ
1772 3120 1814 3148 οῦ
1832 3119 1925 3148 Γαῐν
1937 3117 1979 3157 ἃ]
1996 3129 2026 3148 α.
2046 3117 2155 3157 γαῖνὰν
2177 3116 2248 3148 cod.

109 3186 151 3192 —
165 3169 230 3200 διὰ
247 3168 289 3200 τὸ
304 3169 452 3208 προσὸν
465 3169 531 3199 κτλ.
544 3167 555 3208 ]
570 3167 620 3199 διὰ
633 3167 669 3199 τὸ
683 3167 756 3207 πρὸς
772 3166 808 3197 τὸ
821 3168 958 3206 γενναῖον
968 3188 977 3204 ,
991 3164 1058 3196 ἀλλ’
1076 3165 1122 3195 ὅτι
1136 3165 1201 3195 κτλ.
1217 3163 1329 3194 codex.
1348 3164 1479 3194 Cor-rexi
1495 3172 1511 3193 e
1527 3164 1669 3194 Socrate..
1684 3181 1725 3186 -
1741 3166 1781 3195 ῐπ
1791 3164 1885 3203 ποδρ
1897 3165 1913 3194 ὀ
1923 3163 1998 3204 μῳ]
2014 3164 2135 3195 socrat.
2147 3173 2156 3200 ;
2171 3163 2249 3194 ὑπο-

109 3215 214 3256 δρὸμῳ
230 3213 302 3246 cod.
316 3231 359 3237 —
371 3215 550 3255 ἁρπαγὴν
566 3217 639 3245 τῶν
655 3213 718 3254 ἐργ
728 3223 827 3250 αστη
837 3212 928 3253 ρίων
943 3222 978 3242 π.
991 3210 1003 3251 ]
1017 3212 1173 3242 Socrates.
1190 3219 1198 3240 :
1215 3213 1336 3250 πρῶτον
1351 3209 1405 3249 μὲν
1422 3209 1564 3250 ἐπειράθη
1583 3209 1710 3246 ἀνσίδην
1724 3210 1894 3251 διαρπαγὴν
1910 3213 1964 3241 τοῦ
1990 3209 2126 3250 δημοσίᾳ
2139 3209 2169 3239 ἐν
2185 3213 2248 3245 τοῖς

110 3261 320 3302 ἐργαστηρίοις
331 3261 534 3301 πωλουμένου
546 3260 691 3301 ἀργυρίου
707 3260 909 3297 ποιήσασθαι.
927 3277 968 3284 -
978 3259 1025 3294 ὡς
1044 3257 1082 3288 δὲ
1100 3268 1116 3287 τ
1125 3260 1143 3294 ἦ
1153 3268 1165 3292 ς
1182 3257 1227 3295 φή
1237 3267 1284 3296 μη
1293 3268 1305 3291 ς
1320 3254 1331 3295 ]
1349 3264 1385 3286 ex
1404 3257 1526 3287 Socrat.
1538 3267 1546 3295 ;
1560 3260 1613 3293 τῆς
1630 3256 1661 3287 δὲ
1675 3257 1775 3297 φήμης
1792 3256 1954 3292 θοὰ-Ἐκ.
1969 3273 2010 3279 -
2021 3267 2111 3287 νυκτ
2120 3255 2135 3286 ὸ
2145 3266 2157 3290 ς
2174 3265 2192 3294 γ
2201 3255 2244 3295 ἀρ

111 3307 380 3347 ἐπιμεσούσης
392 3305 403 3348 ]
417 3307 476 3348 leg.
491 3307 556 3339 vid.
573 3315 602 3337 v.
629 3307 778 3347 ἐπιμέσου
792 3306 897 3342 οὔσης.
915 3306 1036 3337 Socrat.
1053 3305 1127 3335 εκαὶ
1146 3304 1253 3339 νυκτὸς
1270 3303 1323 3343 μὲν
1337 3302 1442 3339 οὔσης.
1460 3322 1500 3328 -
1513 3303 1654 3342 πέμπει
1673 3305 1738 3334 καὶ
1757 3302 1888 3344 αὖθις]
1908 3302 2029 3334 socrat.
2042 3312 2051 3340 ;
2065 3312 2098 3333 π.
2112 3311 2145 3332 τε
2164 3300 2247 3338 αὖθις

112 3353 184 3387 cod.
199 3371 239 3377 —
255 3355 478 3392 ὑπονοήσας
497 3354 534 3386 δὲ
550 3352 720 3393 ἀληθῶς]
738 3354 881 3391 Socrat.;
898 3352 1123 3394 ὑπονοήσαντες
1137 3350 1254 3387 ἀληθῶς
1271 3348 1384 3380 codex.
1401 3350 1436 3379 ln
1449 3357 1536 3388 seqq.
1553 3349 1690 3380 Socratis
1712 3349 1925 3381 narrationem
1944 3349 2055 3379 auctor
2074 3345 2242 3379 contraxit.

111 3417 154 3425 -
165 3401 226 3433 ἐπὶ
241 3400 445 3442 Ἰωάννην]
462 3409 506 3433 sc.
524 3398 565 3431 ad
583 3401 748 3432 ecclesiam
765 3399 896 3432 Joannis
911 3392 1056 3437 apostm-
1079 3416 1117 3423 -
1137 3398 1266 3438 μαθὼν
1284 3396 1352 3436 ἀνῃ
1363 3395 1527 3436 ρῆσθαι]
1542 3404 1579 3427 ex
1596 3397 1707 3427 Socrat
1728 3406 1735 3435 ;
1762 3407 1794 3436 μ.
1819 3396 2005 3435 ἀναιρεῖσθαι
2022 3393 2091 3426 cod.

2012 3456 2059 3480 39.
