2326 3724
120 247 194 279 156

111 327 277 365 εὐτονίαν.
309 326 439 366 Τοῦτόν
453 342 537 381 φασι
551 328 594 365 δι’
608 326 755 380 ἀπορίαν
775 328 883 366 ἐλθεῖν
901 329 948 373 εἷς
972 328 1136 368 Σικελίαν

110 385 196 437 πρὸς
212 385 407 435 Διονύσιον,
438 386 497 424 καὶ
518 386 583 423 ὑπὸ
612 384 674 435 μὲν
699 386 888 429 Πλάτωνος
907 390 1142 439 παροφθῆναι,

113 443 178 481 ὑπὸ
204 443 235 481 δ’
265 443 488 495 Ἀριστίππου
519 445 753 494 συσταθῆναι,
775 444 877 482 δόντα
901 443 939 482 τέ
961 461 1054 489 τινας
1075 447 1142 482 τῶν

109 500 219 551 λόγων
252 501 438 554 (διαλόγων
467 502 600 552 Diog.)
630 501 724 554 δῶρα
756 503 891 550 λαὸεῗν,
928 502 1033 541 ἔπειτ’
1063 503 1140 557 ἀφι-

109 557 252 608 κόμενον
281 558 442 605 Ἀθήναζε
475 558 523 608 μὴ
556 560 689 608 τολμᾶν
718 559 942 612 σοφιστεύειν,
970 561 1145 599 ἐνευδοκι-

112 616 268 667 μούντων
285 618 460 668 (εὖδοκιμ.
475 620 586 666 Diog.
604 630 624 654 e
637 626 767 654 nostro
780 619 1045 668 corrigendus)
1067 618 1144 656 τότε

110 677 178 712 τῶν
206 675 286 728 περὶ
309 675 483 715 Πλάτωνα
502 674 584 726 [καὶ
606 674 826 725 Ἀρίστιππον
852 678 939 716 add.
968 677 1037 727 D.]
1052 706 1063 726 ‚
1085 678 1146 726 ἐμ·

109 731 250 782 μίσθους
267 732 302 770 δὲ
322 733 382 777 τὰς
402 732 584 784 ἀκροάσεις
602 733 786 772 ποιεῖσθαι.
813 732 947 772 Τούτου
972 733 1050 777 τοὺς
1072 735 1146 771 δια-

109 790 229 841 λόγους
246 790 306 828 καὶ
322 790 542 843 Ἀρίστιππος
560 790 774 829 ὑπώπτευεν.
793 790 854 830 Ἐν
870 795 950 841 γοῦν
967 791 1145 844 Μεγάροις

109 847 403 900 ἀναγινώσκοντος
431 849 535 886 αὓτοῦ
556 847 641 900 φασὶ
664 850 826 901 σκῶψαι,
846 848 1006 897 εἰπόντα,
1033 849 1146 888 Πόθεν

109 906 184 956 σοὶ,
204 905 317 958 λῃστὰ
329 938 339 954 ,
355 910 484 957 ταῦτας

167 977 198 1002 4.
234 965 534 1016 Ἀρίστιππος
564 965 582 1000 ὁ
605 966 802 1016 Κυρηναῖος
830 963 890 1008 τὰς
927 964 1051 1011 ἡδονὰς
1083 965 1145 1017 μὲν

110 1022 319 1071 μετεδίωκε,
349 1022 443 1075 πόνῳ
472 1021 507 1059 δὲ
537 1022 700 1072 ουδεμίαν
727 1022 918 1061 ἀπόλαυσιν
947 1023 1053 1076 ἐθήρα
1077 1027 1145 1062 τῶν

108 1082 147 1118 οὗ
178 1082 378 1141 παρόντων·
405 1061 479 1118 ὅθεν
506 1082 523 1118 ὁ
551 1080 715 1133 Διογένης
737 1082 915 1133 βασιλικὸν
935 1082 1021 1120 κύνα
1043 1082 1145 1121 αὐτὸν

109 1138 240 1178 ἐκάλει.
263 1133 373 1182 Ουτος
391 1137 572 1191 ἔρωτηθεις
589 1168 600 1188 ‚
621 1138 655 1176 τί
674 1139 817 1177 πλεον”
799 1155 936 1191 εχουσιν
956 1142 986 1178 οἵ
1006 1140 1146 1194 φιλόσο-

109 1211 193 1248 φοι,
226 1196 312 1249 ἔφη,
338 1215 352 1231 «
381 1195 422 1234 ἂν
439 1196 566 1239 πάντες
584 1198 614 1234 οἱ
641 1196 740 1247 νόμοι
763 1199 1002 1250 ἀναιρεθῶσιν,
1020 1198 1147 1249 ὁμοίως

110 1254 282 1306 βιώσομεν
304 1272 335 1293 ι).
352 1254 525 1306 Ἀργύριον
540 1258 613 1292 εἰπε
629 1255 751 1329 ’impete'
739 1257 806 1293 τῶν
819 1257 1000 1308 γνωρίμων
1010 1257 1148 1306 λαμὸά-

111 1328 178 1349 νειν
183 1315 273 1364 ,οὐχ
295 1312 338 1350 ιν’
360 1312 461 1355 αὐτὸς
479 1327 614 1365 χρῳτο,
639 1312 751 1350 ἀλλ’“’
738 1314 779 1351 ιν’
799 1315 922 1352 εκεῖνοι
942 1316 1076 1363 εἰδεῖεν,
1099 1317 1146 1358 εἷς

108 1370 184 1408 τίνα
206 1372 257 1408 δεῖ
272 1373 424 1422 χρῆσθαι
442 1375 511 1414 τοῖς
529 1370 716 1423 ἀργυρίοις.
737 1372 832 1424 Πρὸς
851 1372 908 1410 τὸν
929 1373 1144 1424 αἰτιώμενον,

108 1427 160 1465 ὅτι
178 1427 425 1489 Σωκράτους
404 1444 452 1466 ων
475 1428 632 1479 μαθητὴς
652 1428 810 1482 ἀργύριον
827 1429 1022 1479 λαμὸάνει·
1042 1448 1058 1465 κ
1076 1430 1146 1469 Καὶ

109 1486 225 1535 μάλα,
255 1503 271 1520 ›>
300 1491 391 1524 εἷπε·
414 1486 473 1523 καὶ
499 1486 566 1537 γὰρ
595 1486 785 1539 Σωκράτη,
811 1487 1021 1537 πεμπόντων
1050 1489 1145 1540 αὐτῷ

108 1560 210 1582 τινων
229 1560 288 1582 και
306 1550 398 1582 σῖτον
414 1544 474 1582 καὶ
489 1548 592 1591 οἶνον,
613 1544 711 1596 ὀλίγα
730 1545 958 1596 λαμὸάνοντα
979 1545 1022 1583 τὰ
1039 1546 1145 1584 λοιπὰ

110 1603 226 1640 ἀποπε
218 1602 348 1652 ’.μπειν
367 1603 383 1619 *
403 1602 577 1654 [’ὐτυχίδῃ
600 1602 635 1639 δὲ
654 1618 704 1655 τῳ
725 1603 971 1656 ἀργυρωνήτῳ.
993 1604 1147 1656 Ἐχρητο

110 1660 170 1698 καὶ
190 1659 296 1699 Λαΐδι
315 1663 357 1711 τῇ
375 1659 508 1713 ἑταίρᾳ.
528 1660 621 1713 Πρὸς
637 1657 694 1698 οὖν
710 1660 787 1705 τοὺς
806 1661 1044 1715 μεμφομένους
1062 1662 1145 1714 ἔφη·

108 1735 123 1751 «
142 1716 244 1770 Ἔχω
264 1715 401 1768 Λαίδα,
420 1718 498 1755 ἀλλ’
518 1719 580 1756 οὐκ
596 1718 744 1770 ἔχομαι,
765 1719 840 1757 ἐπεὶ
865 1720 904 1758 τὸ
925 1726 1063 1773 κρατεῖν
1088 1720 1148 1758 καὶ

109 1774 158 1824 μὴ
190 1778 362 1822 ἡττᾶσθαι
391 1776 519 1822 ἡδονῶν
550 1775 709 1828 ἄριστον,
738 1779 775 1815 οὐ
800 1776 838 1815 τὸ
865 1777 914 1828 μὴ
940 1781 1104 1830 χρῆσθαι.
1132 1796 1147 1813 »

108 1832 338 1884 Ἐρωτηθεὶς,
359 1832 435 1870 τίνα
456 1833 548 1871 ἐστὶν
570 1833 591 1871 ἃ
612 1836 662 1871 δεῖ
687 1834 778 1883 (τοὺς
795 1837 864 1885 D.)
882 1835 1007 1879 καλοὺς
1022 1837 1149 1879 παῖδας

107 1890 303 1940 μανθάνειν,
329 1890 412 1942 ἔφη·
439 1909 455 1924 «
472 1885 535 1934 Οἷς
563 1891 680 1943 ἄνδρες
704 1891 881 1943 γενόμενοι
907 1892 1109 1944 χρήσονται.
1132 1911 1148 1927 »

105 1948 213 1992 Τέλος
230 1948 265 1987 δὲ
283 1949 450 2001 ἀπέφαινε
467 1949 528 1996 τὴν
548 1949 644 1987 λείαν
662 1949 796 1997 κίνησιν
815 1953 862 1994 εἷς
881 1950 1040 1998 αἴσθησιν
1057 1953 1146 1989 ἀνα-

107 2006 301 2057 διδομένην.

160 2078 191 2103 5.
213 2064 427 2109 Ἀλεξῖνος
442 2068 459 2104 ὁ
481 2065 618 2109 Ἠλεῖος
638 2063 701 2104 διὰ
714 2065 753 2104 τὸ
765 2066 1041 2119 φιλονεικότατος
1058 2060 1145 2105 εἶναι

107 2122 304 2173 Ἐλεγξῖνος
321 2124 508 2170 ἐπεκλήθη.
534 2124 667 2163 Τοῦτόν
687 2140 806 2177 φασιν,
833 2128 880 2169 ὡς
898 2127 937 2164 ἐκ
953 2129 1013 2172 τ’ἥς
1033 2125 1145 2164 Ἤλι-

109 2181 164 2223 δος
179 2181 337 2220 ἀπελθὼν
358 2183 391 2219 ἐν
404 2181 589 2235 Ὀλυμπίᾳ
603 2183 820 2235 φιλοσοφοίη.
831 2185 911 2222 Τῶν
925 2182 959 2221 δὲ
977 2186 1141 2233 μαθητῶν

109 2240 214 2277 αὐτοῦ
231 2239 511 2290 πυνθανομένων,
531 2239 586 2278 διὰ
603 2240 635 2278 τί
653 2242 732 2292 τῇδε
749 2247 922 2292 κατοικεῖ,
940 2242 1046 2294 φάναι
1065 2241 1144 2293 βού-

107 2297 227 2334 λεσθαι
241 2297 371 2349 αἵρεσιν
387 2298 638 2345 συστήσασθαι,
652 2298 694 2344 ἣν
711 2298 963 2348 Ὀλυμπιακὴν
977 2298 1144 2344 κληθήσε·

111 2358 210 2392 σθαι·
229 2355 306 2398 τοὺς
327 2356 362 2393 δὲ
385 2356 444 2393 καὶ
464 2358 550 2407 [τοῖς
569 2359 656 2395 add.
672 2357 737 2407 D.]
755 2357 900 2409 ἐφοδίοις
925 2356 1145 2407 θλιὸομένους

107 2412 168 2450 καὶ
189 2412 227 2450 τὸ
246 2413 373 2465 χωρίον
395 2413 530 2464 νοσερὸν
553 2413 787 2463 καταγνόντας
809 2415 983 2461 ἀπελθεῖν,
1006 2415 1066 2452 καὶ
1085 2418 1143 2452 τοῦ

109 2470 229 2507 λοιποῦ
243 2470 429 2522 διατρίὸειν
444 2470 589 2523 [ἔρημον
605 2474 692 2510 add.
703 2472 767 2522 D.]
783 2471 948 2515 Ἀλεξῖνον
959 2472 1018 2510 σὺν
1030 2472 1144 2522 οἰκέτῃ

108 2526 224 2579 μόνῳ·
247 2527 366 2567 ἔπειτα
385 2527 502 2579 μέντοι
521 2529 710 2580 νηχόμενον
731 2531 765 2566 ἐν
785 2532 834 2581 τῷ
852 2529 996 2582 Ἀλφειῷ
1016 2533 1146 2581 νυχθῆ-

107 2600 164 2622 ναι
185 2585 354 2638 καλάμῳ,
385 2586 445 2624 καὶ
467 2586 594 2637 [οὕτως
617 2589 702 2624 add.
731 2588 793 2638 D.]
824 2587 1042 2634 τελευτῆσαι.
1074 2587 1146 2626 Καὶ

109 2642 201 2680 ἔστιν
219 2645 264 2686 εἷς
284 2643 384 2682 αὐτὸν
402 2644 628 2696 ἐπίγραμμα·

189 2725 256 2755 Οὐκ
270 2724 329 2764 ἄρα
344 2725 436 2764 μῦθος
449 2725 487 2764 ἦν
503 2726 617 2762 ἐκεῖνος
634 2726 748 2761 εἰκαῖος
758 2748 767 2764 ,

270 2772 311 2807 ὡς
325 2771 439 2812 ἀτυχής
457 2783 501 2808 τις
518 2772 576 2804 ἐὼν

186 2818 239 2848 τὸν
252 2818 333 2850 πόδα
345 2819 509 2859 κολυμὸῶν
522 2819 690 2860 περιέπειρέ
702 2829 769 2854 πως
779 2818 857 2858 ἥλῳ.

270 2865 329 2895 Καὶ
345 2865 404 2906 γὰρ
417 2866 434 2896 ὁ
449 2866 558 2906 σεμνὸς
574 2866 649 2906 ἀνὴρ
658 2889 667 2905 ,

186 2910 255 2950 πρὶν
272 2911 391 2951 Ἀλφεόν
407 2912 476 2942 ποτ’
490 2912 619 2952 ἐκπερᾶν
637 2912 778 2948 Ἀλεξῖνος

269 2957 392 2994 θνήσκει
408 2959 524 2998 νυχθεὶς
538 2959 682 2999 καλάμῳ.

158 3032 190 3058 6.
211 3019 503 3071 Ἀριστοτέλη
519 3021 575 3059 τὸν
595 3020 823 3073 Σταγειρίτην
841 3019 927 3072 φασὶ
943 3024 1075 3058 παιᾶνα
1096 3020 1143 3063 εἷς

106 3075 163 3113 τὸν
183 3077 325 3114 θλαδίαν
354 3078 519 3130 Ἑρμείαν
540 3079 752 3126 ποιήσαντα,
772 3078 806 3122 ὃς
825 3073 865 3125 ἦν
886 3080 990 3116 αὐτοῦ
1017 3080 1139 3115 πενθε-

962 240 1201 280 HESYCHII
1231 242 1423 283 MlLESII

1208 338 1399 370 soliditatem
1417 339 1567 380 produnt.
1581 354 1621 360 —
1641 340 1697 372 liic
1722 340 1754 372 in
1770 341 1909 373 Siciliam
1933 342 1975 374 ad
1987 343 2172 384 Dionysium
2190 353 2246 376 ve·

1205 399 1288 431 nisse
1303 399 1420 432 dicitur
1435 401 1474 432 ad
1493 402 1660 433 levandam
1676 404 1866 443 egestatem,
1885 405 1918 436 et
1935 413 1954 435 a
1975 404 2106 437 Platone
2123 405 2244 438 fastidi-

1209 463 1300 503 tum,
1327 463 1367 495 ab
1388 464 1547 506 Aristippo
1571 466 1666 498 ruisse
1689 467 1964 507 commendatum,
1989 477 2109 509 proque
2131 469 2247 502 oblatis

1203 517 1338 567 dialogis
1351 527 1472 568 aliquot
1483 528 1638 560 donatum
1650 530 1835 564 muneribus
1851 543 1858 562 :
1871 533 1979 571 postea
1993 531 2141 564 reducem
2155 532 2247 564 Athe-

1205 591 1254 623 nis
1265 600 1329 623 non
1341 599 1455 623 ausum
1471 592 1608 632 profiteri
1620 594 1758 634 publice,
1773 595 1913 627 Platonis
1922 597 1992 627 tum
2006 596 2122 628 celebri
2138 597 2221 628 fama
2237 609 2246 628 z

1205 655 1320 696 stipem
1339 657 1448 688 tamen
1473 656 1653 690 factitandis
1674 658 1804 699 privatis
1823 659 2011 692 lectionibus
2032 661 2181 700 coegisse.
2205 679 2246 687 —

1208 718 1356 759 Dialogos
1378 719 1462 752 illius
1484 720 1662 761 Aristippus
1681 731 1809 763 quoque
1825 727 1987 764 suspectos
2009 724 2120 757 habuit
2140 737 2148 756 :
2171 734 2244 757 nam
2264 740 2268 743 ¹

1209 791 1309 823 quum
1323 783 1458 824 Megaris
1470 792 1524 816 eos
1537 784 1671 816 lectione
1686 788 1813 826 praeiret
1822 787 1886 827 ille,
1899 787 2128 820 subsannatum
2143 789 2249 822 rerunt

1205 854 1243 877 ae
1261 845 1383 878 dixisse
1401 859 1408 878 z
1432 846 1525 879 Unde
1538 848 1594 879 tibi
1617 848 1695 888 ista,
1707 849 1875 890 plagiarie?
1897 851 1908 890 (
1922 852 1953 882 E
1969 853 2114 891 Dioqene
2131 854 2177 892 ll,
2193 857 2247 884 60.

1207 913 1259 942 οι.
1274 910 1346 950 62.)

1246 975 1442 1014 Aristippus
1470 976 1645 1015 Cyrenaeus
1676 977 1856 1017 voluptates
1887 978 2068 1010 sectabatur
2098 979 2246 1020 quidem,

1206 1021 1316 1054 labore
1332 1024 1441 1055 tamen
1459 1025 1631 1064 quaerenda
1647 1034 1665 1057 e
1690 1026 1784 1058 rebus
1808 1026 1991 1058 absentibus
2014 1027 2249 1060 oblectamenta

1205 1080 1270 1103 non
1298 1073 1475 1104 venabatur
1499 1083 1588 1114 :qua
1611 1075 1651 1107 de
1675 1084 1772 1107 causa
1791 1076 1913 1115 regium
1937 1084 2048 1108 canem
2066 1078 2247 1118 appellabat

1205 1130 1279 1153 eum
1303 1123 1459 1162 Diogenes
1478 1124 1600 1165 (Dioy.
1626 1127 1673 1161 11,
1699 1126 1773 1166 66).
1792 1127 2024 1166 interrogatus,
2047 1136 2112 1167 quo
2141 1129 2248 1160 excel-

1205 1170 1304 1204 lerent
1317 1173 1514 1214 philosophi,
1528 1175 1708 1215 respondit:
1723 1175 1815 1212 Quod
1829 1175 1938 1207 eadem
1949 1184 2014 1216 qua
2028 1185 2115 1208 nunc
2126 1178 2248 1211 ratione

1206 1221 1404 1262 viveremus,
1438 1223 1464 1254 si
1495 1223 1578 1263 leges
1618 1233 1728 1256 omnes
1755 1225 1957 1257 abolerentur
1985 1226 1996 1266 (
2014 1229 2054 1258 D.
2085 1229 2142 1266 11,
2172 1228 2244 1268 68).

1205 1272 1316 1304 Aiebat
1344 1281 1364 1304 a
1388 1273 1597 1306 familiaribus
1623 1283 1657 1306 se
1692 1275 1859 1314 pecuniam
1895 1276 2055 1316 accipere,
2088 1285 2153 1308 non
2182 1286 2248 1318 quo

1205 1322 1270 1362 ipse
1297 1323 1453 1363 uteretur,
1475 1323 1530 1355 sed
1549 1325 1585 1355 ut
1602 1324 1647 1355 illi
1663 1324 1820 1357 discerent
1853 1325 1885 1356 in
1907 1334 1988 1365 quos
2017 1335 2094 1358 usus
2117 1329 2246 1367 argento

1206 1373 1252 1404 uti
1270 1373 1438 1405 conveniat
1459 1374 1522 1413 (D.
1539 1376 1586 1414 II,
1601 1377 1639 1407 72
1653 1375 1728 1415 ).—-
1741 1375 1928 1407 criminanti
1947 1375 2093 1416 cuidam,
2113 1385 2169 1408 cur
2181 1376 2247 1416 ipse

1206 1432 1289 1454 unus
1312 1432 1330 1454 e
1346 1424 1489 1455 Socratis
1504 1423 1666 1465 discipulis
1687 1425 1854 1465 pecuniam
1869 1426 2048 1466 acciperet:
2072 1439 2087 1454 «ι
2109 1426 2245 1466 Quidni,

1206 1469 1321 1509 inquit,
1330 1478 1488 1510 caperem,
1500 1471 1658 1510 siquidem
1669 1473 1823 1508 Socrates,
1835 1481 1935 1511 quum
1949 1471 2093 1504 nonnulli
2105 1473 2246 1504 frumen·

1205 1520 1274 1550 tum
1285 1527 1322 1550 ac
1334 1520 1445 1551 vinum
1456 1520 1514 1560 ipsi
1532 1522 1711 1560 mitterent,
1729 1521 1838 1561 paucis
1858 1522 1916 1553 sibi
1932 1522 2117 1560 reservatis,
2134 1522 2246 1554 remit-

1205 1570 1294 1601 tebat
1307 1570 1439 1610 reliqua.
1458 1571 1594 1603 Habuit
1610 1573 1697 1603 em‘m
1713 1571 1772 1603 ille
1793 1573 1980 1612 penuarios
1991 1571 2246 1604 Atheniensium

1205 1620 1395 1658 principes,
1421 1627 1479 1659 eqo
1496 1621 1614 1651 aulem
1636 1619 1847 1659 Eutychidem
1864 1620 2043 1660 emptitium
2068 1629 2208 1652 servum.
2228 1634 2243 1648 »

1206 1666 1294 1698 Idem
1316 1668 1348 1698 et
1363 1667 1465 1698 amica
1480 1667 1575 1699 Laide
1599 1668 1759 1707 utebatur,
1774 1670 1966 1708 quapropter
1983 1668 2024 1699 ad
2044 1668 2244 1708 objicientem

1206 1715 1249 1746 illi
1264 1715 1367 1747 Laidis
1383 1725 1525 1756 amores,
1544 1729 1559 1743 «
1579 1717 1705 1754 Habeo,
1722 1717 1843 1757 inquit,
1861 1717 1988 1748 Laidem
2002 1741 2010 1757 ,
2025 1726 2089 1748 non
2104 1717 2221 1750 habeor
2236 1732 2244 1750 :

1206 1772 1280 1795 nam
1294 1764 1421 1796 vincere
1439 1765 1619 1805 voluptates
1631 1774 1734 1805 neque
1750 1766 1871 1797 servire
1884 1766 1922 1797 iis
1934 1767 2004 1798 laus
2016 1768 2074 1805 est,
2092 1776 2155 1798 non
2171 1776 2246 1799 vero

1207 1821 1334 1852 prorsus
1346 1813 1386 1844 ab
1400 1813 1438 1844 iis
1450 1813 1606 1844 abstinere
1621 1826 1636 1840 υ
1652 1815 1661 1851 (
1675 1816 1713 1844 D.
1730 1816 1773 1849 II,
1790 1816 1840 1852 74,
1856 1814 1925 1854 75).
1939 1816 2244 1855 lnterrogatus‚quae

1208 1861 1390 1894 liberalibus
1416 1862 1521 1902 pueris
1541 1862 1604 1893 sint
1628 1861 1795 1900 discenda,
1826 1862 1986 1902 respondit
2004 1873 2011 1894 :
2028 1876 2043 1890 α
2069 1865 2149 1900 Quae
2169 1864 2244 1896 viris

1207 1908 1278 1940 usui
1289 1909 1397 1940 sutura
1407 1910 1481 1940 sunt
1496 1922 1510 1936 »ι
1521 1909 1531 1948 (
1543 1911 1581 1940 D.
1597 1911 1643 1944 Il,
1656 1909 1729 1949 80).
1739 1909 1849 1940 Finem
1861 1910 1871 1949 (
1881 1909 2060 1949 bonorum)
2075 1910 2244 1942 definiebat

1208 1963 1275 1987 esse
1291 1955 1454 1996 placidum
1466 1957 1498 1988 et
1514 1956 1703 1996 aequabilem
1715 1957 1857 1995 motum,
1873 1956 1929 1997 qui
1947 1957 1979 1988 in
1995 1965 2104 1989 sensus
2124 1957 2244 1989 diffun-

1207 2013 1302 2044 datur
1317 2013 1385 2054 (D.
1403 2015 1452 2052 11,
1467 2013 1537 2053 86).

1249 2074 1279 2103 5.
1306 2071 1471 2103 Alexinus
1494 2071 1587 2103 Eleus
1611 2071 1652 2103 ob
1676 2071 1811 2103 nimium
1837 2071 2008 2104 altercandi
2031 2073 2244 2115 arguendique

1206 2129 1349 2162 studium
1365 2138 1443 2162 voce
1452 2129 1599 2161 allusoria
1607 2129 1786 2170 Ἐλεγξῖνος,
1804 2130 1893 2170 quasi
1908 2131 2070 2170 argutator
2086 2133 2142 2163 aut
2151 2131 2242 2163 alter-

1207 2190 1305 2228 cator,
1331 2188 1435 2220 dictus
1462 2188 1532 2220 ruit.
1557 2188 1652 2220 Aiunt
1672 2188 1758 2219 hunc
1778 2198 1815 2220 ex
1833 2189 1922 2221 Elide
1941 2189 2123 2230 Olympiam
2139 2190 2243 2233 immi-

1205 2255 1321 2287 grasse,
1330 2245 1437 2286 ibique
1446 2246 1677 2287 philosophiam
1686 2247 1973 2287 coepisseproliteri.
1986 2247 2241 2280 sciscitantibus·

1206 2313 1269 2345 que
1296 2304 1458 2345 discipulis
1486 2313 1544 2336 cur
1572 2304 1615 2336 ibi
1643 2305 1750 2337 sedem
1788 2306 1942 2345 cepisset,
1970 2305 2167 2346 respondisse
2178 2329 2188 2346 ‚
2206 2307 2239 2338 in

1206 2362 1313 2394 animo
1337 2371 1405 2395 esse
1428 2363 1487 2395 sibi
1509 2363 1628 2395 sectam
1650 2351 1805 2403 condere,
1825 2372 1898 2404 quae
1913 2364 2098 2404 Olympiaca
2113 2373 2239 2396 vocare·

1207 2424 1258 2452 tur
1283 2434 1290 2452 :
1307 2422 1340 2453 at
1360 2421 1431 2456 illos
1446 2421 1551 2453 viatici
1568 2422 1673 2462 inopia
1689 2421 1840 2462 afflictos,
1854 2423 1886 2454 et
1904 2422 2008 2454 locum
2022 2422 2241 2455 insalubritate

1205 2478 1354 2510 infamem
1371 2487 1495 2518 exosos,
1520 2478 1707 2519 discessisse,
1724 2479 1765 2511 ab
1789 2488 1890 2520 eoque
1905 2478 2048 2520 tempore
2070 2480 2239 2512 Alexinum

1205 2537 1308 2567 solum
1327 2545 1401 2568 cum
1418 2537 1535 2568 famulo
1561 2536 1605 2568 ibi
1630 2537 1817 2569 substitisse.
1836 2533 1952 2570 Fertur
1969 2539 2096 2579 postea,
2112 2538 2189 2571 dum
2207 2541 2238 2571 in

1206 2595 1327 2635 Alpheo
1342 2603 1436 2626 amne
1454 2596 1554 2634 natat,
1571 2595 1736 2626 arundinis
1748 2594 1877 2635 cuspide
1892 2595 2015 2634 laesum,
2033 2597 2166 2628 mortem
2183 2604 2238 2636 op-

1205 2653 1339 2692 petiisse.
1355 2654 1465 2684 Exstat
1478 2653 1510 2683 in
1523 2653 1614 2684 illum
1628 2652 1810 2693 huJusmodi
1823 2653 2036 2693 epigramma:

1275 2762 1299 2788 N
1302 2767 1341 2788 on
1358 2760 1408 2788 illa
1421 2762 1484 2788 erat
1497 2759 1601 2788 tabella
1613 2767 1685 2789 vero
1702 2761 1833 2793 dissona,

1274 2813 1362 2841 Clavo
1375 2812 1454 2848 quod
1474 2813 1777 2848 urinatorimpactum
1791 2812 1896 2848 pedem

1273 2864 1455 2896 Oblaederet:
1471 2871 1540 2892 nam
1550 2871 1645 2892 canna
1658 2867 1744 2892 acuta
1752 2865 1868 2892 saucius

1273 2919 1400 2951 Mortem
1411 2916 1525 2952 oppetit
1534 2916 1673 2944 Alexinus
1682 2916 1827 2951 Alpheum
1838 2917 1975 2945 innatans
1987 2917 1996 2952 (
2008 2918 2053 2952 II,
2070 2918 2133 2953 ⁴09,
2150 2919 2235 2954 ltu).

1244 3027 1274 3054 6.
1286 3021 1484 3055 Aristoteles
1510 3021 1672 3061 Stagirites
1684 3022 1880 3052 memoratur
1898 3029 2007 3060 paeana
2021 3021 2179 3062 scripsisse
2194 3023 2237 3054 ad

1203 3081 1365 3112 Hermiam
1389 3079 1590 3118 eunuchum,
1607 3087 1751 3110 socerum
1769 3086 1862 3109 suum
1873 3101 1881 3116 ,
1895 3085 1994 3117 eaque
2010 3077 2050 3109 de
2062 3086 2172 3110 caussa
2181 3078 2234 3118 Ju-

146 3193 166 3233 §
187 3195 219 3225 4.
233 3194 299 3231 τὰς
317 3196 430 3232 ἡδον
418 3208 459 3232 ας
476 3197 543 3237 μὲν
560 3196 802 3238 μετεδίωκε]
821 3197 908 3236 Diog.
922 3198 969 3235 ll,
987 3200 1052 3228 66:
1071 3195 1215 3227 Ἀπέλαυε
1231 3194 1284 3235 μὲν
1301 3193 1359 3249 γὰρ
1371 3193 1479 3231 ἡδονῆς
1495 3195 1555 3223 τῶν
1568 3192 1739 3233 παρόντων,
1754 3192 1810 3223 οὐκ
1832 3191 1925 3230 ἐθήρα
1943 3191 1974 3222 δὲ
1986 3191 2072 3231 πόνῳ
2085 3193 2139 3229 τήν
2153 3193 2232 3224 ἀπό-

106 3238 215 3270 λαυσιν
228 3243 290 3270 τῶν
309 3242 346 3272 οὐ
364 3242 535 3281 παρόντων.
557 3242 669 3273 suidas
683 3251 716 3273 v.
735 3242 767 3273 ’A
779 3242 1014 3283 ρίστιπποςι
1033 3243 1094 3274 Καὶ
1115 3245 1177 3272 τῶν
1196 3241 1249 3281 μὲν
1266 3240 1431 3286 παρόντων
1453 3239 1586 3270 ἀπέλαυε
1601 3241 1653 3270 καὶ
1669 3239 1779 3276 ἡδονὴν
1799 3238 1982 3278 μετεδίωκε,
2001 3239 2087 3278 πόνῳ
2103 3239 2135 3270 δὲ
2151 3239 2230 3271 ἀπό-

105 3286 213 3317 λαυσιν
229 3287 371 3327 οὐδεμίαν
391 3288 482 3327 ἐθήρα
494 3292 554 3319 τῶν
568 3289 604 3319 οὐ
628 3289 799 3329 παρόντων.
826 3291 863 3320 In
880 3289 928 3320 his
952 3289 1105 3329 integrius
1122 3271 1273 3328 Hesychii
1292 3294 1371 3326 opus
1387 3275 1604 3325 agnoscimus;
1630 3294 1668 3316 ac
1684 3285 1804 3324 reliqua
1827 3293 1954 3324 quoque
1979 3283 2148 3323 Suidiana‚
2166 3293 2230 3316 non

106 3341 124 3363 e
141 3332 278 3371 Diogene
296 3333 350 3364 sed
366 3343 384 3365 e
401 3335 508 3366 Nostri
523 3335 639 3366 Lexico
653 3334 821 3375 desumpta
833 3343 900 3366 esse
909 3334 981 3374 Jure
993 3336 1173 3367 statuimus.
1189 3351 1230 3358 —
1247 3332 1439 3374 Εὐτυχίδῃ
1459 3333 1491 3364 δὲ
1503 3335 1548 3373 τῷ
1564 3332 1631 3373 ἀργ.
1641 3331 1652 3372 ]
1668 3334 1743 3364 Haec
1758 3331 1914 3362 debentur
1927 3331 2118 3370 excerptoris
2131 3332 2228 3370 negli-

106 3378 231 3432 gentive.
261 3380 382 3411 Etenim
408 3381 561 3419 Diogenes
583 3382 653 3420 post
671 3389 702 3412 v.
722 3381 916 3422 ἀποπέμπειν
941 3383 1066 3424 pergit:
1086 3395 1101 3411 «
1122 3383 1186 3423 εἶχε
1208 3381 1265 3422 γὰρ
1282 3379 1393 3421 ταμίας
1408 3379 1477 3415 τοὺς
1493 3379 1631 3420 πρώτους
1653 3382 1714 3410 τῶν
1737 3376 1913 3416 Ἀθηναίων
1933 3377 1993 3416 ἐγὼ
2015 3376 2042 3407 δ’
2058 3377 2227 3418 Εὗτυχῑδη*

107 3423 328 3465 ἀργυρώνητον.
349 3440 362 3454 υ
382 3427 511 3467 Ἐχρῆτο
527 3428 578 3458 καὶ
594 3429 632 3458 Α.
653 3427 717 3458 κτ).
