2372 3704
120 239 195 274 336

114 307 234 358 ἔγκυος
247 307 415 359 γενομένη
427 307 603 361 ἄπέδρασε
617 310 678 356 τῆς
694 306 777 352 νεὼς
793 307 853 346 καὶ
866 306 1041 358 νηξαμένη
1057 302 1158 355 ἦλθεν

114 367 161 410 εἷς
181 366 350 414 Μίλητον.
371 366 465 418 Ἐγὼ
485 366 522 405 δὲ
541 366 731 415 ὠνηθεῒσάν
752 382 843 420 φημι
870 365 968 418 παρὰ
995 366 1160 419 Πριάμου

118 424 358 476 βασιλεύοντος
376 428 438 473 τῆς
466 425 630 472 Μιλήτου
659 424 836 478 Ἀρίωνος,
855 423 891 469 ὃς
910 424 1018 472 αὐτὴν
1039 426 1074 462 ἐν
1095 423 1159 477 ὕλῃ

115 482 358 534 κεκρυμμένην
372 482 480 536 εὑρὼν
497 483 654 532 διέσωσε,
672 483 732 522 καὶ
749 483 806 522 τὸν
826 482 860 527 ἐξ
877 483 983 529 αὐτῆς
996 482 1161 534 τεχθέντα

115 539 186 578 υἱὸν
206 540 423 592 Τράμὸηλον
460 542 631 589 κληθέντα
661 541 845 594 ἀνέθρεψεν
865 543 911 586 ὣς
928 540 1014 579 ἴδιον
1033 541 1158 580 παῖδα.

114 600 189 645 Τῆς
205 599 234 636 δ’
263 598 322 637 ἐπὶ
339 598 446 639 Ἴλιον
475 599 659 653 στρατείας
676 599 879 651 γενομένης,
912 597 1088 651 Ἀχιλλεὺς
1114 599 1162 641 εἷς

116 656 275 703 Μιλητον
296 657 527 709 παρεγένετο,
547 658 608 697 καὶ
627 658 686 697 τὸν
707 657 924 710 Τράμὸηλον
951 655 1160 694 ἀντιστάντα

117 715 243 754 ἀνεῖλε.
265 716 465 766 Θαυμάσας
485 715 521 754 δὲ
537 715 599 763 τὴν
624 716 783 770 ἀνδρείαν
805 717 909 754 αὐτου
923 745 935 767 ,
961 714 1021 752 καὶ
1041 713 1160 765 μαθων

116 774 328 823 Τελαμῶνος
348 777 435 812 εῖναι
454 774 525 812 υἱὸν
529 775 672 828 ,ἔθαψεν
694 774 811 825 αυτὸν,
825 773 1037 825 δακρύσαςε
1019 788 1066 815 ως
1079 786 1161 822 συγ·

115 833 212 880 γενῆ.
241 834 308 868 His
327 833 426 869 adde
454 846 537 882 quae
570 847 617 870 ex
646 834 868 871 Aristobulo
900 832 1163 869 Cassandrensi

120 890 184 939 (fr.
210 890 231 927 3
244 917 254 936 ,
275 904 314 939 p.
335 903 383 939 97
403 892 444 926 in
462 892 616 941 Scriptt.
642 893 749 930 Alex.
770 891 842 939 Μ.)
862 891 1062 927 Athenaeus
1087 890 1158 939 (II,

116 960 158 997 p.
181 948 246 994 43,
267 949 313 995 Β)
333 957 463 985 narrat
491 949 539 985 de
558 950 729 986 Achilleo
755 949 875 984 Mileti
895 948 1018 992 fonte,
1040 945 1100 998 ἀφ’
1120 941 1162 994 ἧς

53 1000 59 1005 “
121 1004 338 1057 (κρήνης)οἱ
357 1004 526 1052 Μιλήσιοι
539 1004 791 1058 περιράνασθαί
804 1019 889 1056 φασι
908 1003 966 1042 τὸν
981 1002 1093 1056 ἥρωα,
1103 1002 1161 1042 ὅτε

117 1063 296 1102 ἀπέκτεινε
312 1063 528 1116 Τράμὸηλον
543 1063 600 1102 τὸν
610 1066 678 1102 τῶν
691 1062 853 1114 Λελέγων
870 1062 1029 1115 βασιλέα.

618 1152 655 1188 3.

171 1228 313 1264 Plinius
332 1229 382 1266 Η.
403 1229 452 1266 Ν.
476 1229 523 1274 V,
544 1227 591 1275 37
613 1239 622 1266 2
645 1229 770 1264 Ionioe
799 1241 869 1264 ora
892 1226 1052 1265 habet...
1083 1226 1156 1262 Sa-

120 1299 227 1322 mon:
252 1287 498 1322 Partheniam
514 1290 675 1335 primum
700 1288 932 1335 appellatam
951 1286 1164 1321 Aristoteles

118 1346 246 1389 tradit,
285 1353 417 1393 postea
449 1347 634 1392 Dryusam
648 1372 660 1389 ‚
701 1346 835 1380 deinde
864 1345 1155 1388 Anthemusam,

119 1405 354 1439 Aristocritus
367 1405 499 1450 adjicit
515 1403 834 1452 Melamphyllum
844 1430 856 1447 ,
873 1404 960 1439 dein
987 1404 1165 1451 Cyparis-

118 1467 210 1499 siam
237 1477 247 1499 .·
268 1466 335 1499 alii
364 1464 726 1508 Parthenoarusam‚
752 1464 983 1513 Stephauen.
1008 1463 1063 1502 Cf.
1093 1464 1164 1498 Pa-

117 1519 233 1558 nossffl
252 1523 326 1558 Res
347 1522 447 1559 Sam.
463 1535 502 1571 p.
518 1521 540 1558 8
561 1535 644 1571 sqq.

621 1631 658 1670 4.

117 1712 183 1750 TA
217 1712 357 1750 ΠΡΟΣ
392 1711 806 1809 ΗΡΑΚΛΕὲΙῗξΡΟΝ
840 1711 1161 1751 ΑΝΤΙΔΟΞΟΥ-

560 1772 598 1808 Μ
707 1800 716 1810 .

173 1857 343 1893 Clemens
358 1857 463 1894 Alex.
478 1857 616 1894 Strom.
632 1859 678 1903 V,
693 1870 732 1906 p.
748 1858 837 1904 239,
856 1855 901 1894 51
926 1870 935 1894 ε
955 1855 1166 1909 Ἀριστόκρι-

120 1929 176 1956 τος
205 1912 233 1950 δ’
254 1914 288 1951 ἐν
309 1916 351 1966 τῇ
372 1913 494 1966 πρώτῃ
517 1916 586 1952 τῶν
607 1913 695 1966 πρὸς
723 1913 1009 1967 Ἡρακλεόδωρον
1034 1916 1166 1953 ἀντιδο-

120 1970 293 2021 ξουμένων
323 1969 498 2021 μέμνηταί
529 1987 617 2015 τινος
646 1973 830 2018 ἐπιστολῆς
860 1971 968 2015 οὕτως
1002 1972 1164 2024 ἐχούσης·

121 2047 136 2063 α
149 2028 317 2073 Βασιλεὺς
331 2031 475 2069 Σκυθῶν
496 2029 629 2074 Ἀτοίας
643 2030 840 2076 Βυζαντίων
860 2030 1060 2083 δήμῳξΜὴ
1083 2031 1168 2083 βλά-

118 2103 223 2126 πτετε
252 2087 442 2139 προσόδους
479 2088 583 2139 ἐμὰς,
601 2088 658 2127 ἵνα
690 2088 739 2140 μὴ
760 2088 838 2140 ἐμοὶ
868 2086 972 2127 ἵπποι
1002 2088 1167 2142 ὑμέτερον

120 2145 213 2198 ὕδωρ
233 2145 354 2186 πίωσι.
378 2164 394 2180 2³
415 2145 646 2195 Συμὸολικῶς
664 2146 732 2199 γὰρ
746 2149 764 2185 ὁ
798 2146 974 2200 βάρδαρος
1002 2147 1059 2185 τὸν
1079 2146 1166 2198 μέλ-

118 2206 223 2244 λοντα
241 2204 393 2254 πόλεμον
412 2206 529 2249 αὐτοῖς
546 2204 735 2255 ἐπάγεσθαι
754 2205 1020 2257 παρεδήλωσεν.

173 2263 308 2306 Ἀτοίας
318 2263 333 2313 ]
344 2262 461 2307 Ἀτέας
473 2265 663 2301 Plutarch.
676 2266 735 2301 An
745 2265 823 2300 seni
835 2277 914 2313 ger.
933 2277 1079 2314 resp.p.
1094 2277 1167 2313 792

119 2323 160 2360 C.
184 2321 250 2371 (p.
278 2322 395 2370 968‚1
421 2322 539 2372 Did.)
567 2330 604 2358 et
622 2324 709 2359 Non
735 2323 869 2360 suavit.
890 2323 969 2358 vivi
993 2335 1066 2359 sec.
1092 2323 1164 2371 Ep.

118 2394 160 2429 p.
182 2379 296 2428 1095,
316 2382 344 2416 F
365 2379 427 2431 (p.
453 2381 548 2425 1341
565 2409 575 2426 ,
597 2394 642 2417 21
665 2380 799 2430 Did.)‚
818 2381 975 2418 Lucian.
994 2381 1166 2419 Macrob.

120 2451 154 2476 c.
178 2451 238 2484 10,
255 2451 294 2486 p.
312 2438 384 2481 641
401 2439 490 2477 Did.
509 2439 563 2477 Cf.
587 2440 760 2476 Frontin.
785 2441 896 2478 Strat.
915 2441 964 2486 II,
990 2443 1026 2486 4,
1048 2452 1112 2477 20.

625 2519 664 2555 5.

172 2594 303 2631 Schol.
325 2593 517 2642 Aristoph.
538 2588 658 2643 Vesp.
683 2594 758 2637 846
777 2607 785 2630 :
806 2590 911 2632 Ἔστι
932 2593 966 2631 δὲ
984 2592 1169 2644 παροιμία,

120 2651 192 2703 ἀφ’
209 2649 379 2693 (Εστίας
397 2650 545 2703 ἄρχου.
567 2653 687 2690 Μῦθον
708 2650 743 2688 δὲ
764 2651 948 2697 συνέθηκεν
968 2650 1167 2702 Ἀριστό-

120 2724 268 2759 κριτος
284 2707 392 2752 οὕτως
411 2708 535 2760 ἔχοντα
548 2721 558 2730 ·
581 2708 669 2760 μετὰ
687 2708 754 2761 γὰρ
776 2709 815 2747 τὸ
841 2710 1078 2755 καταλυθῆναι
1102 2708 1167 2756 τὴν

126 2768 194 2804 τῶν
215 2766 376 2805 Τιτάνων
396 2765 520 2819 ἀρχὴν,
538 2766 596 2806 τὸν
612 2767 679 2807 Δία
693 2767 876 2818 δεξάμενον
891 2766 953 2814 τὴν
979 2766 1161 2819 βασιλείαν

625 2893 662 2924 4.

163 2964 387 2996 Aristocritus'
379 2974 411 2996 in
424 2965 527 3005 primo
542 2965 623 2998 libro
639 2974 769 3006 eorum,
787 2974 860 3017 qpae
877 2967 989 2998 contra
999 2964 1167 2997 Heracleo-

121 3015 237 3047 dorum
251 3015 406 3055 disputat,
430 3016 595 3056 epistolam
617 3018 870 3056 commemorat,
891 3026 965 3058 quae
979 3017 1022 3048 ita
1035 3016 1165 3048 habet.

130 3070 229 3100 Rex
255 3068 446 3108 scytharum
474 3069 590 3101 Atheas
619 3070 869 3110 Byzantinorum
906 3069 1034 3110 populo.
1063 3069 1168 3101 Nolite

121 3081 276 3152 damnum
304 3120 419 3152 inferre
445 3121 597 3153 reditibus
612 3123 708 3162 meis,
730 3132 771 3155 ne
786 3123 862 3163 equi
878 3123 941 3154 mei
964 3123 1103 3154 vestram
1119 3122 1167 3152 hi-

122 3172 200 3203 bant
218 3180 348 3211 aquam.
367 3183 383 3198 ³1
403 3172 530 3203 Etenim
551 3174 728 3213 symbolice
753 3174 909 3206 barbarus
925 3173 1044 3206 bellum
1057 3196 1066 3213 ‚
1081 3172 1166 3214 quod

124 3223 275 3256 illaturus
287 3223 326 3255 iis
341 3223 395 3263 sit,
409 3224 608 3264 significavit.

628 3297 663 3330 5.

166 3366 376 3400 proverbium
389 3368 437 3400 est
454 3380 462 3399 :
480 3370 506 3400 Α
522 3370 620 3401 Vesta
633 3368 783 3402 ordiare.
801 3369 954 3402 Fabulam
968 3378 1044 3402 vero
1055 3369 1167 3402 Aristo·

125 3420 224 3452 critus
237 3420 416 3460 composuit
432 3420 515 3452 hanc
532 3433 539 3452 :
562 3421 632 3453 Post
645 3420 848 3461 dissolutum,
869 3421 925 3462 ait,
949 3421 1099 3455 Titanum
1113 3421 1167 3453 im·

1023 221 1383 270 ARISTOMENIS,

1223 310 1422 364 ἐπιτρέπειν
1442 310 1566 363 Ἑστίᾳ
1579 311 1698 350 λαὸεἷν
1711 310 1732 349 δ’
1745 327 1778 350 τι
1793 311 1962 363 βούλοιτο.
1981 311 2056 360 Τὴν
2073 312 2110 352 δὲ
2129 316 2265 367 πρῶτον

1225 367 1287 418 μὲν
1303 368 1491 421 παρθενίαν
1505 371 1660 417 αἰτῆσαι,
1679 369 1767 420 μετὰ
1782 369 1816 408 δὲ
1830 370 1889 417 τὴν
1901 371 2087 422 παρθενίαν
2099 373 2264 426 ἀπαρχὰς

1226 426 1398 476 θυομένων
1422 429 1511 479 αὑτῇ
1531 426 1696 478 νέμεσθαι
1714 427 1837 480 πρώτῃ
1857 427 1954 480 παρὰ
1974 430 2042 466 τῶν
2062 429 2263 482 ἀνθρώπων,

1275 488 1333 522 De
1369 487 1579 536 proverbio
1623 488 1743 524 multa
1782 489 1967 537 congessit
1998 489 2176 527 Leutsch.
2217 489 2267 526 ad

1227 544 1372 581 Zenob.
1400 546 1511 595 Ῑ,4ο.

1643 674 1851 690 ⁴000*-

1479 757 2008 822 ARISTOMENES.

1284 876 1412 914 Schol.
1433 877 1564 926 Apoll.
1584 878 1660 916 Rh.
1677 876 1710 924 Ι,
1731 878 1803 921 164
1833 891 1842 914 :
1861 875 2062 929 Λυκούργου
2082 877 2142 916 καὶ
2161 876 2270 917 Ἀντι-

1224 931 1305 978 νόης
1325 931 1483 984 ’Λγκαῖος
1498 932 1558 971 καὶ
1574 932 1754 986 Ἐπίοχος.
1771 935 1928 984 Τιμᾶται
1943 934 1980 972 δὲ
1994 935 2078 986 παρ’
2093 934 2270 988 Ἀρκάσιν,

1224 989 1270 1034 ὥς
1289 1006 1394 1044 φησιν
1414 990 1674 1044 Ἀριστομένης.
1698 991 1918 1045 Μνημονεύει
1933 992 1994 1030 καὶ
2013 991 2174 1047 εΌμηρος
2189 993 2269 1032 τού·-

1225 1064 1286 1087 του
1310 1052 1372 1087 τοῦ
1388 1049 1590 1102 Λυκούργου
1611 1050 1676 1101 (11.
1697 1064 1734 1097 η,
1761 1050 1885 1102 144)...
1907 1050 1968 1088 καὶ
1993 1050 2115 1102 ἄγεται
2135 1052 2270 1102 μωλεία

1225 1106 1326 1160 ἑορτὴ
1343 1111 1428 1159 παρ’
1448 1107 1624 1159 Ἀρκάσιν,
1655 1106 1773 1155 ἐπειδὴ
1790 1110 1990 1160 Λυκουργος
2002 1108 2156 1161 λοχήσας
2175 1109 2270 1150 κατὰ

1225 1166 1287 1213 τὴν
1306 1167 1425 1219 μάχην
1443 1161 1531 1204 εἷλεν
1545 1165 1816 1219 Ἐρευθαλίωνα.
1836 1168 1965 1210 Μῶλος
1977 1166 2014 1205 δὲ
2026 1170 2048 1214 ἡ
2070 1167 2184 1220 μάχη.

1279 1223 1496 1277 Ἔπίοχος]”
1500 1227 1639 1276 Εποχος
1655 1225 1973 1274 Apollodor.111,
1991 1238 2032 1274 9,
2045 1239 2084 1272 2,
2111 1238 2148 1261 1·
2139 1254 2149 1272 ‚
2169 1228 2271 1264 Pau-

1225 1297 1303 1320 san.
1324 1287 1369 1330 V,
1386 1284 1425 1330 5,
1452 1289 1490 1328 4.
1513 1285 1617 1330 VIII,
1638 1287 1677 1330 4,
1705 1297 1742 1330 7.
1768 1283 1890 1320 Iidem
1913 1283 1957 1320 de
1974 1285 2102 1320 matris
2117 1286 2272 1323 nomine

1225 1344 1332 1379 aliter
1349 1350 1532 1381 statuunt.
1546 1364 1597 1371 —
1612 1344 1685 1378 Pro
1700 1342 1969 1378 Ereuthalione
1988 1342 2172 1379 dicendus
2193 1351 2274 1380 erat

1224 1401 1431 1438 Areithous.
1447 1401 1541 1438 Vide
1569 1402 1725 1438 Homer.
1751 1401 1778 1438 l.
1799 1401 2084 1450 13Pherecydes
2112 1401 2160 1438 fr.
2197 1401 2269 1448 87;

1225 1461 1427 1496 Pausanias
1457 1460 1497 1497 Il.
1523 1460 1562 1496 ll.
1598 1459 1846 1495 Ereuthalion
1876 1466 1957 1495 erat
1973 1460 2135 1508 armiger
2159 1461 2272 1496 Arei-

1226 1520 1329 1565 th0i3
1348 1527 1482 1568 postea
1501 1530 1524 1554 a
1540 1519 1698 1554 Nestore
1715 1517 1945 1555 interfectus.
1968 1519 2014 1556 V.
2031 1519 2187 1554 Ariaethi
2203 1520 2270 1556 Te·

1226 1585 1340 1626 geatae
1359 1578 1404 1615 fr.
1422 1590 1457 1613 2.
1470 1598 1521 1604 -
1540 1576 1685 1621 Μῶλος]
1703 1576 1755 1613 Cf.
1773 1577 1896 1611 Molus
1908 1575 2007 1611 filius
2024 1582 2061 1612 et
2075 1577 2179 1612 Mola
2194 1576 2273 1614 filia

1227 1637 1357 1673 Martis
1373 1648 1434 1684 ap.
1452 1634 1679 1684 Apollodor.
1697 1635 1727 1680 I,
1740 1647 1777 1680 7,
1791 1647 1827 1680 7,
1839 1634 1859 1669 3
1870 1641 1906 1670 et
1915 1635 1959 1670 A.
1977 1634 2069 1671 Gell.
2081 1635 2196 1684 XIII,
2207 1648 2270 1674 21.

1280 1695 1452 1730 Ceterum
1472 1694 1539 1741 qui
1564 1694 1612 1728 sit
1638 1693 1911 1739 Aristomenes,
1938 1699 1975 1728 et
1993 1705 2085 1728 num
2108 1701 2211 1730 recte
2234 1706 2273 1730 se

1227 1764 1368 1788 nomen
1398 1752 1540 1787 habeat
1567 1762 1706 1799 parum
1738 1751 1872 1798 liquet.
1898 1750 2063 1798 Cogitari
2090 1752 2206 1799 possit
2226 1752 2273 1788 de

1227 1811 1444 1855 Aristotele,
1459 1810 1525 1857 qui
1540 1810 1581 1844 in
1600 1810 1805 1857 Tegeatum
1818 1808 2015 1856 republica
2029 1808 2076 1845 de
2096 1810 2273 1857 antiquis·

1227 1869 1321 1904 sima
1354 1867 1544 1904 Arcadum
1573 1866 1734 1902 historia
1757 1867 1931 1914 exposuit
1956 1866 1966 1917 (
1977 1867 2105 1902 Schol.
2140 1868 2269 1916 Apoll.

1227 1926 1303 1964 Rh.
1325 1927 1381 1975 ΙΙ,
1411 1925 1486 1969 264
1514 1925 1602 1963 coll.
1628 1925 1744 1961 Clem.
1767 1925 1875 1961 Alex.
1898 1926 2022 1963 Protr.
2050 1937 2089 1974 p.
2116 1938 2176 1972 17,
2195 1925 2272 1975 D).

1229 1985 1503 2022 Aristomenem
1519 1983 1710 2031 quendam
1723 2011 1734 2031 ,
1757 1982 1815 2030 cuj
1821 1995 1864 2019 us
1878 1995 1960 2031 quae
1980 1984 2104 2032 patria
2118 1985 2176 2030 sit,
2193 1997 2275 2020 non

1229 2043 1434 2091 acceperit,
1455 2043 1575 2078 Varro
1602 2043 1652 2080 R.
1682 2043 1732 2077 R.
1763 2054 1803 2090 p.
1834 2040 1882 2084 54
1902 2048 2074 2078 recenset
2094 2042 2272 2079 intereos

1229 2101 1296 2148 qui
1325 2101 1372 2136 de
1405 2100 1637 2149 agricultura
1666 2100 1811 2135 consuli
1841 2100 2001 2148 possint.
2030 2101 2167 2136 Noster
2195 2100 2275 2136 for-

1229 2166 1323 2196 tasse
1352 2167 1408 2196 est
1428 2160 1682 2196 Aristomenes
1696 2159 1952 2204 Atheniensis,
1972 2158 2079 2206 cujus
2103 2160 2276 2196 meminit

1229 2219 1429 2254 Athenaeus
1453 2219 1532 2262 ΙΙΙ,
1546 2230 1588 2266 p.
1613 2230 1629 2253 1
1640 2215 1702 2267 15,
1717 2219 1749 2254 A
1766 2229 1776 2252 ε
1804 2214 1897 2254 Οὐδὲ
1916 2214 1984 2268 γὰρ
2003 2215 2110 2259 οὕτως
2123 2217 2276 2268 εὐτυχῶς

1231 2275 1370 2325 μνήμης
1383 2273 1467 2327 ἔχω,
1485 2273 1506 2312 ἃ
1520 2273 1651 2319 ἐξέθετο
1661 2273 1802 2311 πόπανα
1813 2272 1872 2311 καὶ
1889 2272 2060 2343 πέμματα
2074 2273 2275 2325 Ἀριστομέ-

1230 2349 1289 2380 νης
1306 2335 1324 2371 ὁ
1340 2332 1552 2380 Ἀθηναῖος’
1536 2348 1571 2371 εν
1586 2332 1724 2385 τρίτῳ
1752 2332 1846 2370 Τῶν
1870 2330 1980 2382 πρὸς
2001 2329 2079 2374 τὰς
2102 2331 2277 2383 ἱερουρ-

1229 2392 1272 2444 γί
1283 2407 1305 2429 α
1315 2408 1344 2435 ς.
1356 2390 1543 2442 Ἔγνωμεν
1558 2390 1594 2429 δὲ
1607 2389 1760 2441 καιὴμεῗ
1760 2406 1776 2434 ς
1788 2388 1845 2428 τὸν
1826 2389 1970 2463 ανδρα
1972 2404 2090 2427 τουτον
2095 2387 2276 2442 ,νεώτεροι

1231 2449 1482 2502 πρεσὸύτερον.
1504 2448 1720 2501 (Υποκριτὴς
1757 2449 1786 2485 δ’
1823 2442 1865 2495 ην
1892 2446 2040 2500 ἀρχαίας
2067 2446 2275 2499 κωμῳδίας,

1232 2507 1458 2560 ἀπελεύθερος
1491 2510 1551 2545 τοῦ
1586 2505 1848 2558 μουσικωτάτου
1879 2504 2050 2557 βασιλέως
2084 2504 2275 2557 Ἁδριανου,

1231 2566 1444 2616 καλούμενος
1463 2567 1520 2603 ὑπ’
1538 2566 1644 2603 αὐτου
1673 2563 1940 2617 Ἀττικοπέρδιξ.
1961 2567 2018 2602 De
2034 2565 2275 2602 Aristomene

1229 2634 1344 2676 poeta
1363 2626 1528 2671 comico,
1545 2638 1582 2664 v.
1600 2625 1764 2663 Meinek.
1779 2625 1878 2663 Hist.
1902 2624 1985 2660 crit·
2010 2635 2108 2661 com.
2127 2635 2167 2672 p.
2184 2633 2272 2660 210.

1230 2886 1352 2927 perium
1362 2909 1372 2926 ‚
1383 2887 1497 2917 Jovem
1510 2893 1606 2924 regno
1619 2885 1758 2924 potitum
1767 2884 1874 2921 Vestae
1889 2883 2072 2915 facultatem
2084 2881 2225 2920 dedisse,
2238 2881 2276 2914 ut

1229 2937 1458 2978 quodcumque
1479 2936 1576 2967 vellet
1599 2935 1766 2974 acciperet.
1785 2936 1862 2966 Eam
1875 2933 1971 2973 igitur
1996 2932 2135 2973 primum
2149 2932 2276 2973 petiisse

1228 2988 1459 3028 virginitatem,
1478 2986 1591 3018 deinde
1601 3010 1610 3026 ,
1625 2987 1660 3017 ut
1672 2984 1821 3026 primitiae
1837 2984 2006 3016 hominum
2027 2982 2274 3025 sacrificantium

1228 3040 1287 3081 ipsi
1302 3039 1414 3080 primae
1425 3038 1631 3071 offerrentur.

1641 3111 1857 3125 w

1269 3159 1403 3200 Lycurgi
1416 3159 1448 3192 et
1458 3159 1610 3192 Antinoes
1624 3158 1679 3190 tilii
1692 3161 1829 3190 Ancaeus
1847 3157 1879 3189 et
1892 3156 2053 3197 Epiochus
2069 3156 2237 3197 (Epochus
2247 3156 2272 3198 ).

1227 3214 1412 3246 Honoratur
1430 3215 1595 3252 Lycurgus
1610 3211 1696 3252 apud
1718 3209 1875 3249 Arcades,
1898 3211 1934 3241 ut
1952 3209 2167 3241 Aristomenes
2182 3209 2272 3241 dicit.

1229 3268 1387 3298 Homerus
1411 3272 1539 3304 quoque
1568 3262 1664 3302 liujus
1685 3261 1821 3302 Lycurgi
1851 3260 2008 3292 meminit.
2033 3262 2139 3300 Atque
2161 3260 2274 3293 Molea

1229 3317 1345 3349 festum
1361 3315 1446 3356 apud
1459 3315 1597 3348 Arcades
1613 3313 1803 3353 celebratur,
1819 3312 1905 3353 quod
1920 3321 2043 3353 pugna,
2060 3320 2155 3352 quam
2172 3312 2275 3353 μῶλον

1231 3367 1369 3400 Arcades
1385 3367 1517 3407 dicunt,
1534 3368 1700 3407 Lycurgus
1713 3364 1972 3398 Ereutlialionem
1985 3373 2023 3396 ex
2040 3363 2162 3396 insidiis
2181 3363 2274 3396 inter·

1232 3420 1364 3453 fecisset.
