2262 3750
263 207 290 256 ij
1002 199 1293 239 PRAEFATm.

266 289 633 338 subsistendum
678 289 727 335 in
776 298 910 335 aetate
952 287 1257 334 Constantini
1301 284 1487 346 Magni,
1539 281 1622 329 sed
1676 280 1736 327 ad
1793 297 1847 326 ea
1899 297 2051 344 usque

266 390 485 443 tempora
505 377 804 443 pergendum
829 392 931 423 esse
954 375 1193 433 decrevit,
1221 372 1402 437 quibus
1432 369 1782 418 Constantinus
1808 375 1829 415 ὁ
1855 377 1930 423 τῆς
1955 389 2051 431 πορ-

266 466 392 526 φύρας
418 464 619 526 ἀπόγονος
650 461 909 523 scriptores
925 468 1123 516 veteres,
1152 456 1318 503 nescio
1342 451 1652 501 laudandone
1669 469 1730 499 an
1755 452 2051 499 exsecrando

266 543 495 602 consilio,
522 543 794 607 discerpere
818 541 1037 588 instituit.
1075 543 1245 603 Itaque
1276 553 1460 585 novum
1487 535 1730 582 historicis
1753 534 1846 582 illis
1871 534 2049 582 librum

266 626 623 685 dedicavimus,
655 627 739 690 qui
766 639 1048 689 quanquam
1074 638 1298 669 sermone
1326 620 1572 668 labentem
1595 619 1882 682 graecitatem
1908 634 2052 665 coar-

264 719 448 772 guunt,
487 709 581 756 fide
624 720 781 755 tamen
817 718 863 754 et
896 707 1180 753 auctoritate.
1209 706 1258 752 in
1292 720 1389 751 suae
1423 704 1634 767 quisque
1667 702 1816 749 aetatis
1849 700 2051 748 historia

265 792 532 856 principem
557 792 691 838 facile
717 791 881 837 locum
916 798 1175 836 merentur.
1220 788 1445 851 Denique
1471 785 1755 851 appendicis
1786 785 1934 832 instar
1959 784 2053 832 ad-

263 876 388 937 jecta
424 885 538 922 sunt
570 874 809 921 Chronica
839 873 1037 920 Joannis
1077 871 1397 929 Antiocheni‚
1437 870 1521 934 qui
1565 886 1717 933 quum
1758 870 1805 916 in
1849 868 2052 916 historia

266 959 611 1022 imperatorum
670 959 1003 1003 Romanorum
1050 963 1274 1001 auctores
1338 955 1555 1018 optimos
1602 952 1663 1000 ad
1705 952 1908 999 verbum
1955 951 2052 998 fere

267 1040 638 1105 transcripserit,
673 1038 909 1103 permulta
933 1037 1115 1102 praebet
1136 1036 1278 1084 bonae
1299 1036 1446 1099 frugis
1472 1035 1768 1100 plenissima.
1810 1033 2052 1098 Reliquias

266 1122 443 1168 horum
473 1120 830 1168 Chronicorum
860 1129 933 1165 sat
969 1118 1178 1183 amplas,
1221 1135 1430 1183 quarum
1465 1128 1649 1182 partem
1676 1117 1892 1165 Valesius
1916 1117 2052 1178 olim,

265 1212 449 1266 partem
478 1203 706 1265 majorem
748 1217 905 1265 nuper
940 1202 987 1248 in
1020 1201 1283 1249 Anecdotis
1325 1202 1550 1248 Parisinis
1587 1203 1842 1248 Cramer-us
1886 1199 2053 1258 edidit,

265 1295 367 1331 tum
419 1301 623 1331 numero
671 1285 894 1331 auximus
930 1301 956 1331 e
994 1284 1164 1332 codice
1204 1285 1498 1339 Parisiense,
1557 1294 1660 1332 tum
1704 1301 1850 1349 opera
1888 1284 2051 1331 critica

264 1367 382 1414 locis
412 1383 558 1431 quam
588 1368 811 1431 plurimis
837 1368 1151 1415 correximus.

326 1454 439 1498 Haec
464 1451 562 1498 fere
587 1451 830 1516 praefanda
850 1451 967 1497 mihi
989 1452 1324 1516 praefationum
1353 1452 1484 1498 osori
1519 1451 1616 1498 visa
1647 1461 1774 1497 sunt.
1798 1453 1864 1497 Ne
1890 1461 2048 1496 tamen

266 1533 400 1598 quod
435 1544 651 1598 superest
681 1535 729 1581 in
774 1534 867 1581 hac
906 1536 1079 1599 pagina
1106 1536 1317 1600 spatium
1360 1535 1637 1582 illiteratum
1669 1533 1830 1590 ,livore
1862 1543 2050 1597 pereat,

263 1618 427 1664 locum
454 1634 698 1682 apponere
726 1618 863 1666 liceat
896 1620 1285 1678 memorabilem,
1313 1620 1398 1683 qui
1430 1619 1529 1666 vol.
1561 1621 1654 1676 111,
1679 1634 1787 1682 pag.
1824 1616 1935 1674 343,
1966 1617 2049 1663 ubi

262 1700 322 1747 de
346 1701 439 1747 vita
468 1701 648 1748 Nicolai
673 1704 955 1749 Damasceni
976 1703 1162 1766 agitur,
1186 1702 1472 1750 inserendus
1498 1712 1581 1749 est.
1606 1705 1870 1766 Acceptum
1898 1701 2051 1748 refero

263 1782 585 1830 illustrissimo
625 1783 863 1832 Cardinali
905 1787 1101 1853 Armeno
1135 1788 1264 1844 Mn,
1303 1787 1388 1850 qui
1428 1785 1633 1848 benigne
1669 1802 1783 1831 eum
1821 1801 2051 1831 commu-

264 1866 421 1913 nicare
459 1883 647 1914 mecum
677 1867 853 1924 voluit,
884 1884 1037 1932 quum
1071 1871 1236 1916 Romae
1266 1867 1515 1927 versabar,
1559 1877 1608 1913 ut
1638 1883 1747 1931 quae
1773 1867 1832 1914 ad
1856 1883 2053 1930 geogra-

264 1949 428 2014 phiam
462 1951 785 2014 pertinerent,
826 1951 894 1999 ibi
930 1952 1222 2016 colligerem.
1261 1956 1365 1999 Jam
1404 1952 1487 1999 diu
1527 1951 1712 1998 scilicet
1747 1952 1796 1997 in
1831 1950 2051 2016 parando

263 2031 559 2079 desudamus
621 2050 825 2098 corpore
873 2034 1259 2099 geographorum
1278 2070 1290 2093 ,
1335 2051 1436 2099 quo
1497 2034 1673 2098 scripta
1734 2032 2052 2097 geographica

263 2131 368 2178 quae
414 2114 487 2161 vel
529 2116 710 2179 integra
748 2116 1100 2181 perdurarunt,
1140 2118 1213 2165 vel
1245 2135 1299 2165 ex
1351 2128 1488 2183 parte
1518 2116 1686 2164 saltem
1721 2117 1768 2163 in
1798 2115 2052 2163 codicibus

269 2208 561 2262 supersunt,
604 2198 678 2245 vel
721 2216 932 2263 quorum
982 2201 1244 2264 fragmenta
1295 2218 1380 2265 per
1420 2201 1578 2248 varios
1627 2209 1848 2247 auctores
1895 2216 2053 2263 sparsa

264 2292 556 2338 occurrunt,
596 2283 694 2329 sive
733 2299 882 2345 graece
919 2284 1017 2331 sive
1058 2284 1205 2332 latine
1242 2286 1340 2332 sive
1374 2284 1565 2332 arabice
1607 2285 1782 2347 scripta
1813 2284 1939 2341 sint,
1991 2282 2051 2329 ad

265 2380 417 2410 unum
447 2365 611 2411 omnia
636 2366 1125 2435 comprehendantur·
1140 2385 1197 2415 ex
1224 2368 1396 2416 ordine
1423 2368 1668 2433 disposita,
1693 2365 2054 2414 commentariis

266 2446 540 2510 explanata,
588 2447 764 2495 tabulis
802 2448 1017 2513 denique
1053 2452 1132 2497 aeri
1169 2452 1333 2499 incisis
1373 2451 1626 2499 illustrata.
1683 2452 1978 2513 Quanquam
2013 2449 2051 2494 si

265 2538 443 2575 sortem
477 2529 747 2594 perpendas
790 2549 899 2595 quae
938 2534 1110 2581 similia
1143 2533 1352 2582 aliorum
1379 2545 1537 2599 coepta
1572 2534 1829 2597 hucusque
1868 2548 2053 2578 manse-

266 2611 356 2668 rit,
404 2611 669 2658 verendum
712 2630 826 2660 sane
867 2631 928 2661 ne
965 2626 1127 2663 nostra
1163 2634 1363 2681 quoque
1393 2617 1594 2665 consilia
1631 2623 1652 2662 ὁ
1675 2618 1819 2679 φθόνος
1853 2622 1934 2660 τῶν
1955 2616 2053 2660 Θεῶν

267 2693 517 2751 discutiat,
559 2695 628 2741 vel
656 2696 1035 2746 efflorescentem
1063 2700 1139 2747 vix
1171 2711 1380 2764 segetem
1415 2700 1557 2747 ssatus
1584 2698 1786 2763 quidam
1809 2697 2055 2762 Typhonii

267 2787 482 2823 exurant.
499 2778 642 2835 Quod
659 2782 792 2826 Deus
812 2793 1006 2830 avertat.
1030 2784 1123 2830 Sed
1147 2784 1262 2831 illuc
1283 2785 1445 2832 redeo.
1470 2784 1661 2829 Etenim
1678 2781 1987 2846 Sophronius
2004 2781 2051 2826 in

267 2859 512 2905 Miraculis
537 2862 614 2908 SS.
632 2863 741 2925 Cyri
760 2874 804 2910 et
824 2865 984 2928 Cyrilli
1004 2867 1247 2931 (Spicileg.
1275 2871 1437 2924 Rom.,
1471 2877 1586 2914 tom.
1622 2868 1705 2924 lII,
1732 2882 1778 2929 p.
1804 2865 1931 2926 548),
1956 2881 2055 2927 quo

268 2942 381 2988 loco
401 2944 597 3006 exponit
620 2947 873 3007 quomodo
895 2948 1133 3008 Isidorus,
1153 2952 1375 3014 Dionysii
1396 2951 1689 2997 Damasceni
1711 2947 1858 3005 filius,
1881 2947 2055 2994 morbo

269 3024 524 3088 epileptico
548 3025 773 3074 laborans
800 3041 995 3077 sanatus
1013 3033 1088 3094 sit,
1110 3035 1324 3097 primum
1345 3032 1586 3080 nonnulla
1606 3031 1852 3096 praemittit
1882 3029 1942 3076 de
1960 3032 2056 3076 Da-

271 3108 416 3153 masci
459 3108 591 3155 urbis
626 3111 869 3168 claritate,
928 3131 982 3161 ex
1026 3116 1206 3179 quibus
1242 3134 1394 3181 pauca
1438 3117 1542 3164 haec
1577 3114 1850 3162 exscribere
1889 3113 2055 3176 Juvat:

270 3200 387 3246 Αὕτη
413 3195 508 3260 γὰρ,
536 3199 620 3257 ait,
648 3209 721 3254 τῆς
750 3203 905 3256 Κοίλης
927 3206 1071 3266 Συρίας
1099 3209 1371 3270 μητρόπολις,
1397 3216 1469 3260 τῆς
1498 3210 1594 3259 ὅλης
1619 3198 1737 3264 Εῴας
1763 3204 1941 3266 ἀρχηγὸς
1967 3199 2058 3247 {Got—

271 3287 414 3342 σίλευε,
450 3287 572 3333 Νίνον
604 3293 729 3352 ἑαυτῇ
758 3284 1025 3348 βασιλὲύοντα
1053 3296 1120 3340 καὶ
1146 3296 1364 3359 Σεμίραμιν
1391 3301 1464 3347 τὴν
1492 3297 1714 3358 περίφημον
1742 3295 1904 3355 ἔχουσα·
1934 3290 2057 3353 ἄμφω

271 3373 348 3435 γὰρ
381 3377 462 3419 ἐκεῖ
499 3378 812 3431 βασιλεύσαντες
840 3381 906 3423 καὶ
934 3381 1084 3442 τείχεσι
1118 3386 1189 3432 τὴν
1221 3384 1339 3429 πόλιν
1372 3387 1682 3437 κυκλώσαντες,
1720 3383 1791 3426 ἀπ’
1820 3382 1944 3431 αὐτῆς
1982 3378 2055 3429 τὰς
