2372 3704
187 213 263 246 414

185 292 378 346 Κλείσοφος
396 292 517 346 παρὼν
537 293 617 347 ἔφη·
653 290 704 335 Εὖ
724 312 762 347 γε
795 296 837 344 νὴ
869 296 946 340 τοὺς
969 296 1077 341 θεούς.
1103 299 1176 336 Τοῦ
1199 297 1234 335 δὲ

185 352 369 392 Φιλίππου
389 352 556 403 εἰπόντος,
568 353 616 393 Τί
628 355 663 393 δὲ
680 355 721 393 σὺ
739 349 832 399 οἶδας
851 355 937 407 ὑπὲρ
957 350 1004 394 ὧν
1021 355 1235 410 γέγραπται,

183 409 241 457 Νὴ
261 410 320 448 τὸν
341 409 409 450 Δία
433 411 504 449 τὸν·
512 411 687 464 μέγιστον,
711 408 821 464 εἶπεν,
844 414 958 466 ἄκρως
977 414 1016 465 γέ
1036 430 1094 464 μοι
1113 415 1231 453 ἐπετί-

184 484 312 520 μησας.
337 487 352 503 υ
387 471 440 508 Cf.
461 484 548 520 quae
568 474 614 510 de
642 475 820 523 Clisopho
841 475 1007 522 Philippi
1037 475 1232 512 adulatore

184 530 412 565 antecedunt
430 542 494 581 ap.
529 533 661 570 Athen.
685 545 733 569 ex
759 534 895 581 Satyro
923 539 960 568 et
979 535 1133 581 Lynceo
1162 534 1230 570 de-

182 595 376 637 prompta.

695 649 716 686 5

238 717 346 760 Idem
364 720 456 767 VII,
474 732 512 768 p.
535 719 634 768 289,
652 721 679 757 C
702 732 710 755 :
733 717 973 770 Ἡγήσανδρος
991 717 1027 755 δέ
1047 733 1163 769 φησιν,
1179 717 1231 756 ὅτι
1257 740 1262 743 -

182 774 244 813 καὶ
261 774 525 826 Ἀστυκρέοντα,
543 776 799 827 θεραπευθέντα
815 778 874 814 ὑπ’
895 778 1013 823 αὐτοῦ,
1028 776 1231 815 Ἀπόλλωνα

184 833 342 871 ἐκάλεσε.
367 833 438 872 Καὶ
459 833 562 877 ἄλλος
580 836 609 872 δ’
625 835 719 886 αὐτῷ
733 837 802 872 τῶν
819 834 1078 886 περισωθέντων
1093 834 1235 880 Ἀσκλη-

182 895 261 929 πιοῦ
271 892 396 939 στολὴν
409 892 594 930 ἀναλαὸὼν
605 894 943 945 συμπεριεφθείρετο.
954 893 1064 935 Αὐτὸς
1073 894 1101 930 δ’
1112 896 1130 930 5
1140 892 1235 939 Ζεὺς,

183 950 364 1003 πορφύραν
388 950 639 1004 ἠμφιεσμένος,
660 950 719 989 καὶ
739 951 908 1004 στέφανον
926 955 1076 1003 χρυσοῦν
1097 950 1152 988 ἐπὶ
1175 954 1236 997 τ’ἧς

182 1010 335 1060 κεφαλῆς
350 1009 455 1060 ἔχων,
470 1010 530 1047 καὶ
547 1013 725 1061 σκῆπτρον
741 1012 896 1061 κρατῶν,
915 1009 1087 1061 κρηπῖδάς
1099 1025 1136 1046 τε
1151 1011 1234 1047 ὑπο-

182 1067 379 1117 δεδεμένος,
397 1067 534 1119 περιῄει
551 1068 640 1118 μετὰ
657 1072 717 1106 τοῦ
733 1068 823 1106 θείου
839 1071 960 1120 χοροῦ.
985 1068 1057 1106 Καὶ
1074 1067 1233 1105 ἐπιστέλ-

183 1126 253 1163 λων
265 1126 440 1179 Φιλίππῳ
452 1129 501 1178 τῷ
521 1128 669 1178 βασιλεῖ,
682 1125 788 1170 οὕτως
804 1126 963 1179 ἔγραψεν·
980 1145 995 1160 «ι
1012 1126 1235 1178 Μενεκράτης

181 1182 268 1228 Ζεὺς
282 1184 455 1235 Φιλίππῳ
468 1184 617 1236 χαίρειν.
637 1184 689 1223 Σὺ
705 1183 767 1235 μὲν
787 1184 1007 1228 Μακεδονίας
1026 1185 1234 1237 βασιλεύεις,

179 1241 248 1292 ἐγὼ
265 1240 301 1279 δὲ
318 1243 488 1294 ἰατρικῆς.
506 1242 580 1282 Καὶ
601 1242 641 1280 σὺ
657 1241 719 1293 μὲν
735 1243 951 1294 ὑγιαίνοντας
971 1243 1131 1291 δύνασαι,
1151 1243 1233 1281 ὅταν

182 1302 369 1352 βουληθῇς,
389 1301 607 1351 ἀπολλύναι,
631 1301 700 1352 ἐγὼ
723 1301 758 1339 δὲ
779 1301 857 1345 τοὺς
881 1306 1066 1346 νοσοῦντας
1095 1301 1231 1353 σώζειν,

179 1359 238 1397 καὶ
258 1359 336 1403 τοὺς
352 1359 543 1409 εὐρώστους
562 1360 717 1405 ἀνόσους,
737 1359 770 1399 οἳ
785 1360 826 1399 ἂν
845 1361 921 1410 ἐμοὶ
941 1361 1142 1407 πείθωνται,
1164 1376 1231 1398 πα·

181 1417 294 1470 ρέχειν
316 1418 421 1471 μέχρι
442 1418 558 1471 γήρως
577 1422 720 1464 ζῶντας.
741 1421 937 1470 Τοιγαροῦν
967 1420 1003 1457 σὲ
1026 1419 1088 1469 μὲν
1108 1421 1234 1458 Maxe-

180 1476 272 1520 δόνες
287 1478 545 1530 δορυφοροῦσιν,
560 1477 622 1529 ἐμὲ
638 1477 674 1516 δὲ
693 1478 753 1516 καὶ
772 1480 803 1516 οἱ
819 1478 1003 1529 μέλλοντες
1019 1478 1156 1516 ἔσεσθαι
1173 1479 1229 1529 (Ρ).

181 1537 267 1579 Ζεὺς
286 1534 354 1588 γὰρ
372 1536 440 1587 ε’γὼ
468 1537 582 1580 αὐτοῖς
608 1536 679 1589 βίον
699 1535 858 1589 παρέχω.
882 1554 897 1571 »
919 1537 1013 1588 Πρὸς
1042 1536 1078 1575 ὃν
1100 1539 1146 1579 ὥς
1170 1552 1234 1587 με-

179 1594 411 1644 λαγχολῶντα
433 1593 638 1633 ἐπέστελλεν
660 1597 677 1632 5
694 1595 894 1638 Φίλιππος·
918 1613 930 1628 1«
953 1595 1132 1639 Φίλιππος
1154 1596 1234 1634 Με-

180 1652 338 1704 νεκράτει
365 1652 543 1704 ὑγιαίνειν.
573 1671 588 1688 »
617 1652 881 1704 Παραπλησίως
908 1653 936 1691 δ’
959 1653 1144 1691 ἐπέστελλε
1172 1654 1232 1691 καὶ

183 1709 401 1764 Ἀρχιδάμῳ,
420 1714 470 1764 τῷ
484 1711 772 1762 Λακεδαιμονίων
789 1713 941 1763 βασιλεῖ,
958 1713 1018 1751 καὶ
1031 1714 1102 1756 τοῖς
1114 1713 1231 1757 ἄλλοις

178 1769 269 1814 ὅσοις
307 1770 468 1823 ἔγραφεν,
500 1771 564 1808 οὐκ
591 1770 808 1823 ἀπεχόμενος
835 1774 894 1808 τοῦ
915 1771 1028 1816 Διός.,
1067 1770 1232 1816 Καλέσας

179 1829 209 1866 δ’
235 1829 337 1867 αὐτόν
358 1845 442 1867 ποτε
463 1829 522 1867 ἐπὶ
542 1831 678 1867 δεῖπνον
700 1832 718 1867 5
734 1830 914 1873 Φίλιππος
941 1829 1030 1880 μετὰ
1049 1832 1116 1868 τῶν
1138 1830 1232 1868 ἰδίων

179 1890 279 1938 θεῶν,
302 1887 551 1938 συγκατέκλινε
563 1888 697 1932 πάντας
714 1887 770 1927 ἐπὶ
788 1891 848 1935 τῆς
866 1888 975 1939 μέσης
988 1888 1126 1938 κλίνης,
1145 1892 1233 1942 ὑψη-

178 1945 312 1984 λότατα
335 1946 396 1984 καὶ
425 1947 726 1999 ἱεροπρεπέστατα
755 1946 1040 1997 κεκοσμημένης,
1063 1947 1124 1986 καὶ
1146 1947 1234 2001 τρά-

178 2006 286 2049 πεζαν
309 2004 496 2057 παραθεὶς,
520 2004 574 2057 ἐφ’
594 2000 635 2052 ἧς
653 2005 770 2057 βωμὸς
787 2004 899 2044 ἔκειτο
918 2006 978 2043 καὶ
994 2008 1062 2043 τῶν
1081 2006 1152 2044 ἀπὸ
1170 2009 1234 2056 γῆς

183 2117 336 2156 Optime!
361 2123 425 2156 per
445 2117 539 2148 Deos.
559 2115 755 2156 subjiciente
768 2125 845 2148 vero
865 2117 1023 2157 Philippo,
1050 2116 1140 2154 Quid
1156 2125 1236 2149 vero

180 2168 326 2199 tic-nosti
349 2167 475 2208 quibus
503 2167 544 2199 de
559 2168 661 2199 rebus
678 2169 738 2200 ille
757 2170 1016 2209 scripseritP—
1036 2170 1104 2200 Per
1115 2170 1235 2200 Jovem

179 2220 370 2250 maximum
383 2221 395 2250 !
409 2218 513 2259 inquit
530 2219 583 2251 ille
595 2243 604 2259 ,
615 2221 802 2252 rectissime
820 2223 858 2252 tu
871 2229 924 2252 me
936 2220 1202 2260 reprehendisti.
1218 2233 1232 2248 ι»

690 2276 726 2309 5.
847 2276 851 2279 “

220 2329 421 2369 Hegesander
448 2331 577 2369 narrat,
602 2331 862 2371 Astycreontem‚
889 2339 987 2371 quem
1020 2333 1235 2363 Menecrates

179 2381 330 2413 medicus
344 2383 523 2422 sanaverat,
538 2383 731 2422 Apollinem
743 2383 784 2415 ab
797 2392 834 2414 eo
846 2383 942 2415 fuisse
955 2385 1120 2415 vocatum.
1142 2383 1235 2415 Alius

180 2442 221 2464 ex
240 2434 289 2464 his
301 2434 354 2474 qui
370 2434 546 2466 valetudini
561 2435 600 2465 ab
611 2444 649 2466 eo
663 2436 799 2468 restituti
811 2438 921 2476 erant,
937 2437 1127 2476 AEsculapii
1141 2436 1235 2476 pallio

182 2488 331 2525 sumpto,
349 2485 381 2516 in
405 2485 490 2517 illius
511 2486 667 2517 comitatu
692 2487 865 2518 oberravit.
898 2491 967 2527 lpse
991 2496 1068 2519 vero
1082 2490 1234 2526 Jupiter,

182 2547 323 2578 purpura
342 2538 498 2578 amictus,
528 2541 561 2570 et
585 2548 717 2571 auream
742 2549 893 2571 coronam
917 2541 950 2571 in
969 2540 1073 2580 capite
1091 2542 1234 2579 gestans,

180 2593 343 2632 sceptrum
374 2593 504 2632 tenens,
534 2593 700 2633 soleasque
730 2593 880 2633 indutus,
910 2603 985 2624 cum
1014 2594 1074 2625 isto
1100 2593 1234 2624 deorum

181 2643 278 2674 choro
295 2644 413 2674 terram
429 2644 619 2684 peragravit.
650 2644 738 2676 ldem
761 2644 860 2676 literis
882 2645 964 2676 datis
995 2645 1034 2676 ad
1055 2645 1235 2684 Philippum

181 2705 286 2736 regem
297 2720 304 2734 ‚
319 2696 351 2727 in
365 2696 452 2727 hunc
465 2697 598 2728 modum
611 2697 736 2738 scripsit
750 2710 758 2728 :
773 2699 987 2729 Menecrates
1000 2699 1140 2737 Jupiter
1158 2698 1234 2728 Plei-

182 2748 274 2788 lippo
290 2748 462 2780 salutem!
490 2750 539 2780 Tu
562 2757 686 2789 reynas
711 2750 750 2780 in
766 2749 991 2788 Macedonia,·
1012 2758 1069 2788 eqo
1094 2758 1172 2780 vero
1198 2751 1234 2779 in

181 2799 371 2831 Medicina.
402 2802 447 2831 Et
469 2802 506 2832 tu
531 2800 670 2842 quidem
699 2800 780 2832 bene
809 2801 981 2840 valentes,
1009 2802 1039 2831 si
1061 2801 1230 2838 volueris,

179 2850 324 2891 perdere
338 2853 453 2891 potes:
465 2860 522 2892 eqo
537 2861 614 2884 vero
624 2854 767 2892 oeqrotos
783 2860 929 2889 sanare,
945 2855 989 2888 et,
1005 2854 1066 2893 qui
1084 2852 1165 2884 bene
1181 2861 1235 2883 va-

183 2901 275 2937 lent,
293 2902 351 2933 hos
362 2925 370 2940 ,
394 2905 424 2934 si
443 2903 528 2934 milii
549 2906 720 2943 pareant,
733 2906 904 2944 praestare
914 2913 1056 2945 possum
1071 2913 1093 2935 a
1110 2904 1235 2935 morbis

183 2952 306 2984 liberos
317 2953 366 2985 ad
379 2957 589 2986 seneclutem
608 2958 771 2988 viventes.
793 2958 907 2993 Quare
927 2956 991 2988 tibi
1006 2955 1142 2996 quidem
1162 2958 1235 2988 Μα-

183 3005 323 3037 cedones
339 3007 510 3039 satellites
531 3011 635 3044 sunt;
651 3008 735 3041 mihi
757 3018 835 3040 vero
852 3011 1019 3050 quotquot
1036 3008 1153 3050 [salvi]
1165 3017 1235 3040 esse

182 3058 340 3097 cupiunt.
359 3060 499 3098 Jupiter
518 3061 607 3091 enim
624 3069 683 3100 eqo
705 3062 814 3092 vitam
831 3061 907 3092 illis
924 3061 1068 3100 larqior.
1087 3061 1150 3092 cui
1175 3061 1234 3091 ho-

186 3109 283 3147 mini,
301 3110 454 3149 tanquam
477 3111 663 3150 insanienti,
686 3121 742 3143 rex
757 3113 939 3152 rescripsit:
964 3112 1147 3153 Philippus
1163 3113 1234 3144 Me-

186 3162 322 3192 necron
343 3163 551 3194 sanitatem!
565 3163 716 3194 Similiter
732 3173 809 3195 vero
823 3164 906 3195 idem
929 3165 962 3196 et
975 3164 1167 3196 Archidamo
1181 3166 1235 3195 La·

185 3211 456 3244 eedaemoniorum
473 3214 535 3252 regi
550 3237 560 3254 ‚
573 3216 604 3245 et
614 3214 700 3253 aliis,
718 3215 757 3245 ad
775 3214 998 3256 quascumque
1014 3216 1120 3248 literas
1133 3215 1234 3255 daret,

185 3264 324 3296 scribere
353 3268 581 3305 consueverat,
603 3268 700 3297 Jovis
724 3266 783 3298 sibi
807 3276 926 3299 nomen
954 3268 1108 3299 tribuens.
1133 3269 1236 3304 Quem

186 3324 288 3356 quum
316 3314 488 3356 aliquando
514 3316 679 3357 Philippus
699 3317 740 3348 ad
767 3327 892 3349 coenam
915 3320 1059 3351 vocasset
1077 3328 1150 3350 cum
1174 3319 1238 3350 suis

188 3367 265 3406 diis,
282 3368 414 3398 cunctos
428 3374 491 3399 una
507 3367 539 3398 in
554 3368 636 3400 lecto
653 3368 854 3401 discumbere
871 3370 946 3402 fecit
964 3370 997 3414 in
1015 3371 1120 3402 medio
1133 3371 1237 3402 stante

188 3420 355 3459 altissimo,
370 3421 401 3451 et
414 3420 510 3453 veluti
523 3422 662 3452 Deorum
675 3421 707 3453 in
719 3421 871 3454 honorem
886 3423 1052 3464 magnifice
1060 3424 1214 3456 exornato
1228 3436 1234 3455 ι
1272 3464 1274 3466 ¹

995 210 1319 249 HEGESANDR!
1351 212 1540 251 DELPHI

1297 299 1436 337 πάντων
1453 299 1627 354 ἀπαρχαί.
1648 299 1718 340 Καὶ
1734 299 1837 339 ὁπότε
1851 301 1921 345 τοῖς
1935 301 2053 345 ἄλλοις
2071 300 2287 354 παρεφέρετο
2300 300 2344 339 τὰ

1298 357 1475 408 ἐδώδιμα,
1496 365 1565 402 τοῖς
1585 359 1676 412 ἀμφὶ
1697 361 1923 412 Μενεκράτην
1942 360 2090 410 ἐθυμίων
2107 360 2167 397 καὶ
2181 359 2344 398 ἔσπενδον

1297 419 1328 454 οἱ
1343 418 1475 460 παῖδες.
1495 417 1567 456 Καὶ
1584 419 1680 461 τέλος
1695 421 1712 455 5
1729 418 1845 461 καινὸς
1861 417 1947 462 Ζεὺς
1961 448 1971 468 ,
1991 418 2079 468 μετὰ
2092 420 2160 455 τῶν
2181 418 2345 464 ὑπηκόων

1296 474 1488 525 γελώμενος
1507 475 1608 525 θέων,
1637 476 1758 528 ἔφυγεν
1778 477 1816 514 ἐκ
1835 480 1895 514 τοῦ
1924 477 2140 527 συμποσίου,
2170 479 2216 520 ὡς
2233 477 2344 528 Ἡγή-

1297 533 1441 583 σανδρος
1456 534 1599 584 ἱστορεῖ.
1622 537 1696 571 Pro
1717 535 1748 571 οἱ
1775 533 1958 584 μέλλοντες
1984 537 2066 574 Cas.
2095 537 2195 583 conj.
2219 537 2250 573 οἱ
2277 535 2346 574 θεοὶ

1298 606 1338 639 μ.
1359 593 1466 628 Fort.
1497 593 1630 629 ludens
1658 595 1784 630 helluo
1813 594 1908 629 dixit
1933 607 1942 629 ι
1965 592 2024 630 καὶ
2043 595 2074 630 οἱ
2094 593 2344 642 μακεδανόὸιοι

1299 652 1308 698 (
1324 651 1500 700 longaevi)
1520 665 1556 700 μ.

1801 720 1839 759 6.

1350 801 1456 837 Idem
1474 802 1541 847 VI,
1563 814 1603 850 p.
1624 806 1715 849 249,
1737 804 1771 838 D
1791 814 1799 837 z
1817 800 1907 853 Περὶ
1927 800 1962 838 δὲ
1985 801 2155 848 Νικησίου
2167 805 2227 841 τοῦ
2250 802 2347 843 Ἀλε-

1297 857 1439 909 ξάνδρου
1487 859 1612 909 (Epiri
1648 861 1767 909 regis)
1802 858 1951 902 κόλακος
1987 859 2226 914 Ἡγήσανδρος
2263 862 2346 902 τάδε

1297 917 1442 967 ἱστορεῖ·
1468 935 1482 950 ιι
1504 916 1724 968 Ἀλεξάνδρου
1743 917 1928 956 δάκνεσθαι
1948 918 2122 971 φήσαντος
2147 919 2214 958 ὑπὸ
2234 922 2345 971 μυιῶν

1296 973 1355 1011 καὶ
1382 973 1566 1026 προθύμως
1588 975 1695 1019 αὐτὰς
1724 976 1996 1025 ἀποσοὸοῦντος,
2019 980 2086 1014 τῶν
2109 978 2269 1016 κολάκων
2294 994 2347 1023 τις

1297 1032 1467 1079 Νικησίας
1485 1033 1622 1086 παρὼν,
1641 1033 1761 1073 Ἥπου
1786 1038 1856 1073 τῶν
1881 1035 1996 1074 ἄλλων
2012 1038 2134 1085 μυιῶν,
2152 1030 2261 1084 εἶπεν,
2282 1031 2346 1076 αὗ·

1296 1107 1353 1129 ται
1368 1091 1457 1129 πολὺ
1478 1092 1709 1144 κρατήσουσι,
1726 1098 1786 1132 τοῦ
1811 1098 1873 1132 σοῦ
1901 1095 2115 1145 γευσάμεναι
2139 1094 2303 1146 αἵματος.
2330 1114 2346 1131 υ

1296 1150 1341 1189 Ὁ
1362 1151 1390 1188 δ’
1402 1150 1503 1195 αὐτός
1517 1167 1602 1204 φησι
1616 1152 1675 1189 καὶ
1690 1153 1909 1206 Χειρίσοφον,
1929 1153 1988 1191 τὸν
2002 1153 2183 1192 Διονυσίου
2197 1154 2346 1202 κόλακα,

1297 1208 1413 1247 ἰδόντα
1456 1208 1635 1249 Διονύσιον
1679 1213 1836 1262 γελῶντα
1881 1211 1969 1261 μετά
2011 1228 2112 1250 τινων
2161 1213 2346 1265 γνωρίμων

1299 1269 1444 1320 (ἀπεῖχε
1459 1269 1489 1306 δ’
1510 1270 1572 1306 ἀπ’
1591 1271 1704 1308 αὐτῶν
1721 1270 1831 1308 πλείω
1847 1270 1968 1318 τόπον,
1983 1273 2030 1314 ὡς
2045 1270 2094 1321 μὴ
2111 1271 2346 1323 συνακούειν),
2363 1292 2370 1298 ·

1296 1330 1480 1378 συγγελᾶν.
1493 1327 1596 1367 Ἐπεὶ
1609 1329 1639 1366 δ’
1654 1331 1671 1366 5
1682 1329 1858 1373 Διονύσιος
1868 1327 2049 1382 ἠρώτησεν
2064 1330 2183 1378 αὐτὸν,
2200 1329 2256 1368 διὰ
2267 1330 2344 1368 τίνα

1297 1388 1409 1424 αἰτίαν
1424 1390 1462 1426 οὐ
1475 1387 1675 1425 συνακούων
1683 1391 1750 1426 τῶν
1761 1389 1958 1440 λεγομένων
1971 1391 2073 1442 γελᾷ,
2088 1408 2103 1423 α
2114 1388 2234 1439 (Υμῖν,
2245 1389 2344 1442 φησὶ,

1294 1445 1460 1494 πιστεύοι,
1475 1445 1562 1484 διότι
1579 1447 1617 1484 τὸ
1635 1446 1735 1499 ῥηθὲν
1753 1446 1888 1498 γελοῖόν
1905 1448 2013 1486 ἔστιν.
2028 1466 2044 1482 υ
2065 1449 2122 1488 Cf.
2142 1450 2346 1498 Phylarchi

1295 1506 1428 1555 fragm.
1447 1507 1470 1544 8
1495 1507 1548 1556 (Ι,
1567 1520 1609 1556 p.
1633 1507 1745 1557 336).

1803 1587 1839 1620 7.

1349 1657 1456 1692 Idem
1476 1658 1544 1706 vl,
1563 1670 1603 1706 p.
1623 1657 1695 1694 251
1714 1685 1723 1702 ,
1742 1659 1774 1693 A
1797 1668 1805 1695 ζ
1822 1655 2040 1708 Ἐπικράτης
2061 1656 2091 1692 δ’
2117 1658 2134 1695 ὁ
2150 1655 2341 1704 Ἀθηναῖος,

1295 1712 1382 1765 πρὸς
1401 1713 1547 1765 βασιλέα
1564 1715 1629 1766 (sc.
1647 1713 1879 1766 Ἀλέξανδρον,
1895 1716 2000 1764 Epiri
2016 1715 2162 1764 regem)
2177 1713 2347 1767 πρεσὸεύ-

1295 1787 1374 1819 σας,
1394 1772 1440 1815 ὥς
1457 1788 1560 1824 φησιν
1578 1772 1828 1825 Ἡγήσανδρος,
1840 1771 2025 1810 καὶπολλὰ
2042 1774 2136 1824 δῶρα
2153 1775 2237 1824 παρ’
2257 1772 2346 1811 ἐκεί·-

1293 1845 1352 1869 νου
1379 1830 1511 1877 λαὸὼν,
1537 1832 1599 1869 οὖκ
1624 1830 1797 1884 ᾐσχύνετο
1824 1830 2022 1870 κολακεύων
2052 1830 2160 1876 οὕτως
2189 1833 2346 1884 φανερῶς

1295 1890 1354 1927 καὶ
1379 1891 1562 1943 τολμηρῶς
1586 1890 1644 1928 τὸν
1675 1889 1823 1942 βασιλέα
1837 1921 1848 1940 ,
1870 1893 1916 1934 ὡς
1942 1889 2003 1928 καὶ
2032 1891 2154 1937 εἰπεῖν,
2175 1890 2245 1928 δεῖν
2264 1891 2345 1928 κατ’

1299 1949 1454 1987 ἐνιαυτὸν
1473 1951 1535 1987 οὔκ
1560 1949 1658 1987 ε’ννέα
1675 1949 1864 2002 ἄρχοντας,
1888 1949 1968 1988 ἀλλ’
1991 1948 2088 1987 ἐννέα
2107 1948 2271 2001 πρέσὸεις
2287 1950 2347 1987 αῖ-

1299 2009 1432 2060 ρεῗσθαι
1447 2009 1530 2060 πρὸς
1555 2007 1715 2060 βασιλέα.

1297 2126 1505 2158 mensamque
1514 2117 1672 2158 jussitque
1686 2118 1822 2158 apponi,
1837 2126 1933 2157 super
1946 2126 2010 2158 qua
2022 2117 2093 2149 erat
2104 2125 2160 2149 ara
2171 2117 2346 2156 exstructa,

1296 2170 1349 2202 cui
1372 2171 1529 2211 impositae
1558 2171 1703 2202 omnium
1729 2179 1838 2202 rerum
1877 2179 1952 2211 quae
1978 2171 2063 2203 terra
2085 2170 2261 2212 gignuntur
2281 2169 2348 2210 pri-

1297 2224 1406 2256 mitiae.
1419 2226 1502 2257 Tum
1513 2249 1521 2263 ,
1536 2225 1662 2266 quoties
1673 2224 1742 2256 aliis
1754 2224 1931 2256 asserebant
1944 2223 2020 2264 cibiss
2031 2222 2203 2256 Menecrati
2215 2221 2348 2263 ejusque

1296 2276 1468 2308 comitibus
1480 2276 1594 2308 odores
1607 2276 1778 2308 adolebant
1791 2278 1824 2308 et
1836 2275 1981 2308 libabant
1994 2275 2084 2315 pueri
2100 2287 2108 2307 ι
2126 2274 2230 2306 donec
2241 2273 2282 2305 ad
2294 2282 2348 2305 ex-

1296 2330 1437 2360 tremum
1450 2337 1554 2360 novus
1578 2328 1716 2369 Jupiter,
1731 2337 1807 2359 cum
1820 2327 1886 2359 suis
1901 2327 2036 2359 subditis
2055 2327 2130 2358 risui
2145 2325 2292 2366 habitus,
2305 2333 2348 2358 ex

1297 2380 1350 2412 illo
1373 2380 1520 2412 convivio
1544 2380 1664 2412 cursim
1691 2388 1724 2412 se
1754 2380 1950 2420 proriperet;
1977 2380 2014 2411 ut
2036 2378 2122 2411 idem
2146 2376 2348 2418 flegesander

1296 2434 1417 2464 narrat.

1805 2477 1840 2509 6.

1338 2534 1385 2563 De
1397 2531 1537 2571 Moesia,
1553 2530 1724 2563 Alexandri
1747 2531 1941 2562 assentatore
1951 2553 1959 2569 ,
1979 2528 2050 2560 haec
2062 2527 2172 2562 narrat
2184 2529 2345 2568 Hagesan-

1295 2583 1351 2615 der
1375 2592 1384 2615 :
1414 2596 1429 2611 «
1456 2583 1646 2622 Alexander,
1673 2591 1774 2623 quum
1804 2581 1943 2613 morderi
1969 2589 2003 2612 se
2028 2589 2047 2612 a
2070 2579 2188 2612 muscis
2212 2578 2344 2619 diceret,

1298 2637 1430 2676 illasque
1445 2637 1588 2677 gnaviter
1605 2636 1796 2676 depelleret,
1812 2635 2047 2667 assentatorum
2064 2633 2181 2674 aliquis
2193 2640 2344 2673 praesens,

1296 2689 1437 2721 Nicesias
1457 2689 1606 2726 nomine,
1633 2689 1678 2720 ait
1703 2700 1711 2719 ε
1739 2687 1896 2726 Profecto
1921 2687 2002 2718 aliis
2021 2687 2147 2718 muscis
2171 2684 2224 2717 11ae
2250 2684 2347 2726 lonae

1296 2742 1492 2780 superiores
1519 2741 1643 2780 erunt,
1671 2742 1769 2771 taum
1795 2747 1903 2780 quum
1927 2739 2133 2778 sanquinem
2155 2737 2342 2778 gustarint.

1297 2792 1385 2824 ldem
1401 2791 1537 2832 scriptor
1553 2794 1674 2830 narrat,
1685 2791 1910 2830 Chirisophum
1922 2814 1930 2830 ‚
1945 2789 2088 2830 Dionysii
2101 2789 2344 2828 assentatorem,

1296 2853 1398 2884 quum
1418 2844 1548 2875 vidisset
1563 2843 1748 2883 Dionysium
1766 2843 1922 2874 ridentem
1942 2850 2016 2872 cum
2033 2840 2196 2872 nonnullis
2209 2846 2345 2871 suorum

1297 2895 1499 2926 familiarium
1513 2919 1522 2934 ‚
1543 2894 1667 2926 abesset
1689 2896 1799 2925 autem
1821 2894 1886 2933 ipse
1906 2902 1943 2924 ex
1966 2893 2069 2923 multo
2085 2890 2226 2931 longiore
2243 2890 2344 2922 inter·

1297 2947 1395 2986 valio,
1406 2955 1503 2987 quam
1522 2955 1561 2978 ex
1579 2954 1644 2987 quo
1666 2945 1744 2986 quid
1759 2945 1918 2976 diceretur
1931 2942 2074 2975 exaudiri
2091 2942 2263 2983 potuisset,
2280 2950 2345 2973 una

1297 2999 1408 3030 risisse.
1428 2998 1505 3030 Inde
1520 3007 1595 3030 vero
1612 2999 1822 3037 interrogatus
1833 3006 1851 3028 a
1866 2996 2026 3036 Dionysio,
2039 3004 2115 3031 cur,
2131 3003 2239 3036 quum
2249 2994 2343 3026 dicta

1296 3050 1466 3082 exaicdire
1488 3059 1554 3082 non
1580 3050 1764 3090 potuisset,
1781 3048 1914 3080 rideret
1938 3050 2080 3079 tamen.»³
2102 3045 2210 3079 Credo
2230 3046 2339 3082 vobis,

1295 3102 1414 3143 inquit,
1436 3102 1625 3134 ridiculum
1645 3109 1714 3133 esse
1728 3100 1766 3132 id
1781 3099 1873 3141 quod
1885 3099 2018 3131 dictum
2032 3099 2093 3130 est.

1798 3155 1832 3187 7.
1909 3158 1931 3162 “’

1338 3212 1499 3252 Epicrates
1511 3210 1710 3243 Atheniensis
1721 3209 1759 3241 ad
1775 3211 1944 3241 Persarum
1958 3215 2062 3247 regem
2079 3207 2201 3246 legatus
2215 3205 2342 3245 missus,

1297 3265 1387 3297 utait
1406 3263 1616 3304 uegesander,
1630 3270 1732 3302 quum
1751 3261 1853 3292 multa
1869 3260 1909 3292 ab
1925 3269 1963 3291 eo
1975 3259 2059 3290 dona
2075 3258 2263 3299 accepisset,
2278 3266 2343 3290 non

1297 3316 1426 3350 erubuit
1444 3316 1488 3348 ita
1506 3315 1633 3355 publice
1656 3315 1688 3346 et
1710 3313 1882 3345 insolenter
1901 3311 2024 3343 adulari
2047 3310 2130 3351 regi,
2161 3311 2197 3342 ut
2220 3309 2343 3341 diceret

1296 3367 1468 3410 quotannis
1484 3375 1548 3398 non
1564 3367 1629 3398 tam
1651 3373 1767 3397 novem
1785 3363 1884 3395 creari
1902 3363 2071 3395 archontes
2092 3362 2225 3402 debere,
2243 3368 2340 3402 quam

1297 3430 1411 3454 novem
1430 3420 1548 3460 legatos
1565 3417 1720 3450 nominari
1738 3416 1778 3447 ad
1795 3424 1901 3457 regem
1914 3413 2098 3447 mittendos.
