<?xml version="1.0" encoding="UTF-8"?>
<!DOCTYPE html PUBLIC "-//W3C//DTD XHTML 1.0 Transitional//EN"
    "http://www.w3.org/TR/xhtml1/DTD/xhtml1-transitional.dtd">
<html xmlns="http://www.w3.org/1999/xhtml" xml:lang="en" lang="en">
 <head>
  <title>
</title>
<meta http-equiv="Content-Type" content="text/html;charset=utf-8" />
  <meta name='ocr-system' content='tesseract 3.04.00' />
  <meta name='ocr-capabilities' content='ocr_page ocr_carea ocr_par ocr_line ocrx_word'/>
</head>
<body>
  <div class='ocr_page' id='page_1' title='image "./fragmentahistori04mueluoft_0535.png"; bbox 0 0 2372 3704; ppageno 0'>
   <div class='ocr_carea' id='block_1_1' title="bbox 0 220 23 805">
    <p class='ocr_par' dir='ltr' id='par_1_1' title="bbox 0 220 23 805">
     <span class='ocr_line' id='line_1_1' title="bbox 0 220 23 805; baseline 0 2899"><span class='ocrx_word' id='word_1_1' title='bbox 0 220 23 805; x_wconf 95' lang='lat' dir='ltr'><strong> </strong></span> 
     </span>
    </p>
   </div>
   <div class='ocr_carea' id='block_1_2' title="bbox 889 208 1433 251">
    <p class='ocr_par' dir='ltr' id='par_1_2' title="bbox 889 208 1433 251">
     <span class='ocr_line' id='line_1_2' title="bbox 889 208 1433 251; baseline 0.006 -3"><span class='ocrx_word' id='word_1_2' title='bbox 889 208 1074 249; x_wconf 83' lang='lat' dir='ltr'><strong>URANII</strong></span> <span class='ocrx_word' id='word_1_3' title='bbox 1102 211 1433 251; x_wconf 82' lang='lat' dir='ltr'>FRAGMENTA.</span> 
     </span>
    </p>
   </div>
   <div class='ocr_carea' id='block_1_3' title="bbox 2191 229 2266 262">
    <p class='ocr_par' dir='ltr' id='par_1_3' title="bbox 2191 229 2266 262">
     <span class='ocr_line' id='line_1_3' title="bbox 2191 229 2266 262; baseline 0.013 -1"><span class='ocrx_word' id='word_1_4' title='bbox 2191 229 2266 262; x_wconf 77' lang='lat'><strong>523</strong></span> 
     </span>
    </p>
   </div>
   <div class='ocr_carea' id='block_1_4' title="bbox 130 291 2266 354">
    <p class='ocr_par' dir='ltr' id='par_1_4' title="bbox 130 291 2266 354">
     <span class='ocr_line' id='line_1_4' title="bbox 130 291 2266 354; baseline 0.011 -33"><span class='ocrx_word' id='word_1_5' title='bbox 130 294 164 334; x_wconf 68' lang='grc' dir='ltr'><strong>δὲ</strong></span> <span class='ocrx_word' id='word_1_6' title='bbox 181 297 231 345; x_wconf 69' lang='grc' dir='ltr'><strong>τῷ</strong></span> <span class='ocrx_word' id='word_1_7' title='bbox 253 293 346 346; x_wconf 74' lang='grc' dir='ltr'><strong>ζήλῳ</strong></span> <span class='ocrx_word' id='word_1_8' title='bbox 363 291 682 345; x_wconf 75' lang='grc' dir='ltr'>συμπεριενεχθεὶς,</span> <span class='ocrx_word' id='word_1_9' title='bbox 698 293 772 342; x_wconf 89' lang='grc' dir='ltr'>μεθ’</span> <span class='ocrx_word' id='word_1_10' title='bbox 792 295 900 345; x_wconf 80' lang='grc' dir='ltr'>δρμῆς</span> <span class='ocrx_word' id='word_1_11' title='bbox 924 293 982 332; x_wconf 87' lang='grc' dir='ltr'>ε’πὶ</span> <span class='ocrx_word' id='word_1_12' title='bbox 999 294 1060 341; x_wconf 83' lang='grc' dir='ltr'><strong>τὴν</strong></span> <span class='ocrx_word' id='word_1_13' title='bbox 1082 294 1167 342; x_wconf 79' lang='grc' dir='ltr'>ὕλην</span> <span class='ocrx_word' id='word_1_14' title='bbox 1230 298 1290 342; x_wconf 91' lang='grc' dir='ltr'><strong>ΙΙ,</strong></span> <span class='ocrx_word' id='word_1_15' title='bbox 1317 310 1348 334; x_wconf 88' lang='lat' dir='ltr'><strong>c.</strong></span> <span class='ocrx_word' id='word_1_16' title='bbox 1363 310 1412 346; x_wconf 84' lang='lat'><strong>29</strong></span> <span class='ocrx_word' id='word_1_17' title='bbox 1428 310 1512 346; x_wconf 88' lang='lat' dir='ltr'>sqq.</span> <span class='ocrx_word' id='word_1_18' title='bbox 1535 297 1654 348; x_wconf 89' lang='lat' dir='ltr'><strong>(unde</strong></span> <span class='ocrx_word' id='word_1_19' title='bbox 1673 303 1854 339; x_wconf 85' lang='lat' dir='ltr'><strong>nonnulla</strong></span> <span class='ocrx_word' id='word_1_20' title='bbox 1872 307 2054 354; x_wconf 79' lang='lat' dir='ltr'>excerpsit</span> <span class='ocrx_word' id='word_1_21' title='bbox 2077 307 2210 343; x_wconf 90' lang='lat' dir='ltr'><strong>Suidas</strong></span> <span class='ocrx_word' id='word_1_22' title='bbox 2228 321 2266 343; x_wconf 89' lang='lat' dir='ltr'><strong>v.</strong></span> 
     </span>
    </p>
   </div>
   <div class='ocr_carea' id='block_1_5' title="bbox 92 349 1170 2087">
    <p class='ocr_par' dir='ltr' id='par_1_5' title="bbox 125 349 1170 635">
     <span class='ocr_line' id='line_1_5' title="bbox 128 349 1170 405; baseline 0.001 -15"><span class='ocrx_word' id='word_1_23' title='bbox 128 353 239 405; x_wconf 86' lang='grc' dir='ltr'>ἤχθη,</span> <span class='ocrx_word' id='word_1_24' title='bbox 258 352 318 391; x_wconf 82' lang='grc' dir='ltr'><strong>καὶ</strong></span> <span class='ocrx_word' id='word_1_25' title='bbox 338 350 560 402; x_wconf 80' lang='grc' dir='ltr'>σπασάμενος</span> <span class='ocrx_word' id='word_1_26' title='bbox 591 350 631 389; x_wconf 84' lang='grc' dir='ltr'><strong>τὸ</strong></span> <span class='ocrx_word' id='word_1_27' title='bbox 659 349 769 403; x_wconf 84' lang='grc' dir='ltr'>ξίφος,</span> <span class='ocrx_word' id='word_1_28' title='bbox 789 351 909 390; x_wconf 82' lang='grc' dir='ltr'>ἐδίωκε</span> <span class='ocrx_word' id='word_1_29' title='bbox 937 351 994 390; x_wconf 82' lang='grc' dir='ltr'><strong>τὸν</strong></span> <span class='ocrx_word' id='word_1_30' title='bbox 1016 352 1101 400; x_wconf 82' lang='grc' dir='ltr'>υἱὸν,</span> <span class='ocrx_word' id='word_1_31' title='bbox 1124 356 1170 397; x_wconf 87' lang='grc' dir='ltr'><strong>ὡς</strong></span> 
     </span>
     <span class='ocr_line' id='line_1_6' title="bbox 127 406 1168 461; baseline -0.002 -12"><span class='ocrx_word' id='word_1_32' title='bbox 127 409 312 449; x_wconf 75' lang='grc' dir='ltr'>ἐπίὸουλον</span> <span class='ocrx_word' id='word_1_33' title='bbox 331 411 399 447; x_wconf 82' lang='grc' dir='ltr'><strong>τῶν</strong></span> <span class='ocrx_word' id='word_1_34' title='bbox 418 406 590 461; x_wconf 83' lang='grc' dir='ltr'>πατρῴων</span> <span class='ocrx_word' id='word_1_35' title='bbox 609 407 748 459; x_wconf 86' lang='grc' dir='ltr'>γάμων.</span> <span class='ocrx_word' id='word_1_36' title='bbox 772 407 816 447; x_wconf 90' lang='grc' dir='ltr'>Ὁ</span> <span class='ocrx_word' id='word_1_37' title='bbox 831 409 866 446; x_wconf 79' lang='grc' dir='ltr'><strong>δὲ</strong></span> <span class='ocrx_word' id='word_1_38' title='bbox 884 409 953 453; x_wconf 81' lang='grc' dir='ltr'>υἱὸς</span> <span class='ocrx_word' id='word_1_39' title='bbox 973 410 1168 461; x_wconf 87' lang='grc' dir='ltr'>περικατά-</span> 
     </span>
     <span class='ocr_line' id='line_1_7' title="bbox 125 465 1168 519; baseline 0 -13"><span class='ocrx_word' id='word_1_40' title='bbox 125 467 255 515; x_wconf 87' lang='grc' dir='ltr'>ληπτος</span> <span class='ocrx_word' id='word_1_41' title='bbox 268 466 465 519; x_wconf 79' lang='grc' dir='ltr'>γενόμενος,</span> <span class='ocrx_word' id='word_1_42' title='bbox 481 465 602 504; x_wconf 83' lang='grc' dir='ltr'>ἑαυτὸν</span> <span class='ocrx_word' id='word_1_43' title='bbox 620 465 756 518; x_wconf 72' lang='grc' dir='ltr'>ἔρριψεν</span> <span class='ocrx_word' id='word_1_44' title='bbox 774 468 820 511; x_wconf 86' lang='grc' dir='ltr'><strong>εἷς</strong></span> <span class='ocrx_word' id='word_1_45' title='bbox 833 467 989 518; x_wconf 84' lang='grc' dir='ltr'>ποταμὸν</span> <span class='ocrx_word' id='word_1_46' title='bbox 1003 467 1168 518; x_wconf 71' lang='grc' dir='ltr'>Ῥόμὸον,</span> 
     </span>
     <span class='ocr_line' id='line_1_8' title="bbox 125 523 1167 577; baseline 0 -14"><span class='ocrx_word' id='word_1_47' title='bbox 125 525 160 569; x_wconf 84' lang='grc' dir='ltr'><strong>ὃς</strong></span> <span class='ocrx_word' id='word_1_48' title='bbox 171 525 230 564; x_wconf 85' lang='grc' dir='ltr'>ἀπ’</span> <span class='ocrx_word' id='word_1_49' title='bbox 250 527 354 564; x_wconf 80' lang='grc' dir='ltr'>αὐτοῦ</span> <span class='ocrx_word' id='word_1_50' title='bbox 370 523 503 576; x_wconf 71' lang='grc' dir='ltr'>“Έ6ρος</span> <span class='ocrx_word' id='word_1_51' title='bbox 515 525 768 575; x_wconf 85' lang='grc' dir='ltr'>μετωνομάσθη</span> <span class='ocrx_word' id='word_1_52' title='bbox 783 540 790 549; x_wconf 91' lang='grc'><em>·</em></span> <span class='ocrx_word' id='word_1_53' title='bbox 814 524 928 570; x_wconf 85' lang='grc' dir='ltr'>καθὼς</span> <span class='ocrx_word' id='word_1_54' title='bbox 952 526 1086 577; x_wconf 79' lang='grc' dir='ltr'>ἱστορεῖ</span> <span class='ocrx_word' id='word_1_55' title='bbox 1103 528 1167 566; x_wconf 78' lang='grc' dir='ltr'><strong>Τι-</strong></span> 
     </span>
     <span class='ocr_line' id='line_1_9' title="bbox 126 582 666 635; baseline -0.002 -14"><span class='ocrx_word' id='word_1_56' title='bbox 126 582 247 633; x_wconf 85' lang='grc' dir='ltr'>μόθεος</span> <span class='ocrx_word' id='word_1_57' title='bbox 257 585 291 621; x_wconf 83' lang='grc' dir='ltr'>ἐν</span> <span class='ocrx_word' id='word_1_58' title='bbox 308 582 354 621; x_wconf 83' lang='grc' dir='ltr'><strong>ια’</strong></span> <span class='ocrx_word' id='word_1_59' title='bbox 377 582 466 635; x_wconf 78' lang='grc' dir='ltr'>Περὶ</span> <span class='ocrx_word' id='word_1_60' title='bbox 483 584 666 632; x_wconf 87' lang='grc' dir='ltr'>ποταμῶν.</span> 
     </span>
    </p>

    <p class='ocr_par' dir='ltr' id='par_1_6' title="bbox 120 642 1168 1097">
     <span class='ocr_line' id='line_1_10' title="bbox 177 642 1167 693; baseline 0.002 -14"><span class='ocrx_word' id='word_1_61' title='bbox 177 643 349 679; x_wconf 90' lang='lat' dir='ltr'><strong>Eundem</strong></span> <span class='ocrx_word' id='word_1_62' title='bbox 364 643 605 678; x_wconf 88' lang='lat' dir='ltr'>Timotheum</span> <span class='ocrx_word' id='word_1_63' title='bbox 628 642 782 678; x_wconf 85' lang='lat' dir='ltr'><strong>fortasse</strong></span> <span class='ocrx_word' id='word_1_64' title='bbox 799 643 929 679; x_wconf 84' lang='lat' dir='ltr'><strong>laudat</strong></span> <span class='ocrx_word' id='word_1_65' title='bbox 957 644 1167 693; x_wconf 84' lang='lat' dir='ltr'>Stephanus</span> 
     </span>
     <span class='ocr_line' id='line_1_11' title="bbox 123 698 1168 752; baseline 0.003 -16"><span class='ocrx_word' id='word_1_66' title='bbox 123 701 213 748; x_wconf 82' lang='lat' dir='ltr'><strong>Byz.</strong></span> <span class='ocrx_word' id='word_1_67' title='bbox 231 714 269 740; x_wconf 86' lang='lat' dir='ltr'><strong>v.</strong></span> <span class='ocrx_word' id='word_1_68' title='bbox 293 699 426 742; x_wconf 78' lang='grc' dir='ltr'>Γάλλος</span> <span class='ocrx_word' id='word_1_69' title='bbox 445 699 500 748; x_wconf 77' lang='lat' dir='ltr'><strong>(v,</strong></span> <span class='ocrx_word' id='word_1_70' title='bbox 534 701 787 737; x_wconf 86' lang='lat' dir='ltr'><strong>Promathidae</strong></span> <span class='ocrx_word' id='word_1_71' title='bbox 804 701 849 740; x_wconf 90' lang='lat' dir='ltr'><strong>fr.</strong></span> <span class='ocrx_word' id='word_1_72' title='bbox 880 698 937 752; x_wconf 87' lang='lat'><strong>5),</strong></span> <span class='ocrx_word' id='word_1_73' title='bbox 972 703 1043 738; x_wconf 90' lang='lat' dir='ltr'><strong>nisi</strong></span> <span class='ocrx_word' id='word_1_74' title='bbox 1061 704 1168 739; x_wconf 89' lang='lat' dir='ltr'><strong>malis</strong></span> 
     </span>
     <span class='ocr_line' id='line_1_12' title="bbox 123 757 1167 809; baseline 0.003 -15"><span class='ocrx_word' id='word_1_75' title='bbox 123 757 226 795; x_wconf 89' lang='lat' dir='ltr'><strong>hunc</strong></span> <span class='ocrx_word' id='word_1_76' title='bbox 240 771 317 795; x_wconf 90' lang='lat' dir='ltr'><strong>esse</strong></span> <span class='ocrx_word' id='word_1_77' title='bbox 336 759 578 795; x_wconf 78' lang='lat' dir='ltr'><strong>Timotheum</strong></span> <span class='ocrx_word' id='word_1_78' title='bbox 594 759 813 808; x_wconf 84' lang='lat' dir='ltr'><strong>theologum</strong></span> <span class='ocrx_word' id='word_1_79' title='bbox 824 786 834 805; x_wconf 96' lang='lat'><strong>,</strong></span> <span class='ocrx_word' id='word_1_80' title='bbox 853 760 918 807; x_wconf 90' lang='lat' dir='ltr'><strong>qui</strong></span> <span class='ocrx_word' id='word_1_81' title='bbox 933 760 980 796; x_wconf 90' lang='lat' dir='ltr'><strong>de</strong></span> <span class='ocrx_word' id='word_1_82' title='bbox 994 760 1167 809; x_wconf 79' lang='lat' dir='ltr'>Phrygiis</span> 
     </span>
     <span class='ocr_line' id='line_1_13' title="bbox 124 815 1161 867; baseline 0.004 -16"><span class='ocrx_word' id='word_1_83' title='bbox 124 815 195 852; x_wconf 82' lang='lat' dir='ltr'><strong>diis</strong></span> <span class='ocrx_word' id='word_1_84' title='bbox 223 817 343 852; x_wconf 86' lang='lat' dir='ltr'><strong>multa</strong></span> <span class='ocrx_word' id='word_1_85' title='bbox 371 817 545 853; x_wconf 84' lang='lat' dir='ltr'>disseruit</span> <span class='ocrx_word' id='word_1_86' title='bbox 573 823 665 853; x_wconf 89' lang='lat' dir='ltr'><strong>teste</strong></span> <span class='ocrx_word' id='word_1_87' title='bbox 697 817 869 853; x_wconf 91' lang='lat' dir='ltr'><strong>Arnobio</strong></span> <span class='ocrx_word' id='word_1_88' title='bbox 895 819 951 867; x_wconf 86' lang='lat' dir='ltr'><strong>V,</strong></span> <span class='ocrx_word' id='word_1_89' title='bbox 975 816 1011 864; x_wconf 85' lang='lat'><strong>5,</strong></span> <span class='ocrx_word' id='word_1_90' title='bbox 1033 819 1161 855; x_wconf 87' lang='lat' dir='ltr'><strong>collat.</strong></span> 
     </span>
     <span class='ocr_line' id='line_1_14' title="bbox 121 874 1164 920; baseline 0.004 -11"><span class='ocrx_word' id='word_1_91' title='bbox 121 874 294 910; x_wconf 90' lang='lat' dir='ltr'><strong>Macrob.</strong></span> <span class='ocrx_word' id='word_1_92' title='bbox 317 877 372 919; x_wconf 89' lang='lat' dir='ltr'><strong>V,</strong></span> <span class='ocrx_word' id='word_1_93' title='bbox 400 874 421 911; x_wconf 85' lang='lat'><strong>5</strong></span> <span class='ocrx_word' id='word_1_94' title='bbox 436 903 447 920; x_wconf 83' lang='grc'><strong>.,</strong></span> <span class='ocrx_word' id='word_1_95' title='bbox 469 882 507 911; x_wconf 90' lang='lat' dir='ltr'><strong>et</strong></span> <span class='ocrx_word' id='word_1_96' title='bbox 521 876 712 911; x_wconf 85' lang='lat' dir='ltr'>Plutarch.</span> <span class='ocrx_word' id='word_1_97' title='bbox 740 875 796 913; x_wconf 90' lang='lat' dir='ltr'><strong>De</strong></span> <span class='ocrx_word' id='word_1_98' title='bbox 814 877 863 911; x_wconf 89' lang='lat' dir='ltr'><strong>Is.</strong></span> <span class='ocrx_word' id='word_1_99' title='bbox 887 882 923 911; x_wconf 87' lang='lat' dir='ltr'><strong>et</strong></span> <span class='ocrx_word' id='word_1_100' title='bbox 941 876 1038 912; x_wconf 87' lang='lat' dir='ltr'><strong>Osir.</strong></span> <span class='ocrx_word' id='word_1_101' title='bbox 1061 890 1093 913; x_wconf 89' lang='lat' dir='ltr'><strong>c.</strong></span> <span class='ocrx_word' id='word_1_102' title='bbox 1116 877 1164 913; x_wconf 87' lang='lat'><strong>28</strong></span> 
     </span>
     <span class='ocr_line' id='line_1_15' title="bbox 124 929 1163 981; baseline 0.003 -14"><span class='ocrx_word' id='word_1_103' title='bbox 124 929 188 980; x_wconf 80' lang='lat' dir='ltr'><strong>(v.</strong></span> <span class='ocrx_word' id='word_1_104' title='bbox 206 933 444 968; x_wconf 89' lang='lat' dir='ltr'><strong>Manethonis</strong></span> <span class='ocrx_word' id='word_1_105' title='bbox 462 932 506 971; x_wconf 87' lang='lat' dir='ltr'><strong>fr.</strong></span> <span class='ocrx_word' id='word_1_106' title='bbox 528 931 603 981; x_wconf 92' lang='grc'>62).</span> <span class='ocrx_word' id='word_1_107' title='bbox 617 935 653 969; x_wconf 95' lang='lat' dir='ltr'><strong>Is</strong></span> <span class='ocrx_word' id='word_1_108' title='bbox 662 934 814 981; x_wconf 86' lang='lat' dir='ltr'><strong>aequalis</strong></span> <span class='ocrx_word' id='word_1_109' title='bbox 833 934 903 969; x_wconf 84' lang='lat' dir='ltr'><strong>fuit</strong></span> <span class='ocrx_word' id='word_1_110' title='bbox 915 935 1163 972; x_wconf 89' lang='lat' dir='ltr'><strong>Manethonis.</strong></span> 
     </span>
     <span class='ocr_line' id='line_1_16' title="bbox 120 989 1165 1045; baseline 0.006 -21"><span class='ocrx_word' id='word_1_111' title='bbox 120 989 221 1025; x_wconf 86' lang='lat' dir='ltr'><strong>Fieri</strong></span> <span class='ocrx_word' id='word_1_112' title='bbox 238 989 354 1026; x_wconf 88' lang='lat' dir='ltr'><strong>etiam</strong></span> <span class='ocrx_word' id='word_1_113' title='bbox 368 998 494 1039; x_wconf 87' lang='lat' dir='ltr'><strong>potest</strong></span> <span class='ocrx_word' id='word_1_114' title='bbox 509 998 551 1027; x_wconf 92' lang='lat' dir='ltr'><strong>ut</strong></span> <span class='ocrx_word' id='word_1_115' title='bbox 565 992 763 1040; x_wconf 88' lang='lat' dir='ltr'><strong>theologus</strong></span> <span class='ocrx_word' id='word_1_116' title='bbox 782 992 829 1027; x_wconf 85' lang='lat' dir='ltr'><strong>ab</strong></span> <span class='ocrx_word' id='word_1_117' title='bbox 850 1004 896 1028; x_wconf 91' lang='lat' dir='ltr'><strong>eo</strong></span> <span class='ocrx_word' id='word_1_118' title='bbox 917 994 983 1041; x_wconf 89' lang='lat' dir='ltr'><strong>qui</strong></span> <span class='ocrx_word' id='word_1_119' title='bbox 999 991 1088 1045; x_wconf 82' lang='grc' dir='ltr'>Περὶ</span> <span class='ocrx_word' id='word_1_120' title='bbox 1103 1008 1165 1030; x_wconf 88' lang='grc' dir='ltr'><strong>πο-</strong></span> 
     </span>
     <span class='ocr_line' id='line_1_17' title="bbox 121 1048 790 1097; baseline 0.003 -14"><span class='ocrx_word' id='word_1_121' title='bbox 121 1048 245 1096; x_wconf 84' lang='grc' dir='ltr'>ταμῶν</span> <span class='ocrx_word' id='word_1_122' title='bbox 261 1049 411 1097; x_wconf 81' lang='lat' dir='ltr'><strong>scripsit</strong></span> <span class='ocrx_word' id='word_1_123' title='bbox 422 1077 433 1096; x_wconf 88' lang='lat'><strong>‚</strong></span> <span class='ocrx_word' id='word_1_124' title='bbox 453 1061 531 1084; x_wconf 89' lang='lat' dir='ltr'><strong>non</strong></span> <span class='ocrx_word' id='word_1_125' title='bbox 544 1050 592 1084; x_wconf 88' lang='lat' dir='ltr'><strong>sit</strong></span> <span class='ocrx_word' id='word_1_126' title='bbox 608 1049 790 1085; x_wconf 84' lang='lat' dir='ltr'><strong>diversus.</strong></span> 
     </span>
    </p>

    <p class='ocr_par' dir='ltr' id='par_1_7' title="bbox 92 1106 1162 1797">
     <span class='ocr_line' id='line_1_18' title="bbox 178 1106 1160 1159; baseline 0.004 -18"><span class='ocrx_word' id='word_1_127' title='bbox 178 1106 409 1142; x_wconf 76' lang='lat' dir='ltr'><em>Timotheum</em></span> <span class='ocrx_word' id='word_1_128' title='bbox 438 1107 698 1143; x_wconf 80' lang='lat' dir='ltr'><em>Atheniensem</em></span> <span class='ocrx_word' id='word_1_129' title='bbox 730 1107 765 1144; x_wconf 83' lang='grc' dir='ltr'>ἐν</span> <span class='ocrx_word' id='word_1_130' title='bbox 798 1107 847 1158; x_wconf 78' lang='grc' dir='ltr'><strong>τῷ</strong></span> <span class='ocrx_word' id='word_1_131' title='bbox 873 1106 963 1158; x_wconf 77' lang='grc' dir='ltr'>Περὶ</span> <span class='ocrx_word' id='word_1_132' title='bbox 984 1106 1067 1158; x_wconf 86' lang='grc' dir='ltr'>βίων</span> <span class='ocrx_word' id='word_1_133' title='bbox 1087 1108 1160 1159; x_wconf 89' lang='lat' dir='ltr'><strong>(sc.</strong></span> 
     </span>
     <span class='ocr_line' id='line_1_19' title="bbox 118 1163 1161 1218; baseline 0.006 -19"><span class='ocrx_word' id='word_1_134' title='bbox 118 1163 453 1213; x_wconf 86' lang='lat' dir='ltr'><strong>philosophorum)</strong></span> <span class='ocrx_word' id='word_1_135' title='bbox 478 1165 610 1201; x_wconf 90' lang='lat' dir='ltr'><strong>laudat</strong></span> <span class='ocrx_word' id='word_1_136' title='bbox 628 1166 791 1214; x_wconf 84' lang='lat' dir='ltr'><strong>Diogen.</strong></span> <span class='ocrx_word' id='word_1_137' title='bbox 824 1167 903 1212; x_wconf 91' lang='lat'><strong>111,</strong></span> <span class='ocrx_word' id='word_1_138' title='bbox 933 1165 954 1202; x_wconf 82' lang='lat'><strong><em>5</em></strong></span> <span class='ocrx_word' id='word_1_139' title='bbox 987 1179 997 1202; x_wconf 76' lang='grc' dir='ltr'>ε</span> <span class='ocrx_word' id='word_1_140' title='bbox 1028 1165 1161 1218; x_wconf 84' lang='grc' dir='ltr'>Ἰσχνό-</span> 
     </span>
     <span class='ocr_line' id='line_1_20' title="bbox 120 1215 1162 1275; baseline 0.006 -18"><span class='ocrx_word' id='word_1_141' title='bbox 120 1234 230 1273; x_wconf 85' lang='grc' dir='ltr'>φωνος</span> <span class='ocrx_word' id='word_1_142' title='bbox 244 1215 286 1268; x_wconf 71' lang='grc' dir='ltr'>ἦν</span> <span class='ocrx_word' id='word_1_143' title='bbox 305 1220 508 1275; x_wconf 82' lang='grc' dir='ltr'>(Πλάτων),</span> <span class='ocrx_word' id='word_1_144' title='bbox 525 1224 570 1266; x_wconf 86' lang='grc' dir='ltr'><strong>ὣς</strong></span> <span class='ocrx_word' id='word_1_145' title='bbox 585 1221 645 1260; x_wconf 84' lang='grc' dir='ltr'><strong>καὶ</strong></span> <span class='ocrx_word' id='word_1_146' title='bbox 655 1221 824 1273; x_wconf 84' lang='grc' dir='ltr'>Τιμόθεός</span> <span class='ocrx_word' id='word_1_147' title='bbox 837 1238 941 1275; x_wconf 86' lang='grc' dir='ltr'>φησιν</span> <span class='ocrx_word' id='word_1_148' title='bbox 955 1225 973 1261; x_wconf 99' lang='lat'><em>6</em></span> <span class='ocrx_word' id='word_1_149' title='bbox 987 1223 1162 1270; x_wconf 80' lang='grc' dir='ltr'>Ἀθηναῖος</span> 
     </span>
     <span class='ocr_line' id='line_1_21' title="bbox 120 1273 1162 1334; baseline 0.002 -18"><span class='ocrx_word' id='word_1_150' title='bbox 120 1279 156 1316; x_wconf 82' lang='grc' dir='ltr'>ἐν</span> <span class='ocrx_word' id='word_1_151' title='bbox 185 1281 235 1331; x_wconf 81' lang='grc' dir='ltr'><strong>τῷ</strong></span> <span class='ocrx_word' id='word_1_152' title='bbox 267 1279 356 1332; x_wconf 86' lang='grc' dir='ltr'>Περὶ</span> <span class='ocrx_word' id='word_1_153' title='bbox 377 1278 473 1332; x_wconf 85' lang='grc' dir='ltr'>βίων.</span> <span class='ocrx_word' id='word_1_154' title='bbox 498 1302 551 1308; x_wconf 91' lang='lat'><strong>—-</strong></span> <span class='ocrx_word' id='word_1_155' title='bbox 577 1282 631 1327; x_wconf 87' lang='lat' dir='ltr'><strong>V,</strong></span> <span class='ocrx_word' id='word_1_156' title='bbox 654 1293 671 1317; x_wconf 94' lang='lat'>1</span> <span class='ocrx_word' id='word_1_157' title='bbox 705 1293 713 1316; x_wconf 76' lang='grc' dir='ltr'><strong><em>ε</em></strong></span> <span class='ocrx_word' id='word_1_158' title='bbox 739 1273 850 1323; x_wconf 72' lang='grc' dir='ltr'>Οῧτος</span> <span class='ocrx_word' id='word_1_159' title='bbox 872 1279 1162 1334; x_wconf 83' lang='grc' dir='ltr'>(Ἀριστοτέλης),</span> 
     </span>
     <span class='ocr_line' id='line_1_22' title="bbox 119 1335 1161 1393; baseline 0.004 -20"><span class='ocrx_word' id='word_1_160' title='bbox 119 1335 352 1384; x_wconf 84' lang='grc' dir='ltr'>γνησιώτατος</span> <span class='ocrx_word' id='word_1_161' title='bbox 365 1340 432 1374; x_wconf 85' lang='grc' dir='ltr'><strong>τῶν</strong></span> <span class='ocrx_word' id='word_1_162' title='bbox 448 1337 636 1380; x_wconf 87' lang='grc' dir='ltr'>Πλάτωνος</span> <span class='ocrx_word' id='word_1_163' title='bbox 655 1340 831 1387; x_wconf 81' lang='grc' dir='ltr'>μαθητῶν,</span> <span class='ocrx_word' id='word_1_164' title='bbox 846 1338 992 1390; x_wconf 79' lang='grc' dir='ltr'>τραυλὸς</span> <span class='ocrx_word' id='word_1_165' title='bbox 1007 1340 1071 1385; x_wconf 82' lang='grc' dir='ltr'><strong>τὴν</strong></span> <span class='ocrx_word' id='word_1_166' title='bbox 1091 1355 1161 1393; x_wconf 90' lang='grc' dir='ltr'><strong>φω-</strong></span> 
     </span>
     <span class='ocr_line' id='line_1_23' title="bbox 118 1393 1159 1450; baseline 0.006 -19"><span class='ocrx_word' id='word_1_167' title='bbox 118 1393 193 1441; x_wconf 83' lang='grc' dir='ltr'>νὴν,</span> <span class='ocrx_word' id='word_1_168' title='bbox 212 1393 258 1438; x_wconf 79' lang='grc' dir='ltr'><strong>ὥς</strong></span> <span class='ocrx_word' id='word_1_169' title='bbox 280 1410 365 1447; x_wconf 85' lang='grc' dir='ltr'>φησι</span> <span class='ocrx_word' id='word_1_170' title='bbox 382 1397 427 1434; x_wconf 89' lang='grc' dir='ltr'><strong>Τ.</strong></span> <span class='ocrx_word' id='word_1_171' title='bbox 449 1398 468 1434; x_wconf 88' lang='lat'><em>6</em></span> <span class='ocrx_word' id='word_1_172' title='bbox 490 1395 559 1435; x_wconf 87' lang='grc' dir='ltr'><strong>Ἀθ.</strong></span> <span class='ocrx_word' id='word_1_173' title='bbox 575 1397 610 1433; x_wconf 85' lang='grc' dir='ltr'>ἐν</span> <span class='ocrx_word' id='word_1_174' title='bbox 630 1397 680 1447; x_wconf 82' lang='grc' dir='ltr'><strong>τῷ</strong></span> <span class='ocrx_word' id='word_1_175' title='bbox 701 1396 788 1449; x_wconf 80' lang='grc' dir='ltr'>Περὶ</span> <span class='ocrx_word' id='word_1_176' title='bbox 815 1396 914 1447; x_wconf 87' lang='grc' dir='ltr'>βίων.</span> <span class='ocrx_word' id='word_1_177' title='bbox 932 1419 986 1427; x_wconf 90' lang='grc'>-</span> <span class='ocrx_word' id='word_1_178' title='bbox 1009 1400 1078 1450; x_wconf 89' lang='lat' dir='ltr'><strong>IV,</strong></span> <span class='ocrx_word' id='word_1_179' title='bbox 1106 1405 1128 1445; x_wconf 96' lang='grc'>4</span> <span class='ocrx_word' id='word_1_180' title='bbox 1150 1414 1159 1437; x_wconf 89' lang='lat'>:</span> 
     </span>
     <span class='ocr_line' id='line_1_24' title="bbox 118 1443 1162 1507; baseline 0.003 -16"><span class='ocrx_word' id='word_1_181' title='bbox 118 1443 191 1491; x_wconf 56' lang='grc' dir='ltr'><strong>ὟΗν</strong></span> <span class='ocrx_word' id='word_1_182' title='bbox 207 1451 244 1490; x_wconf 84' lang='grc' dir='ltr'><strong>δὲ</strong></span> <span class='ocrx_word' id='word_1_183' title='bbox 265 1451 531 1505; x_wconf 81' lang='grc' dir='ltr'>(Σπεύσιππος)</span> <span class='ocrx_word' id='word_1_184' title='bbox 552 1453 666 1491; x_wconf 75' lang='grc' dir='ltr'>καὶτὸ</span> <span class='ocrx_word' id='word_1_185' title='bbox 692 1455 797 1503; x_wconf 82' lang='grc' dir='ltr'>σῶμα</span> <span class='ocrx_word' id='word_1_186' title='bbox 829 1454 1096 1507; x_wconf 83' lang='grc' dir='ltr'>διακεχυμένος,</span> <span class='ocrx_word' id='word_1_187' title='bbox 1115 1455 1162 1500; x_wconf 80' lang='grc' dir='ltr'><strong>ὥς</strong></span> 
     </span>
     <span class='ocr_line' id='line_1_25' title="bbox 117 1511 1159 1566; baseline 0.003 -18"><span class='ocrx_word' id='word_1_188' title='bbox 117 1524 203 1563; x_wconf 89' lang='grc' dir='ltr'>φησι</span> <span class='ocrx_word' id='word_1_189' title='bbox 220 1512 266 1550; x_wconf 86' lang='grc' dir='ltr'><strong>Τ.</strong></span> <span class='ocrx_word' id='word_1_190' title='bbox 285 1511 320 1548; x_wconf 79' lang='grc' dir='ltr'>ἐν</span> <span class='ocrx_word' id='word_1_191' title='bbox 338 1513 388 1564; x_wconf 81' lang='grc' dir='ltr'><strong>τῷ</strong></span> <span class='ocrx_word' id='word_1_192' title='bbox 407 1512 455 1550; x_wconf 92' lang='grc' dir='ltr'><strong>Π.</strong></span> <span class='ocrx_word' id='word_1_193' title='bbox 476 1514 510 1563; x_wconf 89' lang='grc' dir='ltr'><strong>β.</strong></span> <span class='ocrx_word' id='word_1_194' title='bbox 526 1533 580 1541; x_wconf 91' lang='lat'>—</span> <span class='ocrx_word' id='word_1_195' title='bbox 599 1515 691 1562; x_wconf 91' lang='lat' dir='ltr'><strong>VII,</strong></span> <span class='ocrx_word' id='word_1_196' title='bbox 717 1526 733 1549; x_wconf 93' lang='lat'>1</span> <span class='ocrx_word' id='word_1_197' title='bbox 756 1525 766 1551; x_wconf 88' lang='lat'>:</span> <span class='ocrx_word' id='word_1_198' title='bbox 785 1511 925 1563; x_wconf 83' lang='grc' dir='ltr'>(Ζήνων</span> <span class='ocrx_word' id='word_1_199' title='bbox 948 1516 966 1551; x_wconf 90' lang='lat'><em>6</em></span> <span class='ocrx_word' id='word_1_200' title='bbox 986 1513 1159 1566; x_wconf 81' lang='grc' dir='ltr'>Κιττιεὺς)</span> 
     </span>
     <span class='ocr_line' id='line_1_26' title="bbox 116 1564 1160 1623; baseline 0.005 -17"><span class='ocrx_word' id='word_1_201' title='bbox 116 1567 175 1606; x_wconf 83' lang='grc' dir='ltr'><strong>τὸν</strong></span> <span class='ocrx_word' id='word_1_202' title='bbox 191 1567 366 1620; x_wconf 84' lang='grc' dir='ltr'>τράχηλον</span> <span class='ocrx_word' id='word_1_203' title='bbox 392 1569 450 1607; x_wconf 76' lang='grc' dir='ltr'>ἐπὶ</span> <span class='ocrx_word' id='word_1_204' title='bbox 481 1569 609 1621; x_wconf 85' lang='grc' dir='ltr'>θάτερα</span> <span class='ocrx_word' id='word_1_205' title='bbox 634 1568 800 1613; x_wconf 85' lang='grc' dir='ltr'>νενευκὼς</span> <span class='ocrx_word' id='word_1_206' title='bbox 826 1564 880 1618; x_wconf 71' lang='grc' dir='ltr'><strong>ἦν,</strong></span> <span class='ocrx_word' id='word_1_207' title='bbox 898 1569 944 1614; x_wconf 82' lang='grc' dir='ltr'><strong>ὥς</strong></span> <span class='ocrx_word' id='word_1_208' title='bbox 974 1586 1059 1623; x_wconf 86' lang='grc' dir='ltr'>φησι</span> <span class='ocrx_word' id='word_1_209' title='bbox 1078 1573 1122 1612; x_wconf 89' lang='grc' dir='ltr'><strong>Τ.</strong></span> <span class='ocrx_word' id='word_1_210' title='bbox 1142 1575 1160 1610; x_wconf 87' lang='lat'><em>6</em></span> 
     </span>
     <span class='ocr_line' id='line_1_27' title="bbox 92 1625 1161 1680; baseline 0.003 -15"><span class='ocrx_word' id='word_1_211' title='bbox 92 1667 94 1670; x_wconf 67' lang='grc'>,</span> <span class='ocrx_word' id='word_1_212' title='bbox 117 1625 187 1666; x_wconf 85' lang='grc' dir='ltr'><strong>Ἀθ.</strong></span> <span class='ocrx_word' id='word_1_213' title='bbox 208 1628 242 1666; x_wconf 83' lang='grc' dir='ltr'>ἐν</span> <span class='ocrx_word' id='word_1_214' title='bbox 264 1628 314 1680; x_wconf 80' lang='grc' dir='ltr'><strong>τῷ</strong></span> <span class='ocrx_word' id='word_1_215' title='bbox 335 1629 382 1666; x_wconf 90' lang='grc' dir='ltr'><strong>Π.</strong></span> <span class='ocrx_word' id='word_1_216' title='bbox 413 1630 449 1679; x_wconf 90' lang='grc' dir='ltr'><strong>β.</strong></span> <span class='ocrx_word' id='word_1_217' title='bbox 466 1630 638 1666; x_wconf 82' lang='lat' dir='ltr'>Fortasse</span> <span class='ocrx_word' id='word_1_218' title='bbox 656 1630 756 1666; x_wconf 90' lang='lat' dir='ltr'><strong>idem</strong></span> <span class='ocrx_word' id='word_1_219' title='bbox 778 1637 833 1666; x_wconf 90' lang='lat' dir='ltr'><strong>est</strong></span> <span class='ocrx_word' id='word_1_220' title='bbox 863 1643 951 1666; x_wconf 90' lang='lat' dir='ltr'><strong>cum</strong></span> <span class='ocrx_word' id='word_1_221' title='bbox 972 1632 1161 1669; x_wconf 80' lang='lat' dir='ltr'><strong>Timotheo</strong></span> 
     </span>
     <span class='ocr_line' id='line_1_28' title="bbox 117 1687 1160 1737; baseline 0.006 -16"><span class='ocrx_word' id='word_1_222' title='bbox 117 1687 348 1734; x_wconf 77' lang='lat' dir='ltr'><strong>Pergameno</strong></span> <span class='ocrx_word' id='word_1_223' title='bbox 367 1700 479 1735; x_wconf 91' lang='lat' dir='ltr'><strong>quem</strong></span> <span class='ocrx_word' id='word_1_224' title='bbox 495 1688 611 1727; x_wconf 88' lang='lat' dir='ltr'><strong>Clem.</strong></span> <span class='ocrx_word' id='word_1_225' title='bbox 627 1689 734 1724; x_wconf 86' lang='lat' dir='ltr'>Alex.</span> <span class='ocrx_word' id='word_1_226' title='bbox 747 1701 786 1737; x_wconf 90' lang='lat' dir='ltr'><strong>p.</strong></span> <span class='ocrx_word' id='word_1_227' title='bbox 809 1688 883 1724; x_wconf 83' lang='lat'><strong>213</strong></span> <span class='ocrx_word' id='word_1_228' title='bbox 904 1690 1010 1737; x_wconf 83' lang='lat' dir='ltr'><strong>Sylb.</strong></span> <span class='ocrx_word' id='word_1_229' title='bbox 1031 1691 1160 1727; x_wconf 89' lang='lat' dir='ltr'><strong>laudat</strong></span> 
     </span>
     <span class='ocr_line' id='line_1_29' title="bbox 115 1742 875 1797; baseline 0.005 -18"><span class='ocrx_word' id='word_1_230' title='bbox 115 1742 151 1779; x_wconf 83' lang='grc' dir='ltr'>ἐν</span> <span class='ocrx_word' id='word_1_231' title='bbox 167 1744 217 1796; x_wconf 85' lang='grc' dir='ltr'><strong>τῷ</strong></span> <span class='ocrx_word' id='word_1_232' title='bbox 234 1742 324 1795; x_wconf 78' lang='grc' dir='ltr'>Περὶ</span> <span class='ocrx_word' id='word_1_233' title='bbox 338 1746 399 1790; x_wconf 77' lang='grc' dir='ltr'><strong>τῆς</strong></span> <span class='ocrx_word' id='word_1_234' title='bbox 411 1746 478 1782; x_wconf 82' lang='grc' dir='ltr'><strong>τῶν</strong></span> <span class='ocrx_word' id='word_1_235' title='bbox 495 1743 688 1797; x_wconf 82' lang='grc' dir='ltr'>φιλοσόφων</span> <span class='ocrx_word' id='word_1_236' title='bbox 704 1744 875 1797; x_wconf 83' lang='grc' dir='ltr'>ἀνδρείας.</span> 
     </span>
    </p>

    <p class='ocr_par' dir='ltr' id='par_1_8' title="bbox 113 1803 1158 2087">
     <span class='ocr_line' id='line_1_30' title="bbox 167 1803 1158 1853; baseline 0.005 -15"><span class='ocrx_word' id='word_1_237' title='bbox 167 1803 402 1846; x_wconf 81' lang='lat' dir='ltr'><strong>Timotheus,</strong></span> <span class='ocrx_word' id='word_1_238' title='bbox 421 1805 697 1853; x_wconf 78' lang='lat' dir='ltr'><strong>chronologus,</strong></span> <span class='ocrx_word' id='word_1_239' title='bbox 717 1806 832 1841; x_wconf 87' lang='lat' dir='ltr'><strong>homo</strong></span> <span class='ocrx_word' id='word_1_240' title='bbox 854 1806 1076 1843; x_wconf 88' lang='lat' dir='ltr'><strong>christianus</strong></span> <span class='ocrx_word' id='word_1_241' title='bbox 1090 1809 1158 1843; x_wconf 85' lang='lat' dir='ltr'><strong>aevi</strong></span> 
     </span>
     <span class='ocr_line' id='line_1_31' title="bbox 114 1861 1153 1914; baseline 0.008 -18"><span class='ocrx_word' id='word_1_242' title='bbox 114 1861 283 1907; x_wconf 85' lang='lat' dir='ltr'><strong>serioris,</strong></span> <span class='ocrx_word' id='word_1_243' title='bbox 302 1863 440 1898; x_wconf 82' lang='lat' dir='ltr'><strong>citatur</strong></span> <span class='ocrx_word' id='word_1_244' title='bbox 461 1875 524 1912; x_wconf 87' lang='lat' dir='ltr'><strong>ap.</strong></span> <span class='ocrx_word' id='word_1_245' title='bbox 557 1865 732 1900; x_wconf 89' lang='lat' dir='ltr'><strong>Malalam</strong></span> <span class='ocrx_word' id='word_1_246' title='bbox 751 1877 789 1912; x_wconf 86' lang='lat' dir='ltr'><strong>p.</strong></span> <span class='ocrx_word' id='word_1_247' title='bbox 817 1864 887 1900; x_wconf 87' lang='lat'><strong>158</strong></span> <span class='ocrx_word' id='word_1_248' title='bbox 901 1894 912 1914; x_wconf 86' lang='lat'><strong>,</strong></span> <span class='ocrx_word' id='word_1_249' title='bbox 933 1864 969 1903; x_wconf 86' lang='lat'><strong>5.</strong></span> <span class='ocrx_word' id='word_1_250' title='bbox 996 1865 1088 1914; x_wconf 86' lang='lat'><strong>159,</strong></span> <span class='ocrx_word' id='word_1_251' title='bbox 1117 1879 1153 1904; x_wconf 83' lang='lat'><strong>2.</strong></span> 
     </span>
     <span class='ocr_line' id='line_1_32' title="bbox 115 1919 1151 1972; baseline 0.005 -17"><span class='ocrx_word' id='word_1_252' title='bbox 115 1919 208 1965; x_wconf 89' lang='grc'>228,</span> <span class='ocrx_word' id='word_1_253' title='bbox 237 1920 298 1957; x_wconf 84' lang='lat'><strong>13.</strong></span> <span class='ocrx_word' id='word_1_254' title='bbox 327 1921 419 1967; x_wconf 85' lang='grc'>232,</span> <span class='ocrx_word' id='word_1_255' title='bbox 442 1922 480 1958; x_wconf 90' lang='grc'>6.</span> <span class='ocrx_word' id='word_1_256' title='bbox 505 1925 599 1969; x_wconf 84' lang='grc'>429,</span> <span class='ocrx_word' id='word_1_257' title='bbox 623 1922 685 1958; x_wconf 85' lang='lat'><strong>13.</strong></span> <span class='ocrx_word' id='word_1_258' title='bbox 714 1936 783 1968; x_wconf 83' lang='lat'><strong>173</strong></span> <span class='ocrx_word' id='word_1_259' title='bbox 811 1922 971 1960; x_wconf 86' lang='lat' dir='ltr'><strong>Cedren.</strong></span> <span class='ocrx_word' id='word_1_260' title='bbox 1005 1937 1043 1972; x_wconf 87' lang='lat' dir='ltr'><strong>p.</strong></span> <span class='ocrx_word' id='word_1_261' title='bbox 1079 1924 1151 1970; x_wconf 80' lang='lat'><strong>583</strong></span> 
     </span>
     <span class='ocr_line' id='line_1_33' title="bbox 114 1977 1153 2031; baseline 0.008 -18"><span class='ocrx_word' id='word_1_262' title='bbox 114 1977 277 2026; x_wconf 87' lang='lat' dir='ltr'><strong>Hesych.</strong></span> <span class='ocrx_word' id='word_1_263' title='bbox 297 1979 430 2027; x_wconf 83' lang='lat' dir='ltr'><strong>fragm.</strong></span> <span class='ocrx_word' id='word_1_264' title='bbox 449 1979 495 2015; x_wconf 91' lang='lat' dir='ltr'><strong>de</strong></span> <span class='ocrx_word' id='word_1_265' title='bbox 515 1980 651 2015; x_wconf 84' lang='lat' dir='ltr'><strong>Christ.</strong></span> <span class='ocrx_word' id='word_1_266' title='bbox 672 1982 787 2016; x_wconf 74' lang='lat' dir='ltr'><strong>natat.</strong></span> <span class='ocrx_word' id='word_1_267' title='bbox 803 1995 812 2026; x_wconf 77' lang='lat'>3</span> <span class='ocrx_word' id='word_1_268' title='bbox 828 1979 860 2016; x_wconf 92' lang='grc' dir='ltr'>Τ</span> <span class='ocrx_word' id='word_1_269' title='bbox 863 1989 951 2016; x_wconf 86' lang='lat' dir='ltr'><strong>zetz.</strong></span> <span class='ocrx_word' id='word_1_270' title='bbox 969 1983 1084 2031; x_wconf 86' lang='lat' dir='ltr'><strong>Exeg.</strong></span> <span class='ocrx_word' id='word_1_271' title='bbox 1108 1983 1153 2021; x_wconf 89' lang='grc' dir='ltr'><strong>ΙΙ.</strong></span> 
     </span>
     <span class='ocr_line' id='line_1_34' title="bbox 113 2038 1010 2087; baseline 0.002 -13"><span class='ocrx_word' id='word_1_272' title='bbox 113 2047 154 2084; x_wconf 84' lang='grc' dir='ltr'><strong>Ρ.</strong></span> <span class='ocrx_word' id='word_1_273' title='bbox 174 2049 218 2072; x_wconf 81' lang='lat'><strong>21</strong></span> <span class='ocrx_word' id='word_1_274' title='bbox 234 2063 244 2082; x_wconf 93' lang='lat'><strong>,</strong></span> <span class='ocrx_word' id='word_1_275' title='bbox 272 2049 333 2083; x_wconf 90' lang='lat'><strong>17.</strong></span> <span class='ocrx_word' id='word_1_276' title='bbox 351 2038 535 2087; x_wconf 86' lang='lat' dir='ltr'><strong>Reliquos</strong></span> <span class='ocrx_word' id='word_1_277' title='bbox 559 2039 777 2075; x_wconf 89' lang='lat' dir='ltr'><strong>Timotheos</strong></span> <span class='ocrx_word' id='word_1_278' title='bbox 795 2040 890 2075; x_wconf 89' lang='lat' dir='ltr'><strong>nihil</strong></span> <span class='ocrx_word' id='word_1_279' title='bbox 905 2053 1010 2076; x_wconf 88' lang='lat' dir='ltr'><strong>curo.</strong></span> 
     </span>
    </p>
   </div>
   <div class='ocr_carea' id='block_1_6' title="bbox 528 2174 748 2190">
    <p class='ocr_par' dir='ltr' id='par_1_9' title="bbox 528 2174 748 2190">
     <span class='ocr_line' id='line_1_35' title="bbox 528 2174 748 2190; baseline 0.005 -1"><span class='ocrx_word' id='word_1_280' title='bbox 528 2174 748 2190; x_wconf 35' lang='lat'><strong>⁴000*—</strong></span> 
     </span>
    </p>
   </div>
   <div class='ocr_carea' id='block_1_7' title="bbox 459 2287 803 2346">
    <p class='ocr_par' dir='ltr' id='par_1_10' title="bbox 459 2287 803 2346">
     <span class='ocr_line' id='line_1_36' title="bbox 459 2287 803 2346; baseline -0.003 -1"><span class='ocrx_word' id='word_1_281' title='bbox 459 2287 803 2346; x_wconf 85' lang='lat' dir='ltr'><strong>URANIUS.</strong></span> 
     </span>
    </p>
   </div>
   <div class='ocr_carea' id='block_1_8' title="bbox 93 2410 1155 2928">
    <p class='ocr_par' dir='ltr' id='par_1_11' title="bbox 110 2410 1155 2752">
     <span class='ocr_line' id='line_1_37' title="bbox 163 2410 1154 2462; baseline 0.004 -16"><span class='ocrx_word' id='word_1_282' title='bbox 163 2411 326 2447; x_wconf 87' lang='lat' dir='ltr'><strong>Uranius</strong></span> <span class='ocrx_word' id='word_1_283' title='bbox 343 2410 391 2447; x_wconf 90' lang='lat' dir='ltr'><strong>de</strong></span> <span class='ocrx_word' id='word_1_284' title='bbox 403 2412 544 2448; x_wconf 85' lang='lat' dir='ltr'><strong>Arabia</strong></span> <span class='ocrx_word' id='word_1_285' title='bbox 558 2425 654 2461; x_wconf 89' lang='lat' dir='ltr'><strong>opus</strong></span> <span class='ocrx_word' id='word_1_286' title='bbox 669 2413 817 2462; x_wconf 88' lang='lat' dir='ltr'><strong>scripsit</strong></span> <span class='ocrx_word' id='word_1_287' title='bbox 836 2412 1001 2449; x_wconf 90' lang='lat' dir='ltr'><strong>dialecto</strong></span> <span class='ocrx_word' id='word_1_288' title='bbox 1021 2414 1154 2450; x_wconf 87' lang='lat' dir='ltr'><strong>Ionica</strong></span> 
     </span>
     <span class='ocr_line' id='line_1_38' title="bbox 113 2467 1155 2520; baseline 0.003 -16"><span class='ocrx_word' id='word_1_289' title='bbox 113 2467 181 2518; x_wconf 84' lang='lat' dir='ltr'><strong>(fr.</strong></span> <span class='ocrx_word' id='word_1_290' title='bbox 203 2481 248 2506; x_wconf 81' lang='lat'><strong>12</strong></span> <span class='ocrx_word' id='word_1_291' title='bbox 260 2470 285 2518; x_wconf 92' lang='lat'><strong>).</strong></span> <span class='ocrx_word' id='word_1_292' title='bbox 300 2470 395 2508; x_wconf 88' lang='lat' dir='ltr'><strong>Fide</strong></span> <span class='ocrx_word' id='word_1_293' title='bbox 410 2470 567 2519; x_wconf 87' lang='lat' dir='ltr'><strong>dignum</strong></span> <span class='ocrx_word' id='word_1_294' title='bbox 581 2478 776 2507; x_wconf 86' lang='lat' dir='ltr'><strong>auctorem</strong></span> <span class='ocrx_word' id='word_1_295' title='bbox 798 2483 875 2507; x_wconf 90' lang='lat' dir='ltr'><strong>esse</strong></span> <span class='ocrx_word' id='word_1_296' title='bbox 886 2483 1057 2520; x_wconf 89' lang='lat' dir='ltr'><strong>expresse</strong></span> <span class='ocrx_word' id='word_1_297' title='bbox 1075 2484 1155 2507; x_wconf 90' lang='lat' dir='ltr'><strong>mo-</strong></span> 
     </span>
     <span class='ocr_line' id='line_1_39' title="bbox 110 2527 1154 2580; baseline 0.003 -18"><span class='ocrx_word' id='word_1_298' title='bbox 110 2533 175 2563; x_wconf 90' lang='lat' dir='ltr'><strong>net</strong></span> <span class='ocrx_word' id='word_1_299' title='bbox 191 2528 399 2576; x_wconf 88' lang='lat' dir='ltr'><strong>Stephanus</strong></span> <span class='ocrx_word' id='word_1_300' title='bbox 423 2528 577 2576; x_wconf 86' lang='lat' dir='ltr'><strong>Byzant.</strong></span> <span class='ocrx_word' id='word_1_301' title='bbox 598 2527 664 2580; x_wconf 88' lang='lat' dir='ltr'><strong>(fr.</strong></span> <span class='ocrx_word' id='word_1_302' title='bbox 687 2529 776 2579; x_wconf 80' lang='lat'><strong>31).</strong></span> <span class='ocrx_word' id='word_1_303' title='bbox 796 2531 853 2566; x_wconf 92' lang='lat' dir='ltr'><strong>De</strong></span> <span class='ocrx_word' id='word_1_304' title='bbox 871 2537 976 2565; x_wconf 88' lang='lat' dir='ltr'><strong>aetate</strong></span> <span class='ocrx_word' id='word_1_305' title='bbox 990 2530 1060 2565; x_wconf 89' lang='lat' dir='ltr'><strong>viri</strong></span> <span class='ocrx_word' id='word_1_306' title='bbox 1075 2542 1154 2565; x_wconf 92' lang='lat' dir='ltr'><strong>non</strong></span> 
     </span>
     <span class='ocr_line' id='line_1_40' title="bbox 112 2586 1152 2634; baseline 0.003 -14"><span class='ocrx_word' id='word_1_307' title='bbox 112 2592 277 2630; x_wconf 84' lang='lat' dir='ltr'><strong>constat,</strong></span> <span class='ocrx_word' id='word_1_308' title='bbox 295 2587 362 2622; x_wconf 89' lang='lat' dir='ltr'><strong>etsi</strong></span> <span class='ocrx_word' id='word_1_309' title='bbox 396 2587 642 2622; x_wconf 88' lang='lat' dir='ltr'><strong>Constantino</strong></span> <span class='ocrx_word' id='word_1_310' title='bbox 654 2587 846 2634; x_wconf 87' lang='lat' dir='ltr'><strong>juniorem</strong></span> <span class='ocrx_word' id='word_1_311' title='bbox 861 2587 970 2623; x_wconf 85' lang='lat' dir='ltr'><strong>fuisse</strong></span> <span class='ocrx_word' id='word_1_312' title='bbox 990 2599 1010 2623; x_wconf 90' lang='lat' dir='ltr'><strong>e</strong></span> <span class='ocrx_word' id='word_1_313' title='bbox 1037 2586 1082 2624; x_wconf 83' lang='lat' dir='ltr'><strong>fr.</strong></span> <span class='ocrx_word' id='word_1_314' title='bbox 1103 2587 1152 2623; x_wconf 89' lang='grc'><strong>28</strong></span> 
     </span>
     <span class='ocr_line' id='line_1_41' title="bbox 111 2643 1152 2693; baseline 0.003 -15"><span class='ocrx_word' id='word_1_315' title='bbox 111 2643 328 2692; x_wconf 57' lang='lat' dir='ltr'><strong>collegeris.</strong></span> <span class='ocrx_word' id='word_1_316' title='bbox 362 2645 531 2680; x_wconf 90' lang='lat' dir='ltr'><strong>Fuerunt</strong></span> <span class='ocrx_word' id='word_1_317' title='bbox 565 2646 632 2693; x_wconf 92' lang='lat' dir='ltr'><strong>qui</strong></span> <span class='ocrx_word' id='word_1_318' title='bbox 667 2646 921 2682; x_wconf 87' lang='lat' dir='ltr'><strong>Arabicorum</strong></span> <span class='ocrx_word' id='word_1_319' title='bbox 958 2652 1152 2681; x_wconf 81' lang='lat' dir='ltr'><strong>auctorem</strong></span> 
     </span>
     <span class='ocr_line' id='line_1_42' title="bbox 113 2701 1152 2752; baseline 0.005 -16"><span class='ocrx_word' id='word_1_320' title='bbox 113 2701 278 2737; x_wconf 89' lang='lat' dir='ltr'><strong>eundem</strong></span> <span class='ocrx_word' id='word_1_321' title='bbox 309 2702 493 2739; x_wconf 86' lang='lat' dir='ltr'><strong>haberent</strong></span> <span class='ocrx_word' id='word_1_322' title='bbox 520 2717 606 2740; x_wconf 89' lang='lat' dir='ltr'><strong>cum</strong></span> <span class='ocrx_word' id='word_1_323' title='bbox 634 2705 779 2740; x_wconf 91' lang='lat' dir='ltr'><strong>Uranio</strong></span> <span class='ocrx_word' id='word_1_324' title='bbox 811 2705 907 2752; x_wconf 89' lang='lat' dir='ltr'><strong>Syro</strong></span> <span class='ocrx_word' id='word_1_325' title='bbox 932 2704 1083 2740; x_wconf 91' lang='lat' dir='ltr'><strong>medico</strong></span> <span class='ocrx_word' id='word_1_326' title='bbox 1115 2711 1152 2741; x_wconf 91' lang='lat' dir='ltr'><strong>et</strong></span> 
     </span>
    </p>

    <p class='ocr_par' dir='ltr' id='par_1_12' title="bbox 93 2759 1151 2928">
     <span class='ocr_line' id='line_1_43' title="bbox 93 2759 1149 2811; baseline 0.004 -17"><span class='ocrx_word' id='word_1_327' title='bbox 93 2759 362 2808; x_wconf 65' lang='lat' dir='ltr'><strong>⁸philosopho,</strong></span> <span class='ocrx_word' id='word_1_328' title='bbox 394 2761 460 2809; x_wconf 92' lang='lat' dir='ltr'><strong>qui</strong></span> <span class='ocrx_word' id='word_1_329' title='bbox 484 2762 552 2797; x_wconf 94' lang='lat' dir='ltr'><strong>sub</strong></span> <span class='ocrx_word' id='word_1_330' title='bbox 578 2763 790 2798; x_wconf 87' lang='lat' dir='ltr'><strong>Justiniano</strong></span> <span class='ocrx_word' id='word_1_331' title='bbox 810 2762 913 2811; x_wconf 88' lang='lat' dir='ltr'><strong>apud</strong></span> <span class='ocrx_word' id='word_1_332' title='bbox 941 2763 1149 2799; x_wconf 81' lang='lat' dir='ltr'><strong>chosroem</strong></span> 
     </span>
     <span class='ocr_line' id='line_1_44' title="bbox 109 2817 1151 2867; baseline 0.005 -15"><span class='ocrx_word' id='word_1_333' title='bbox 109 2817 306 2854; x_wconf 87' lang='lat' dir='ltr'><strong>Persarum</strong></span> <span class='ocrx_word' id='word_1_334' title='bbox 329 2831 458 2867; x_wconf 87' lang='lat' dir='ltr'><strong>regem</strong></span> <span class='ocrx_word' id='word_1_335' title='bbox 489 2820 528 2854; x_wconf 91' lang='lat' dir='ltr'><strong>in</strong></span> <span class='ocrx_word' id='word_1_336' title='bbox 546 2820 696 2856; x_wconf 86' lang='lat' dir='ltr'><strong>honore</strong></span> <span class='ocrx_word' id='word_1_337' title='bbox 724 2827 817 2857; x_wconf 90' lang='lat' dir='ltr'><strong>erat.</strong></span> <span class='ocrx_word' id='word_1_338' title='bbox 845 2821 1019 2857; x_wconf 90' lang='lat' dir='ltr'><strong>Hominis</strong></span> <span class='ocrx_word' id='word_1_339' title='bbox 1047 2822 1151 2857; x_wconf 88' lang='lat' dir='ltr'><strong>istius</strong></span> 
     </span>
     <span class='ocr_line' id='line_1_45' title="bbox 108 2877 1150 2928; baseline 0.004 -17"><span class='ocrx_word' id='word_1_340' title='bbox 108 2877 360 2924; x_wconf 81' lang='lat' dir='ltr'><strong>arrogantiam</strong></span> <span class='ocrx_word' id='word_1_341' title='bbox 377 2885 415 2913; x_wconf 89' lang='lat' dir='ltr'><strong>et</strong></span> <span class='ocrx_word' id='word_1_342' title='bbox 438 2879 619 2927; x_wconf 83' lang='lat' dir='ltr'><strong>ineptiam</strong></span> <span class='ocrx_word' id='word_1_343' title='bbox 640 2879 766 2914; x_wconf 91' lang='lat' dir='ltr'><strong>multis</strong></span> <span class='ocrx_word' id='word_1_344' title='bbox 781 2879 945 2915; x_wconf 85' lang='lat' dir='ltr'><strong>traducit</strong></span> <span class='ocrx_word' id='word_1_345' title='bbox 971 2880 1150 2928; x_wconf 84' lang='lat' dir='ltr'><strong>Agathias</strong></span> 
     </span>
    </p>
   </div>
   <div class='ocr_carea' id='block_1_9' title="bbox 509 3023 749 3064">
    <p class='ocr_par' dir='ltr' id='par_1_13' title="bbox 509 3023 749 3064">
     <span class='ocr_line' id='line_1_46' title="bbox 509 3023 749 3064; baseline 0.013 -3"><span class='ocrx_word' id='word_1_346' title='bbox 509 3023 749 3064; x_wconf 86' lang='lat' dir='ltr'><strong>ARABICA.</strong></span> 
     </span>
    </p>
   </div>
   <div class='ocr_carea' id='block_1_10' title="bbox 612 3114 643 3146">
    <p class='ocr_par' dir='ltr' id='par_1_14' title="bbox 612 3114 643 3146">
     <span class='ocr_line' id='line_1_47' title="bbox 612 3114 643 3146; baseline -0.032 0"><span class='ocrx_word' id='word_1_347' title='bbox 612 3114 643 3146; x_wconf 88' lang='lat'><strong>1.</strong></span> 
     </span>
    </p>
   </div>
   <div class='ocr_carea' id='block_1_11' title="bbox 107 3179 1151 3278">
    <p class='ocr_par' dir='ltr' id='par_1_15' title="bbox 107 3179 1151 3278">
     <span class='ocr_line' id='line_1_48' title="bbox 146 3179 1151 3224; baseline 0.008 -14"><span class='ocrx_word' id='word_1_348' title='bbox 146 3179 273 3211; x_wconf 78' lang='lat' dir='ltr'><strong>Auatha</strong></span> <span class='ocrx_word' id='word_1_349' title='bbox 289 3180 321 3212; x_wconf 88' lang='lat' dir='ltr'><strong>et</strong></span> <span class='ocrx_word' id='word_1_350' title='bbox 336 3182 459 3222; x_wconf 82' lang='lat' dir='ltr'><strong>Auara,</strong></span> <span class='ocrx_word' id='word_1_351' title='bbox 484 3191 598 3222; x_wconf 80' lang='lat' dir='ltr'><strong>genere</strong></span> <span class='ocrx_word' id='word_1_352' title='bbox 619 3186 755 3224; x_wconf 86' lang='lat' dir='ltr'><strong>neutro,</strong></span> <span class='ocrx_word' id='word_1_353' title='bbox 779 3186 919 3218; x_wconf 83' lang='lat' dir='ltr'><strong>Arabum</strong></span> <span class='ocrx_word' id='word_1_354' title='bbox 944 3186 1084 3224; x_wconf 80' lang='lat' dir='ltr'><strong>colonia,</strong></span> <span class='ocrx_word' id='word_1_355' title='bbox 1115 3187 1151 3219; x_wconf 88' lang='lat' dir='ltr'><strong>ut</strong></span> 
     </span>
     <span class='ocr_line' id='line_1_49' title="bbox 107 3233 1147 3278; baseline 0.005 -14"><span class='ocrx_word' id='word_1_356' title='bbox 107 3233 244 3266; x_wconf 86' lang='lat' dir='ltr'><strong>uranius</strong></span> <span class='ocrx_word' id='word_1_357' title='bbox 256 3234 288 3265; x_wconf 88' lang='lat' dir='ltr'><strong>in</strong></span> <span class='ocrx_word' id='word_1_358' title='bbox 299 3234 506 3267; x_wconf 80' lang='lat' dir='ltr'><strong>Arabicorum</strong></span> <span class='ocrx_word' id='word_1_359' title='bbox 516 3236 630 3278; x_wconf 84' lang='lat' dir='ltr'><strong>primo.</strong></span> <span class='ocrx_word' id='word_1_360' title='bbox 646 3237 763 3269; x_wconf 78' lang='lat' dir='ltr'><strong>Incolae</strong></span> <span class='ocrx_word' id='word_1_361' title='bbox 776 3237 934 3269; x_wconf 83' lang='lat' dir='ltr'><strong>Auatbeni</strong></span> <span class='ocrx_word' id='word_1_362' title='bbox 945 3239 977 3270; x_wconf 89' lang='lat' dir='ltr'><strong>et</strong></span> <span class='ocrx_word' id='word_1_363' title='bbox 998 3238 1147 3270; x_wconf 83' lang='lat' dir='ltr'><strong>Auareni.</strong></span> 
     </span>
    </p>
   </div>
   <div class='ocr_carea' id='block_1_12' title="bbox 611 3306 644 3337">
    <p class='ocr_par' dir='ltr' id='par_1_16' title="bbox 611 3306 644 3337">
     <span class='ocr_line' id='line_1_50' title="bbox 611 3306 644 3337; baseline -0.03 0"><span class='ocrx_word' id='word_1_364' title='bbox 611 3306 644 3337; x_wconf 87' lang='lat'><strong>2.</strong></span> 
     </span>
    </p>
   </div>
   <div class='ocr_carea' id='block_1_13' title="bbox 146 3383 1145 3430">
    <p class='ocr_par' dir='ltr' id='par_1_17' title="bbox 146 3383 1145 3430">
     <span class='ocr_line' id='line_1_51' title="bbox 146 3383 1145 3430; baseline 0.009 -18"><span class='ocrx_word' id='word_1_365' title='bbox 146 3383 325 3423; x_wconf 76' lang='lat' dir='ltr'><strong>semones,</strong></span> <span class='ocrx_word' id='word_1_366' title='bbox 344 3394 419 3425; x_wconf 82' lang='lat' dir='ltr'><strong>gens</strong></span> <span class='ocrx_word' id='word_1_367' title='bbox 436 3386 586 3427; x_wconf 83' lang='lat' dir='ltr'><strong>Arabica,</strong></span> <span class='ocrx_word' id='word_1_368' title='bbox 606 3388 642 3420; x_wconf 85' lang='lat' dir='ltr'><strong>ut</strong></span> <span class='ocrx_word' id='word_1_369' title='bbox 655 3389 793 3420; x_wconf 84' lang='lat' dir='ltr'><strong>Uranius</strong></span> <span class='ocrx_word' id='word_1_370' title='bbox 807 3387 840 3420; x_wconf 87' lang='lat' dir='ltr'><strong>in</strong></span> <span class='ocrx_word' id='word_1_371' title='bbox 857 3388 1015 3420; x_wconf 75' lang='lat' dir='ltr'><strong>Arabicon</strong></span> <span class='ocrx_word' id='word_1_372' title='bbox 1030 3390 1145 3430; x_wconf 85' lang='lat' dir='ltr'><strong>primo.</strong></span> 
     </span>
    </p>
   </div>
   <div class='ocr_carea' id='block_1_14' title="bbox 1230 351 2269 463">
    <p class='ocr_par' dir='ltr' id='par_1_18' title="bbox 1230 351 2269 463">
     <span class='ocr_line' id='line_1_52' title="bbox 1231 351 2269 414; baseline 0.01 -23"><span class='ocrx_word' id='word_1_373' title='bbox 1231 354 1400 405; x_wconf 82' lang='grc' dir='ltr'>Οὔράνιος</span> <span class='ocrx_word' id='word_1_374' title='bbox 1416 355 1475 406; x_wconf 88' lang='lat'><strong>[*].</strong></span> <span class='ocrx_word' id='word_1_375' title='bbox 1490 357 1545 395; x_wconf 85' lang='lat' dir='ltr'><strong>Cf.</strong></span> <span class='ocrx_word' id='word_1_376' title='bbox 1561 359 1674 393; x_wconf 87' lang='lat' dir='ltr'><strong>etiam</strong></span> <span class='ocrx_word' id='word_1_377' title='bbox 1690 351 1844 396; x_wconf 76' lang='lat' dir='ltr'><strong>Phot‘ius</strong></span> <span class='ocrx_word' id='word_1_378' title='bbox 1857 362 1941 397; x_wconf 90' lang='lat' dir='ltr'><strong>cod.</strong></span> <span class='ocrx_word' id='word_1_379' title='bbox 1963 362 2066 414; x_wconf 89' lang='grc'>242.)</span> <span class='ocrx_word' id='word_1_380' title='bbox 2081 366 2269 414; x_wconf 87' lang='lat' dir='ltr'><strong>Scriptum</strong></span> 
     </span>
     <span class='ocr_line' id='line_1_53' title="bbox 1230 415 2187 463; baseline 0.013 -14"><span class='ocrx_word' id='word_1_381' title='bbox 1230 425 1322 450; x_wconf 87' lang='lat' dir='ltr'><strong>vero</strong></span> <span class='ocrx_word' id='word_1_382' title='bbox 1342 415 1499 463; x_wconf 88' lang='lat' dir='ltr'><strong>aliquod</strong></span> <span class='ocrx_word' id='word_1_383' title='bbox 1515 416 1563 452; x_wconf 81' lang='lat' dir='ltr'><strong>ab</strong></span> <span class='ocrx_word' id='word_1_384' title='bbox 1582 428 1628 452; x_wconf 92' lang='lat' dir='ltr'><strong>eo</strong></span> <span class='ocrx_word' id='word_1_385' title='bbox 1645 418 1818 453; x_wconf 86' lang='lat' dir='ltr'><strong>relictum</strong></span> <span class='ocrx_word' id='word_1_386' title='bbox 1835 431 1910 456; x_wconf 88' lang='lat' dir='ltr'><strong>esse</strong></span> <span class='ocrx_word' id='word_1_387' title='bbox 1935 434 2045 458; x_wconf 89' lang='lat' dir='ltr'><strong>nemo</strong></span> <span class='ocrx_word' id='word_1_388' title='bbox 2064 424 2187 461; x_wconf 78' lang='lat' dir='ltr'><strong>tradit.</strong></span> 
     </span>
    </p>
   </div>
   <div class='ocr_carea' id='block_1_15' title="bbox 1549 522 1953 663">
    <p class='ocr_par' dir='ltr' id='par_1_19' title="bbox 1549 522 1953 663">
     <span class='ocr_line' id='line_1_54' title="bbox 1631 522 1868 561; baseline 0.004 -3"><span class='ocrx_word' id='word_1_389' title='bbox 1631 522 1851 561; x_wconf 88' lang='lat' dir='ltr'><strong>APABIKA</strong></span> <span class='ocrx_word' id='word_1_390' title='bbox 1859 550 1868 559; x_wconf 90' lang='lat'><strong>.</strong></span> 
     </span>
     <span class='ocr_line' id='line_1_55' title="bbox 1549 622 1953 663; baseline 0.012 -6"><span class='ocrx_word' id='word_1_391' title='bbox 1549 622 1579 657; x_wconf 93' lang='lat' dir='ltr'>E</span> <span class='ocrx_word' id='word_1_392' title='bbox 1606 623 1755 660; x_wconf 88' lang='lat' dir='ltr'>LIBRO</span> <span class='ocrx_word' id='word_1_393' title='bbox 1783 625 1953 663; x_wconf 87' lang='lat' dir='ltr'><strong>PRIMO.</strong></span> 
     </span>
    </p>
   </div>
   <div class='ocr_carea' id='block_1_16' title="bbox 1738 720 1770 744">
    <p class='ocr_par' dir='ltr' id='par_1_20' title="bbox 1738 720 1770 744">
     <span class='ocr_line' id='line_1_56' title="bbox 1738 720 1770 744; baseline -0.031 0"><span class='ocrx_word' id='word_1_394' title='bbox 1738 720 1770 744; x_wconf 88' lang='lat'><strong>1.</strong></span> 
     </span>
    </p>
   </div>
   <div class='ocr_carea' id='block_1_17' title="bbox 1221 786 2271 1772">
    <p class='ocr_par' dir='ltr' id='par_1_21' title="bbox 1226 786 2270 958">
     <span class='ocr_line' id='line_1_57' title="bbox 1282 786 2270 844; baseline 0.01 -21"><span class='ocrx_word' id='word_1_395' title='bbox 1282 787 1413 836; x_wconf 86' lang='lat' dir='ltr'><strong>steph.</strong></span> <span class='ocrx_word' id='word_1_396' title='bbox 1435 789 1523 836; x_wconf 87' lang='lat' dir='ltr'><strong>Byz.</strong></span> <span class='ocrx_word' id='word_1_397' title='bbox 1544 801 1552 824; x_wconf 75' lang='grc' dir='ltr'>ε</span> <span class='ocrx_word' id='word_1_398' title='bbox 1573 786 1666 826; x_wconf 88' lang='grc' dir='ltr'><strong>Αὔα</strong></span> <span class='ocrx_word' id='word_1_399' title='bbox 1678 790 1726 825; x_wconf 86' lang='grc' dir='ltr'><strong>θα</strong></span> <span class='ocrx_word' id='word_1_400' title='bbox 1745 788 1805 826; x_wconf 78' lang='grc' dir='ltr'><strong>καὶ</strong></span> <span class='ocrx_word' id='word_1_401' title='bbox 1819 787 1957 841; x_wconf 85' lang='grc' dir='ltr'>Αὔαρα,</span> <span class='ocrx_word' id='word_1_402' title='bbox 1977 791 2173 844; x_wconf 79' lang='grc' dir='ltr'>οὐδετέρως,</span> <span class='ocrx_word' id='word_1_403' title='bbox 2191 810 2270 832; x_wconf 84' lang='grc' dir='ltr'>συν-</span> 
     </span>
     <span class='ocr_line' id='line_1_58' title="bbox 1226 843 2270 903; baseline 0.011 -23"><span class='ocrx_word' id='word_1_404' title='bbox 1226 843 1318 881; x_wconf 84' lang='grc' dir='ltr'>οικία</span> <span class='ocrx_word' id='word_1_405' title='bbox 1343 843 1510 897; x_wconf 72' lang='grc' dir='ltr'>Ἄράὸων,</span> <span class='ocrx_word' id='word_1_406' title='bbox 1527 847 1573 888; x_wconf 86' lang='grc' dir='ltr'><strong>ὡς</strong></span> <span class='ocrx_word' id='word_1_407' title='bbox 1594 845 1761 899; x_wconf 85' lang='grc' dir='ltr'>Οὗράνιος</span> <span class='ocrx_word' id='word_1_408' title='bbox 1789 848 1825 886; x_wconf 85' lang='grc' dir='ltr'>ἐν</span> <span class='ocrx_word' id='word_1_409' title='bbox 1855 847 2046 901; x_wconf 74' lang='grc' dir='ltr'>Ἀραὸικῶν</span> <span class='ocrx_word' id='word_1_410' title='bbox 2066 851 2202 903; x_wconf 78' lang='grc' dir='ltr'>πρώτῃ.</span> <span class='ocrx_word' id='word_1_411' title='bbox 2223 856 2270 892; x_wconf 84' lang='grc' dir='ltr'><strong>Οἱ</strong></span> 
     </span>
     <span class='ocr_line' id='line_1_59' title="bbox 1227 902 1885 958; baseline 0.009 -19"><span class='ocrx_word' id='word_1_412' title='bbox 1227 902 1402 955; x_wconf 80' lang='grc' dir='ltr'>οἰκήτορες</span> <span class='ocrx_word' id='word_1_413' title='bbox 1423 904 1598 951; x_wconf 80' lang='grc' dir='ltr'>Αὗαθηνοὶ</span> <span class='ocrx_word' id='word_1_414' title='bbox 1618 905 1677 942; x_wconf 76' lang='grc' dir='ltr'><strong>καὶ</strong></span> <span class='ocrx_word' id='word_1_415' title='bbox 1697 906 1885 958; x_wconf 81' lang='grc' dir='ltr'>Αὗαρηνοί.</span> 
     </span>
    </p>

    <p class='ocr_par' dir='ltr' id='par_1_22' title="bbox 1221 963 2271 1772">
     <span class='ocr_line' id='line_1_60' title="bbox 1278 963 2270 1019; baseline 0.009 -21"><span class='ocrx_word' id='word_1_416' title='bbox 1278 964 1333 998; x_wconf 86' lang='lat' dir='ltr'><strong>Ex</strong></span> <span class='ocrx_word' id='word_1_417' title='bbox 1350 963 1484 999; x_wconf 88' lang='lat' dir='ltr'><strong>eodem</strong></span> <span class='ocrx_word' id='word_1_418' title='bbox 1511 972 1664 1001; x_wconf 91' lang='lat' dir='ltr'><strong>auctore</strong></span> <span class='ocrx_word' id='word_1_419' title='bbox 1690 963 1868 1003; x_wconf 84' lang='lat' dir='ltr'><strong>fluxerint</strong></span> <span class='ocrx_word' id='word_1_420' title='bbox 1887 979 1972 1015; x_wconf 87' lang='lat' dir='ltr'><strong>quae</strong></span> <span class='ocrx_word' id='word_1_421' title='bbox 1991 981 2082 1005; x_wconf 85' lang='lat' dir='ltr'><strong>mox</strong></span> <span class='ocrx_word' id='word_1_422' title='bbox 2106 982 2270 1019; x_wconf 90' lang='lat' dir='ltr'><strong>sequun-</strong></span> 
     </span>
     <span class='ocr_line' id='line_1_61' title="bbox 1225 1018 2271 1077; baseline 0.011 -22"><span class='ocrx_word' id='word_1_423' title='bbox 1225 1027 1288 1055; x_wconf 90' lang='lat' dir='ltr'><strong>tur</strong></span> <span class='ocrx_word' id='word_1_424' title='bbox 1305 1031 1314 1058; x_wconf 89' lang='lat'>:</span> <span class='ocrx_word' id='word_1_425' title='bbox 1329 1018 1420 1057; x_wconf 85' lang='grc' dir='ltr'><strong>Αὔα</strong></span> <span class='ocrx_word' id='word_1_426' title='bbox 1433 1035 1481 1071; x_wconf 89' lang='grc' dir='ltr'><strong>ρα</strong></span> <span class='ocrx_word' id='word_1_427' title='bbox 1496 1049 1507 1069; x_wconf 91' lang='grc'><strong>,</strong></span> <span class='ocrx_word' id='word_1_428' title='bbox 1527 1019 1625 1065; x_wconf 78' lang='grc' dir='ltr'>πόλις</span> <span class='ocrx_word' id='word_1_429' title='bbox 1645 1020 1808 1074; x_wconf 70' lang='grc' dir='ltr'>Ἀραδίοις</span> <span class='ocrx_word' id='word_1_430' title='bbox 1820 1053 1832 1073; x_wconf 91' lang='grc'><strong>,</strong></span> <span class='ocrx_word' id='word_1_431' title='bbox 1851 1024 1921 1062; x_wconf 82' lang='grc' dir='ltr'>ἀπὸ</span> <span class='ocrx_word' id='word_1_432' title='bbox 1940 1029 2103 1077; x_wconf 76' lang='grc' dir='ltr'>χρησμοῦ</span> <span class='ocrx_word' id='word_1_433' title='bbox 2120 1027 2271 1073; x_wconf 83' lang='grc' dir='ltr'>δοθέντος</span> 
     </span>
     <span class='ocr_line' id='line_1_62' title="bbox 1226 1076 2270 1137; baseline 0.008 -21"><span class='ocrx_word' id='word_1_434' title='bbox 1226 1076 1359 1128; x_wconf 78' lang='grc' dir='ltr'>Ὀὅόδᾳ</span> <span class='ocrx_word' id='word_1_435' title='bbox 1373 1078 1541 1124; x_wconf 81' lang='grc' dir='ltr'>κληθεῖσα</span> <span class='ocrx_word' id='word_1_436' title='bbox 1558 1079 1624 1116; x_wconf 76' lang='grc' dir='ltr'>ὑπὸ</span> <span class='ocrx_word' id='word_1_437' title='bbox 1636 1083 1696 1118; x_wconf 79' lang='grc' dir='ltr'><strong>τοῦ</strong></span> <span class='ocrx_word' id='word_1_438' title='bbox 1706 1081 1782 1118; x_wconf 80' lang='grc' dir='ltr'>υἱοῦ</span> <span class='ocrx_word' id='word_1_439' title='bbox 1794 1082 1899 1120; x_wconf 78' lang='grc' dir='ltr'>αὐτοῦ</span> <span class='ocrx_word' id='word_1_440' title='bbox 1915 1082 2050 1135; x_wconf 83' lang='grc' dir='ltr'>Ἀρέτα.</span> <span class='ocrx_word' id='word_1_441' title='bbox 2061 1083 2270 1137; x_wconf 81' lang='grc' dir='ltr'>Ἐξώρμησε</span> 
     </span>
     <span class='ocr_line' id='line_1_63' title="bbox 1224 1134 2270 1198; baseline 0.01 -26"><span class='ocrx_word' id='word_1_442' title='bbox 1224 1134 1291 1188; x_wconf 85' lang='grc' dir='ltr'><strong>γὰρ</strong></span> <span class='ocrx_word' id='word_1_443' title='bbox 1306 1135 1444 1188; x_wconf 77' lang='grc' dir='ltr'>Ἀρέτας</span> <span class='ocrx_word' id='word_1_444' title='bbox 1461 1138 1507 1181; x_wconf 90' lang='grc' dir='ltr'><strong>εἷς</strong></span> <span class='ocrx_word' id='word_1_445' title='bbox 1520 1137 1730 1185; x_wconf 83' lang='grc' dir='ltr'>ἀναζήτησιν</span> <span class='ocrx_word' id='word_1_446' title='bbox 1744 1143 1804 1177; x_wconf 76' lang='grc' dir='ltr'><strong>τοῦ</strong></span> <span class='ocrx_word' id='word_1_447' title='bbox 1819 1144 1980 1192; x_wconf 79' lang='grc' dir='ltr'>χρησμοῦ</span> <span class='ocrx_word' id='word_1_448' title='bbox 1993 1157 2001 1165; x_wconf 94' lang='grc'><em>·</em></span> <span class='ocrx_word' id='word_1_449' title='bbox 2019 1143 2038 1179; x_wconf 88' lang='lat'><em>6</em></span> <span class='ocrx_word' id='word_1_450' title='bbox 2061 1142 2096 1180; x_wconf 81' lang='grc' dir='ltr'><strong>δὲ</strong></span> <span class='ocrx_word' id='word_1_451' title='bbox 2110 1145 2270 1198; x_wconf 87' lang='grc' dir='ltr'>χρησμὸς</span> 
     </span>
     <span class='ocr_line' id='line_1_64' title="bbox 1223 1188 2268 1252; baseline 0.002 -22"><span class='ocrx_word' id='word_1_452' title='bbox 1223 1188 1278 1241; x_wconf 73' lang='grc' dir='ltr'><strong>ἦν,</strong></span> <span class='ocrx_word' id='word_1_453' title='bbox 1295 1193 1419 1247; x_wconf 85' lang='grc' dir='ltr'>Αὔαρα</span> <span class='ocrx_word' id='word_1_454' title='bbox 1436 1194 1540 1233; x_wconf 89' lang='grc' dir='ltr'>τόπον</span> <span class='ocrx_word' id='word_1_455' title='bbox 1562 1197 1688 1244; x_wconf 88' lang='grc' dir='ltr'>ζητεῖν,</span> <span class='ocrx_word' id='word_1_456' title='bbox 1707 1196 1728 1235; x_wconf 81' lang='grc' dir='ltr'>ὅ</span> <span class='ocrx_word' id='word_1_457' title='bbox 1744 1199 1816 1236; x_wconf 80' lang='grc' dir='ltr'>ἐστι</span> <span class='ocrx_word' id='word_1_458' title='bbox 1836 1198 1927 1236; x_wconf 85' lang='grc' dir='ltr'>κατὰ</span> <span class='ocrx_word' id='word_1_459' title='bbox 1946 1195 2113 1252; x_wconf 29' lang='grc' dir='ltr'>Ἄραὸαςη</span> <span class='ocrx_word' id='word_1_460' title='bbox 2122 1201 2181 1239; x_wconf 84' lang='grc' dir='ltr'><strong>καὶ</strong></span> <span class='ocrx_word' id='word_1_461' title='bbox 2196 1203 2268 1241; x_wconf 86' lang='grc' dir='ltr'><strong>Σύ-</strong></span> 
     </span>
     <span class='ocr_line' id='line_1_65' title="bbox 1225 1252 2267 1312; baseline 0.01 -23"><span class='ocrx_word' id='word_1_462' title='bbox 1225 1266 1301 1303; x_wconf 89' lang='grc' dir='ltr'>ρους</span> <span class='ocrx_word' id='word_1_463' title='bbox 1313 1252 1440 1299; x_wconf 89' lang='grc' dir='ltr'>λευκήν</span> <span class='ocrx_word' id='word_1_464' title='bbox 1449 1268 1458 1277; x_wconf 87' lang='grc'><em>·</em></span> <span class='ocrx_word' id='word_1_465' title='bbox 1473 1253 1533 1291; x_wconf 74' lang='grc' dir='ltr'><strong>καὶ</strong></span> <span class='ocrx_word' id='word_1_466' title='bbox 1547 1254 1717 1304; x_wconf 80' lang='grc' dir='ltr'>φθάσαντι</span> <span class='ocrx_word' id='word_1_467' title='bbox 1731 1257 1781 1308; x_wconf 83' lang='grc' dir='ltr'><strong>τῷ</strong></span> <span class='ocrx_word' id='word_1_468' title='bbox 1791 1256 1824 1295; x_wconf 86' lang='grc' dir='ltr'>Ἀ</span> <span class='ocrx_word' id='word_1_469' title='bbox 1831 1255 1913 1310; x_wconf 76' lang='grc' dir='ltr'><strong>ρέτᾳ</strong></span> <span class='ocrx_word' id='word_1_470' title='bbox 1926 1257 1986 1296; x_wconf 79' lang='grc' dir='ltr'><strong>καὶ</strong></span> <span class='ocrx_word' id='word_1_471' title='bbox 1999 1260 2148 1310; x_wconf 85' lang='grc' dir='ltr'>λοχῶντι</span> <span class='ocrx_word' id='word_1_472' title='bbox 2159 1260 2267 1312; x_wconf 82' lang='grc' dir='ltr'>ἐφάνη</span> 
     </span>
     <span class='ocr_line' id='line_1_66' title="bbox 1224 1308 2269 1369; baseline 0.01 -22"><span class='ocrx_word' id='word_1_473' title='bbox 1224 1308 1346 1361; x_wconf 86' lang='grc' dir='ltr'>φάσμα</span> <span class='ocrx_word' id='word_1_474' title='bbox 1384 1312 1479 1363; x_wconf 81' lang='grc' dir='ltr'>αὐτῷ</span> <span class='ocrx_word' id='word_1_475' title='bbox 1505 1312 1716 1363; x_wconf 86' lang='grc' dir='ltr'>λευκοείμων</span> <span class='ocrx_word' id='word_1_476' title='bbox 1742 1314 1828 1367; x_wconf 84' lang='grc' dir='ltr'>ἀνὴρ</span> <span class='ocrx_word' id='word_1_477' title='bbox 1863 1315 1919 1353; x_wconf 78' lang='grc' dir='ltr'>ἐπὶ</span> <span class='ocrx_word' id='word_1_478' title='bbox 1949 1317 2073 1362; x_wconf 81' lang='grc' dir='ltr'>λευκῆς</span> <span class='ocrx_word' id='word_1_479' title='bbox 2101 1317 2269 1369; x_wconf 88' lang='grc' dir='ltr'>δρομάδος</span> 
     </span>
     <span class='ocr_line' id='line_1_67' title="bbox 1222 1367 2268 1425; baseline 0.011 -21"><span class='ocrx_word' id='word_1_480' title='bbox 1222 1367 1352 1417; x_wconf 85' lang='grc' dir='ltr'>προϊών</span> <span class='ocrx_word' id='word_1_481' title='bbox 1364 1384 1373 1393; x_wconf 90' lang='grc'><em>·</em></span> <span class='ocrx_word' id='word_1_482' title='bbox 1394 1370 1635 1421; x_wconf 83' lang='grc' dir='ltr'>ἀφανισθέντος</span> <span class='ocrx_word' id='word_1_483' title='bbox 1655 1370 1691 1409; x_wconf 84' lang='grc' dir='ltr'><strong>δὲ</strong></span> <span class='ocrx_word' id='word_1_484' title='bbox 1718 1376 1779 1410; x_wconf 77' lang='grc' dir='ltr'><strong>τοῦ</strong></span> <span class='ocrx_word' id='word_1_485' title='bbox 1799 1372 1979 1425; x_wconf 86' lang='grc' dir='ltr'>φάσματος</span> <span class='ocrx_word' id='word_1_486' title='bbox 1998 1374 2165 1419; x_wconf 85' lang='grc' dir='ltr'>σκόπελος</span> <span class='ocrx_word' id='word_1_487' title='bbox 2185 1378 2268 1415; x_wconf 87' lang='grc' dir='ltr'>ἀνε-</span> 
     </span>
     <span class='ocr_line' id='line_1_68' title="bbox 1223 1425 2266 1483; baseline 0.01 -20"><span class='ocrx_word' id='word_1_488' title='bbox 1223 1425 1336 1478; x_wconf 84' lang='grc' dir='ltr'>φάνη,</span> <span class='ocrx_word' id='word_1_489' title='bbox 1359 1427 1554 1477; x_wconf 83' lang='grc' dir='ltr'>αὖτόματος</span> <span class='ocrx_word' id='word_1_490' title='bbox 1575 1428 1667 1467; x_wconf 86' lang='grc' dir='ltr'>κατὰ</span> <span class='ocrx_word' id='word_1_491' title='bbox 1685 1432 1748 1480; x_wconf 77' lang='grc' dir='ltr'><strong>γῆς</strong></span> <span class='ocrx_word' id='word_1_492' title='bbox 1767 1432 2009 1483; x_wconf 81' lang='grc' dir='ltr'>ἐρριζωμένος,</span> <span class='ocrx_word' id='word_1_493' title='bbox 2030 1434 2132 1472; x_wconf 84' lang='grc' dir='ltr'>κάκεῖ</span> <span class='ocrx_word' id='word_1_494' title='bbox 2152 1434 2266 1473; x_wconf 83' lang='grc' dir='ltr'>ἔκτισε</span> 
     </span>
     <span class='ocr_line' id='line_1_69' title="bbox 1222 1484 2266 1541; baseline 0.008 -19"><span class='ocrx_word' id='word_1_495' title='bbox 1222 1484 1333 1524; x_wconf 87' lang='grc' dir='ltr'>πόλιν.</span> <span class='ocrx_word' id='word_1_496' title='bbox 1350 1485 1402 1524; x_wconf 81' lang='grc' dir='ltr'><strong>Τὸ</strong></span> <span class='ocrx_word' id='word_1_497' title='bbox 1419 1486 1548 1524; x_wconf 84' lang='grc' dir='ltr'>ἐθνικὸν</span> <span class='ocrx_word' id='word_1_498' title='bbox 1573 1488 1768 1539; x_wconf 82' lang='grc' dir='ltr'>Αὖαρηνός.</span> <span class='ocrx_word' id='word_1_499' title='bbox 1795 1493 1851 1528; x_wconf 92' lang='lat' dir='ltr'><strong>De</strong></span> <span class='ocrx_word' id='word_1_500' title='bbox 1874 1493 2009 1528; x_wconf 84' lang='lat' dir='ltr'><strong>Auaris</strong></span> <span class='ocrx_word' id='word_1_501' title='bbox 2023 1521 2033 1541; x_wconf 87' lang='lat'>‚</span> <span class='ocrx_word' id='word_1_502' title='bbox 2053 1494 2150 1529; x_wconf 89' lang='lat' dir='ltr'><strong>urbe</strong></span> <span class='ocrx_word' id='word_1_503' title='bbox 2170 1497 2266 1531; x_wconf 84' lang='lat' dir='ltr'><strong>Ara-</strong></span> 
     </span>
     <span class='ocr_line' id='line_1_70' title="bbox 1221 1544 2264 1601; baseline 0.01 -22"><span class='ocrx_word' id='word_1_504' title='bbox 1221 1544 1293 1580; x_wconf 83' lang='lat' dir='ltr'><strong>hiae</strong></span> <span class='ocrx_word' id='word_1_505' title='bbox 1313 1546 1481 1591; x_wconf 64' lang='lat' dir='ltr'><strong>Petraea»,</strong></span> <span class='ocrx_word' id='word_1_506' title='bbox 1503 1559 1542 1584; x_wconf 85' lang='lat' dir='ltr'><strong>v.</strong></span> <span class='ocrx_word' id='word_1_507' title='bbox 1569 1549 1726 1586; x_wconf 88' lang='lat' dir='ltr'><strong>Ptolem.</strong></span> <span class='ocrx_word' id='word_1_508' title='bbox 1750 1551 1796 1599; x_wconf 77' lang='lat' dir='ltr'><strong>V,</strong></span> <span class='ocrx_word' id='word_1_509' title='bbox 1819 1563 1880 1596; x_wconf 90' lang='lat'><strong>17.</strong></span> <span class='ocrx_word' id='word_1_510' title='bbox 1907 1551 2033 1586; x_wconf 81' lang='lat' dir='ltr'><strong>Verba</strong></span> <span class='ocrx_word' id='word_1_511' title='bbox 2054 1549 2264 1601; x_wconf 87' lang='grc' dir='ltr'>φθάσαντι...</span> 
     </span>
     <span class='ocr_line' id='line_1_71' title="bbox 1221 1601 2263 1653; baseline 0.01 -16"><span class='ocrx_word' id='word_1_512' title='bbox 1221 1601 1371 1653; x_wconf 80' lang='grc' dir='ltr'>λοχῶντι</span> <span class='ocrx_word' id='word_1_513' title='bbox 1402 1616 1538 1640; x_wconf 89' lang='lat' dir='ltr'><strong>vereor</strong></span> <span class='ocrx_word' id='word_1_514' title='bbox 1569 1618 1617 1641; x_wconf 92' lang='lat' dir='ltr'><strong>ne</strong></span> <span class='ocrx_word' id='word_1_515' title='bbox 1647 1618 1736 1642; x_wconf 85' lang='lat' dir='ltr'><strong>sana</strong></span> <span class='ocrx_word' id='word_1_516' title='bbox 1772 1621 1850 1643; x_wconf 88' lang='lat' dir='ltr'><strong>non</strong></span> <span class='ocrx_word' id='word_1_517' title='bbox 1878 1609 1962 1646; x_wconf 91' lang='lat' dir='ltr'><strong>sint.</strong></span> <span class='ocrx_word' id='word_1_518' title='bbox 1993 1609 2150 1646; x_wconf 86' lang='grc' dir='ltr'>Χολῶντι</span> <span class='ocrx_word' id='word_1_519' title='bbox 2176 1611 2263 1646; x_wconf 91' lang='lat' dir='ltr'><strong>cod.</strong></span> 
     </span>
     <span class='ocr_line' id='line_1_72' title="bbox 1223 1662 2265 1718; baseline 0.008 -22"><span class='ocrx_word' id='word_1_520' title='bbox 1223 1662 1435 1699; x_wconf 85' lang='lat' dir='ltr'><strong>Vossianus.</strong></span> <span class='ocrx_word' id='word_1_521' title='bbox 1462 1663 1638 1699; x_wconf 90' lang='lat' dir='ltr'><strong>Ceterum</strong></span> <span class='ocrx_word' id='word_1_522' title='bbox 1659 1677 1696 1700; x_wconf 90' lang='lat' dir='ltr'><strong>v.</strong></span> <span class='ocrx_word' id='word_1_523' title='bbox 1719 1666 1896 1702; x_wconf 88' lang='lat' dir='ltr'><strong>Bochart.</strong></span> <span class='ocrx_word' id='word_1_524' title='bbox 1919 1666 2060 1716; x_wconf 84' lang='lat' dir='ltr'><strong>Geogr.</strong></span> <span class='ocrx_word' id='word_1_525' title='bbox 2081 1679 2187 1704; x_wconf 84' lang='lat' dir='ltr'><strong>sacra</strong></span> <span class='ocrx_word' id='word_1_526' title='bbox 2206 1670 2265 1718; x_wconf 89' lang='lat'><strong>11,</strong></span> 
     </span>
     <span class='ocr_line' id='line_1_73' title="bbox 1226 1721 2013 1772; baseline 0.01 -18"><span class='ocrx_word' id='word_1_527' title='bbox 1226 1731 1259 1765; x_wconf 87' lang='lat'><strong>1,</strong></span> <span class='ocrx_word' id='word_1_528' title='bbox 1277 1723 1349 1766; x_wconf 73' lang='lat'><strong>443</strong></span> <span class='ocrx_word' id='word_1_529' title='bbox 1370 1721 1505 1757; x_wconf 87' lang='lat' dir='ltr'><strong>Ritter.</strong></span> <span class='ocrx_word' id='word_1_530' title='bbox 1519 1722 1634 1760; x_wconf 72' lang='lat' dir='ltr'><strong>Erdk.</strong></span> <span class='ocrx_word' id='word_1_531' title='bbox 1652 1722 1737 1770; x_wconf 90' lang='lat' dir='ltr'>XII,</span> <span class='ocrx_word' id='word_1_532' title='bbox 1753 1736 1792 1772; x_wconf 92' lang='lat' dir='ltr'><strong>p.</strong></span> <span class='ocrx_word' id='word_1_533' title='bbox 1819 1737 1904 1761; x_wconf 82' lang='lat'><strong>121.</strong></span> <span class='ocrx_word' id='word_1_534' title='bbox 1928 1724 2013 1763; x_wconf 83' lang='lat'><strong>126.</strong></span> 
     </span>
    </p>
   </div>
   <div class='ocr_carea' id='block_1_18' title="bbox 1724 1821 1761 1846">
    <p class='ocr_par' dir='ltr' id='par_1_23' title="bbox 1724 1821 1761 1846">
     <span class='ocr_line' id='line_1_74' title="bbox 1724 1821 1761 1846; baseline 0.054 -2"><span class='ocrx_word' id='word_1_535' title='bbox 1724 1821 1761 1846; x_wconf 79' lang='lat'><strong>2.</strong></span> 
     </span>
    </p>
   </div>
   <div class='ocr_carea' id='block_1_19' title="bbox 1219 1884 2264 1996">
    <p class='ocr_par' dir='ltr' id='par_1_24' title="bbox 1219 1884 2264 1996">
     <span class='ocr_line' id='line_1_75' title="bbox 1272 1884 2264 1941; baseline 0.007 -21"><span class='ocrx_word' id='word_1_536' title='bbox 1272 1885 1379 1921; x_wconf 89' lang='lat' dir='ltr'><strong>Idem</strong></span> <span class='ocrx_word' id='word_1_537' title='bbox 1399 1899 1407 1922; x_wconf 80' lang='grc' dir='ltr'><strong>τ</strong></span> <span class='ocrx_word' id='word_1_538' title='bbox 1428 1884 1656 1936; x_wconf 81' lang='grc' dir='ltr'>Σέννονες,</span> <span class='ocrx_word' id='word_1_539' title='bbox 1682 1885 1773 1930; x_wconf 83' lang='grc' dir='ltr'>ἔθνος</span> <span class='ocrx_word' id='word_1_540' title='bbox 1796 1887 2004 1935; x_wconf 82' lang='grc' dir='ltr'>Γαλατικὸν,</span> <span class='ocrx_word' id='word_1_541' title='bbox 2026 1890 2072 1932; x_wconf 86' lang='grc' dir='ltr'><strong>ὡς</strong></span> <span class='ocrx_word' id='word_1_542' title='bbox 2098 1889 2264 1941; x_wconf 86' lang='grc' dir='ltr'>Οὖράνιος</span> 
     </span>
     <span class='ocr_line' id='line_1_76' title="bbox 1219 1941 1624 1996; baseline 0.01 -17"><span class='ocrx_word' id='word_1_543' title='bbox 1219 1942 1252 1979; x_wconf 83' lang='grc' dir='ltr'>ἐν</span> <span class='ocrx_word' id='word_1_544' title='bbox 1273 1941 1466 1995; x_wconf 73' lang='grc' dir='ltr'>Ἀραὸικῶν</span> <span class='ocrx_word' id='word_1_545' title='bbox 1483 1943 1624 1996; x_wconf 84' lang='grc' dir='ltr'>πρώτῳ.</span> 
     </span>
    </p>
   </div>
   <div class='ocr_carea' id='block_1_20' title="bbox 1215 2080 2261 2620">
    <p class='ocr_par' dir='ltr' id='par_1_25' title="bbox 1218 2080 2261 2247">
     <span class='ocr_line' id='line_1_77' title="bbox 1271 2080 2261 2137; baseline 0.005 -20"><span class='ocrx_word' id='word_1_546' title='bbox 1271 2081 1377 2117; x_wconf 90' lang='lat' dir='ltr'><strong>Idem</strong></span> <span class='ocrx_word' id='word_1_547' title='bbox 1393 2092 1402 2119; x_wconf 89' lang='lat'>:</span> <span class='ocrx_word' id='word_1_548' title='bbox 1421 2082 1452 2119; x_wconf 92' lang='grc' dir='ltr'><strong>Σ</strong></span> <span class='ocrx_word' id='word_1_549' title='bbox 1462 2080 1558 2132; x_wconf 85' lang='grc' dir='ltr'>ίγγα</span> <span class='ocrx_word' id='word_1_550' title='bbox 1572 2096 1589 2133; x_wconf 90' lang='grc' dir='ltr'>ρ</span> <span class='ocrx_word' id='word_1_551' title='bbox 1601 2096 1621 2117; x_wconf 87' lang='grc' dir='ltr'><strong>α</strong></span> <span class='ocrx_word' id='word_1_552' title='bbox 1633 2109 1643 2128; x_wconf 92' lang='grc'><strong>,</strong></span> <span class='ocrx_word' id='word_1_553' title='bbox 1659 2081 1758 2124; x_wconf 86' lang='grc' dir='ltr'>πόλις</span> <span class='ocrx_word' id='word_1_554' title='bbox 1771 2081 1933 2133; x_wconf 65' lang='grc' dir='ltr'>Ἀραὸίας</span> <span class='ocrx_word' id='word_1_555' title='bbox 1946 2082 2029 2134; x_wconf 85' lang='grc' dir='ltr'>πρὸς</span> <span class='ocrx_word' id='word_1_556' title='bbox 2041 2085 2082 2133; x_wconf 74' lang='grc' dir='ltr'><strong>τῇ</strong></span> <span class='ocrx_word' id='word_1_557' title='bbox 2096 2083 2261 2137; x_wconf 82' lang='grc' dir='ltr'>Ἐδέσσῃ,</span> 
     </span>
     <span class='ocr_line' id='line_1_78' title="bbox 1218 2137 2258 2194; baseline 0.006 -20"><span class='ocrx_word' id='word_1_558' title='bbox 1218 2138 1262 2180; x_wconf 83' lang='grc' dir='ltr'><strong>ὡς</strong></span> <span class='ocrx_word' id='word_1_559' title='bbox 1279 2137 1447 2190; x_wconf 82' lang='grc' dir='ltr'>Οὐράνιος</span> <span class='ocrx_word' id='word_1_560' title='bbox 1466 2140 1501 2176; x_wconf 81' lang='grc' dir='ltr'>ἐν</span> <span class='ocrx_word' id='word_1_561' title='bbox 1519 2138 1646 2192; x_wconf 84' lang='grc' dir='ltr'>πρώτῳ</span> <span class='ocrx_word' id='word_1_562' title='bbox 1664 2139 1869 2191; x_wconf 76' lang='grc' dir='ltr'>Ἀραὸικῶν.</span> <span class='ocrx_word' id='word_1_563' title='bbox 1894 2139 1940 2179; x_wconf 88' lang='lat' dir='ltr'><strong>‘O</strong></span> <span class='ocrx_word' id='word_1_564' title='bbox 1961 2140 2103 2188; x_wconf 84' lang='grc' dir='ltr'>πολίτης</span> <span class='ocrx_word' id='word_1_565' title='bbox 2124 2143 2258 2194; x_wconf 89' lang='grc' dir='ltr'>Σιγγα-</span> 
     </span>
     <span class='ocr_line' id='line_1_79' title="bbox 1219 2195 1328 2247; baseline 0.018 -15"><span class='ocrx_word' id='word_1_566' title='bbox 1219 2195 1328 2247; x_wconf 89' lang='grc' dir='ltr'>ρηνός.</span> 
     </span>
    </p>

    <p class='ocr_par' dir='ltr' id='par_1_26' title="bbox 1716 2266 1753 2305">
     <span class='ocr_line' id='line_1_80' title="bbox 1716 2266 1753 2305; baseline 0 -8"><span class='ocrx_word' id='word_1_567' title='bbox 1716 2266 1753 2305; x_wconf 71' lang='lat' dir='ltr'><strong>l·-</strong></span> 
     </span>
    </p>

    <p class='ocr_par' dir='ltr' id='par_1_27' title="bbox 1215 2334 2259 2620">
     <span class='ocr_line' id='line_1_81' title="bbox 1269 2334 2259 2389; baseline 0.005 -18"><span class='ocrx_word' id='word_1_568' title='bbox 1269 2334 1406 2371; x_wconf 83' lang='lat' dir='ltr'><strong>Idem·:</strong></span> <span class='ocrx_word' id='word_1_569' title='bbox 1428 2335 1787 2386; x_wconf 86' lang='grc' dir='ltr'>Χατραμωτῖτις,</span> <span class='ocrx_word' id='word_1_570' title='bbox 1804 2334 1904 2387; x_wconf 82' lang='grc' dir='ltr'>χώρα</span> <span class='ocrx_word' id='word_1_571' title='bbox 1920 2336 2067 2382; x_wconf 90' lang='grc' dir='ltr'>πλησίον</span> <span class='ocrx_word' id='word_1_572' title='bbox 2083 2339 2143 2382; x_wconf 74' lang='grc' dir='ltr'><strong>τῆς</strong></span> <span class='ocrx_word' id='word_1_573' title='bbox 2159 2336 2259 2389; x_wconf 81' lang='lat' dir='ltr'><strong>&#39;Epu-</strong></span> 
     </span>
     <span class='ocr_line' id='line_1_82' title="bbox 1216 2392 2255 2446; baseline 0.005 -18"><span class='ocrx_word' id='word_1_574' title='bbox 1216 2393 1298 2443; x_wconf 84' lang='grc' dir='ltr'>θρᾶς</span> <span class='ocrx_word' id='word_1_575' title='bbox 1315 2392 1505 2439; x_wconf 87' lang='grc' dir='ltr'>θαλάσσης.</span> <span class='ocrx_word' id='word_1_576' title='bbox 1528 2393 1573 2431; x_wconf 82' lang='grc' dir='ltr'><strong>Οἱ</strong></span> <span class='ocrx_word' id='word_1_577' title='bbox 1606 2395 1746 2431; x_wconf 88' lang='grc' dir='ltr'>πολῖται</span> <span class='ocrx_word' id='word_1_578' title='bbox 1766 2395 2057 2445; x_wconf 85' lang='grc' dir='ltr'>Χατραμωτῗται.</span> <span class='ocrx_word' id='word_1_579' title='bbox 2086 2395 2255 2446; x_wconf 73' lang='grc' dir='ltr'>Στράὸων</span> 
     </span>
     <span class='ocr_line' id='line_1_83' title="bbox 1215 2450 2258 2506; baseline 0.005 -19"><span class='ocrx_word' id='word_1_580' title='bbox 1215 2450 1443 2503; x_wconf 83' lang='grc' dir='ltr'>ἑκκαιδεκάτῃ</span> <span class='ocrx_word' id='word_1_581' title='bbox 1468 2453 1527 2502; x_wconf 85' lang='lat' dir='ltr'><strong>(p.</strong></span> <span class='ocrx_word' id='word_1_582' title='bbox 1550 2453 1696 2503; x_wconf 82' lang='lat'><strong>768)...</strong></span> <span class='ocrx_word' id='word_1_583' title='bbox 1717 2451 1885 2503; x_wconf 82' lang='grc' dir='ltr'>Οὐράνιος</span> <span class='ocrx_word' id='word_1_584' title='bbox 1902 2452 1931 2489; x_wconf 90' lang='grc' dir='ltr'><strong>δ’</strong></span> <span class='ocrx_word' id='word_1_585' title='bbox 1955 2454 1989 2490; x_wconf 83' lang='grc' dir='ltr'>ἓν</span> <span class='ocrx_word' id='word_1_586' title='bbox 2008 2453 2137 2506; x_wconf 81' lang='grc' dir='ltr'>πρώτῳ</span> <span class='ocrx_word' id='word_1_587' title='bbox 2157 2454 2258 2506; x_wconf 88' lang='grc' dir='ltr'>Ἀρα-</span> 
     </span>
     <span class='ocr_line' id='line_1_84' title="bbox 1215 2508 2258 2563; baseline 0.004 -18"><span class='ocrx_word' id='word_1_588' title='bbox 1215 2508 1322 2547; x_wconf 73' lang='grc' dir='ltr'>ὅικῶν</span> <span class='ocrx_word' id='word_1_589' title='bbox 1359 2509 1608 2561; x_wconf 87' lang='grc' dir='ltr'>Χατραμώτας</span> <span class='ocrx_word' id='word_1_590' title='bbox 1639 2508 1762 2554; x_wconf 77' lang='grc' dir='ltr'>αὐτοὺς</span> <span class='ocrx_word' id='word_1_591' title='bbox 1790 2512 1908 2548; x_wconf 90' lang='grc' dir='ltr'>καλεῖ·</span> <span class='ocrx_word' id='word_1_592' title='bbox 1950 2529 1966 2546; x_wconf 89' lang='grc'>«</span> <span class='ocrx_word' id='word_1_593' title='bbox 2002 2512 2258 2563; x_wconf 85' lang='grc' dir='ltr'>Καμηλοκόμοι</span> 
     </span>
     <span class='ocr_line' id='line_1_85' title="bbox 1215 2568 1990 2620; baseline -0.003 -14"><span class='ocrx_word' id='word_1_594' title='bbox 1215 2568 1480 2620; x_wconf 83' lang='grc' dir='ltr'>Χατραμῶται,</span> <span class='ocrx_word' id='word_1_595' title='bbox 1501 2568 1652 2607; x_wconf 74' lang='grc' dir='ltr'>Σαὸαῖοι</span> <span class='ocrx_word' id='word_1_596' title='bbox 1672 2568 1732 2607; x_wconf 81' lang='grc' dir='ltr'><strong>καὶ</strong></span> <span class='ocrx_word' id='word_1_597' title='bbox 1747 2568 1953 2619; x_wconf 84' lang='grc' dir='ltr'>Ὁμηρῐται.</span> <span class='ocrx_word' id='word_1_598' title='bbox 1975 2586 1990 2604; x_wconf 71' lang='lat' dir='ltr'>n</span> 
     </span>
    </p>
   </div>
   <div class='ocr_carea' id='block_1_21' title="bbox 1211 2695 2256 2924">
    <p class='ocr_par' dir='ltr' id='par_1_28' title="bbox 1211 2695 2256 2924">
     <span class='ocr_line' id='line_1_86' title="bbox 1254 2695 2256 2741; baseline 0.002 -12"><span class='ocrx_word' id='word_1_599' title='bbox 1254 2695 1298 2739; x_wconf 83' lang='lat'><strong>[*]</strong></span> <span class='ocrx_word' id='word_1_600' title='bbox 1312 2697 1360 2729; x_wconf 85' lang='lat' dir='ltr'><strong>Ad</strong></span> <span class='ocrx_word' id='word_1_601' title='bbox 1373 2698 1470 2729; x_wconf 84' lang='lat' dir='ltr'><strong>alium</strong></span> <span class='ocrx_word' id='word_1_602' title='bbox 1487 2697 1643 2730; x_wconf 85' lang='lat' dir='ltr'><strong>Uranium</strong></span> <span class='ocrx_word' id='word_1_603' title='bbox 1661 2698 1784 2738; x_wconf 83' lang='lat' dir='ltr'><strong>spectat</strong></span> <span class='ocrx_word' id='word_1_604' title='bbox 1796 2698 1909 2730; x_wconf 86' lang='lat' dir='ltr'><strong>Suidas</strong></span> <span class='ocrx_word' id='word_1_605' title='bbox 1926 2707 1981 2731; x_wconf 84' lang='lat' dir='ltr'><strong>vv.</strong></span> <span class='ocrx_word' id='word_1_606' title='bbox 1998 2700 2212 2741; x_wconf 78' lang='grc' dir='ltr'>μαγιστριανὸς</span> <span class='ocrx_word' id='word_1_607' title='bbox 2224 2700 2256 2732; x_wconf 83' lang='lat' dir='ltr'><strong>et</strong></span> 
     </span>
     <span class='ocr_line' id='line_1_87' title="bbox 1213 2744 2252 2787; baseline 0.003 -12"><span class='ocrx_word' id='word_1_608' title='bbox 1213 2745 1454 2785; x_wconf 82' lang='grc' dir='ltr'>καθωσιωμένος</span> <span class='ocrx_word' id='word_1_609' title='bbox 1467 2769 1476 2782; x_wconf 88' lang='grc'><strong>,</strong></span> <span class='ocrx_word' id='word_1_610' title='bbox 1497 2745 1550 2776; x_wconf 92' lang='lat' dir='ltr'><strong>ubi</strong></span> <span class='ocrx_word' id='word_1_611' title='bbox 1564 2754 1571 2775; x_wconf 77' lang='lat'>1</span> <span class='ocrx_word' id='word_1_612' title='bbox 1593 2744 1741 2783; x_wconf 84' lang='grc' dir='ltr'>Οὐράνιος</span> <span class='ocrx_word' id='word_1_613' title='bbox 1754 2746 1771 2776; x_wconf 88' lang='grc' dir='ltr'><strong>ὁ</strong></span> <span class='ocrx_word' id='word_1_614' title='bbox 1784 2746 2021 2786; x_wconf 86' lang='grc' dir='ltr'>καθωσιωμένος</span> <span class='ocrx_word' id='word_1_615' title='bbox 2036 2747 2252 2787; x_wconf 80' lang='grc' dir='ltr'>μαγιστριανὸς</span> 
     </span>
     <span class='ocr_line' id='line_1_88' title="bbox 1211 2791 2254 2833; baseline 0 -10"><span class='ocrx_word' id='word_1_616' title='bbox 1211 2792 1324 2830; x_wconf 72' lang='grc' dir='ltr'>εὐσεὸῆ</span> <span class='ocrx_word' id='word_1_617' title='bbox 1352 2791 1519 2832; x_wconf 82' lang='grc' dir='ltr'>γράμματα</span> <span class='ocrx_word' id='word_1_618' title='bbox 1553 2791 1731 2823; x_wconf 80' lang='grc' dir='ltr'>ἀποδέδωκε</span> <span class='ocrx_word' id='word_1_619' title='bbox 1763 2794 1809 2831; x_wconf 84' lang='grc' dir='ltr'><strong>τῷ</strong></span> <span class='ocrx_word' id='word_1_620' title='bbox 1829 2791 1992 2832; x_wconf 86' lang='grc' dir='ltr'>ὁσιωτάτῳ</span> <span class='ocrx_word' id='word_1_621' title='bbox 2018 2792 2254 2833; x_wconf 85' lang='grc' dir='ltr'>ἀρχιεπισκόπῳ</span> 
     </span>
     <span class='ocr_line' id='line_1_89' title="bbox 1211 2837 2252 2878; baseline -0.001 -7"><span class='ocrx_word' id='word_1_622' title='bbox 1211 2838 1403 2871; x_wconf 69' lang='grc' dir='ltr'>Καλανδίωνι</span> <span class='ocrx_word' id='word_1_623' title='bbox 1430 2838 1638 2876; x_wconf 79' lang='lat' dir='ltr'><strong>(Antiochiae.</strong></span> <span class='ocrx_word' id='word_1_624' title='bbox 1668 2839 1708 2869; x_wconf 86' lang='lat' dir='ltr'><strong>V.</strong></span> <span class='ocrx_word' id='word_1_625' title='bbox 1732 2840 1847 2877; x_wconf 81' lang='lat' dir='ltr'><strong>Euagr.</strong></span> <span class='ocrx_word' id='word_1_626' title='bbox 1872 2837 1952 2869; x_wconf 78' lang='lat' dir='ltr'><strong>nist.</strong></span> <span class='ocrx_word' id='word_1_627' title='bbox 1977 2839 2060 2870; x_wconf 84' lang='lat' dir='ltr'><strong>Eccl.</strong></span> <span class='ocrx_word' id='word_1_628' title='bbox 2081 2841 2148 2878; x_wconf 77' lang='grc' dir='ltr'>ΙΙΙ,</span> <span class='ocrx_word' id='word_1_629' title='bbox 2182 2839 2252 2878; x_wconf 87' lang='grc'>16).</span> 
     </span>
     <span class='ocr_line' id='line_1_90' title="bbox 1211 2883 2250 2924; baseline -0.002 -8"><span class='ocrx_word' id='word_1_630' title='bbox 1211 2887 1330 2917; x_wconf 86' lang='lat' dir='ltr'><strong>Uranio</strong></span> <span class='ocrx_word' id='word_1_631' title='bbox 1356 2884 1483 2917; x_wconf 83' lang='lat' dir='ltr'><strong>cuidam</strong></span> <span class='ocrx_word' id='word_1_632' title='bbox 1511 2884 1677 2924; x_wconf 85' lang='lat' dir='ltr'><strong>epistolam</strong></span> <span class='ocrx_word' id='word_1_633' title='bbox 1706 2883 1864 2924; x_wconf 85' lang='lat' dir='ltr'><strong>inscripsit</strong></span> <span class='ocrx_word' id='word_1_634' title='bbox 1891 2884 2042 2924; x_wconf 85' lang='lat' dir='ltr'><strong>synesius</strong></span> <span class='ocrx_word' id='word_1_635' title='bbox 2057 2893 2087 2924; x_wconf 86' lang='lat' dir='ltr'><strong>p.</strong></span> <span class='ocrx_word' id='word_1_636' title='bbox 2108 2887 2182 2923; x_wconf 78' lang='lat'><strong>¹80,</strong></span> <span class='ocrx_word' id='word_1_637' title='bbox 2199 2886 2250 2917; x_wconf 57' lang='lat' dir='ltr'><strong>B.</strong></span> 
     </span>
    </p>
   </div>
   <div class='ocr_carea' id='block_1_22' title="bbox 1252 3004 2252 3102">
    <p class='ocr_par' dir='ltr' id='par_1_29' title="bbox 1252 3004 2252 3102">
     <span class='ocr_line' id='line_1_91' title="bbox 1715 3004 1749 3036; baseline -0.059 0"><span class='ocrx_word' id='word_1_638' title='bbox 1715 3004 1749 3036; x_wconf 87' lang='grc'><strong>3.</strong></span> 
     </span>
     <span class='ocr_line' id='line_1_92' title="bbox 1252 3061 2252 3102; baseline -0.001 -8"><span class='ocrx_word' id='word_1_639' title='bbox 1252 3063 1381 3102; x_wconf 81' lang='lat' dir='ltr'><strong>Singara</strong></span> <span class='ocrx_word' id='word_1_640' title='bbox 1393 3087 1403 3102; x_wconf 95' lang='lat'><strong>,</strong></span> <span class='ocrx_word' id='word_1_641' title='bbox 1433 3062 1510 3094; x_wconf 90' lang='lat' dir='ltr'><strong>urbs</strong></span> <span class='ocrx_word' id='word_1_642' title='bbox 1522 3062 1665 3102; x_wconf 80' lang='lat' dir='ltr'><strong>Arabiae,</strong></span> <span class='ocrx_word' id='word_1_643' title='bbox 1681 3062 1722 3094; x_wconf 85' lang='lat' dir='ltr'><strong>ad</strong></span> <span class='ocrx_word' id='word_1_644' title='bbox 1747 3061 1915 3102; x_wconf 82' lang='lat' dir='ltr'><strong>Edessam,</strong></span> <span class='ocrx_word' id='word_1_645' title='bbox 1943 3062 1979 3094; x_wconf 89' lang='lat' dir='ltr'><strong>ut</strong></span> <span class='ocrx_word' id='word_1_646' title='bbox 1999 3062 2135 3094; x_wconf 86' lang='lat' dir='ltr'><strong>Uranius</strong></span> <span class='ocrx_word' id='word_1_647' title='bbox 2149 3061 2252 3102; x_wconf 81' lang='lat' dir='ltr'><strong>primo</strong></span> 
     </span>
    </p>
   </div>
   <div class='ocr_carea' id='block_1_23' title="bbox 1211 3115 1751 3202">
    <p class='ocr_par' dir='ltr' id='par_1_30' title="bbox 1211 3115 1751 3202">
     <span class='ocr_line' id='line_1_93' title="bbox 1211 3115 1751 3155; baseline -0.002 -7"><span class='ocrx_word' id='word_1_648' title='bbox 1211 3116 1431 3148; x_wconf 86' lang='lat' dir='ltr'><strong>Arabicorum.</strong></span> <span class='ocrx_word' id='word_1_649' title='bbox 1447 3115 1535 3148; x_wconf 90' lang='lat' dir='ltr'><strong>Civis</strong></span> <span class='ocrx_word' id='word_1_650' title='bbox 1551 3115 1751 3155; x_wconf 85' lang='lat' dir='ltr'><strong>singarenus.</strong></span> 
     </span>
     <span class='ocr_line' id='line_1_94' title="bbox 1711 3169 1747 3202; baseline 0.028 -1"><span class='ocrx_word' id='word_1_651' title='bbox 1711 3169 1747 3202; x_wconf 83' lang='lat'><strong>4.</strong></span> 
     </span>
    </p>
   </div>
   <div class='ocr_carea' id='block_1_24' title="bbox 1208 3232 2248 3421">
    <p class='ocr_par' dir='ltr' id='par_1_31' title="bbox 1208 3232 2248 3421">
     <span class='ocr_line' id='line_1_95' title="bbox 1250 3232 2246 3276; baseline -0.005 -9"><span class='ocrx_word' id='word_1_652' title='bbox 1250 3234 1509 3274; x_wconf 84' lang='lat' dir='ltr'><strong>Chatramotitis,</strong></span> <span class='ocrx_word' id='word_1_653' title='bbox 1522 3234 1608 3275; x_wconf 82' lang='lat' dir='ltr'><strong>regio</strong></span> <span class='ocrx_word' id='word_1_654' title='bbox 1622 3243 1719 3276; x_wconf 84' lang='lat' dir='ltr'><strong>prope</strong></span> <span class='ocrx_word' id='word_1_655' title='bbox 1733 3243 1822 3267; x_wconf 85' lang='lat' dir='ltr'><strong>mare</strong></span> <span class='ocrx_word' id='word_1_656' title='bbox 1832 3234 1989 3267; x_wconf 86' lang='lat' dir='ltr'><strong>Rubrum.</strong></span> <span class='ocrx_word' id='word_1_657' title='bbox 2002 3233 2104 3271; x_wconf 85' lang='lat' dir='ltr'><strong>Cives,</strong></span> <span class='ocrx_word' id='word_1_658' title='bbox 2115 3232 2246 3263; x_wconf 82' lang='lat' dir='ltr'><strong>Chatra-</strong></span> 
     </span>
     <span class='ocr_line' id='line_1_96' title="bbox 1210 3283 2248 3325; baseline -0.004 -8"><span class='ocrx_word' id='word_1_659' title='bbox 1210 3287 1341 3318; x_wconf 77' lang='lat' dir='ltr'><strong>motitoe.</strong></span> <span class='ocrx_word' id='word_1_660' title='bbox 1360 3286 1499 3318; x_wconf 82' lang='lat' dir='ltr'><strong>Uranius</strong></span> <span class='ocrx_word' id='word_1_661' title='bbox 1510 3288 1617 3318; x_wconf 87' lang='lat' dir='ltr'><strong>autem</strong></span> <span class='ocrx_word' id='word_1_662' title='bbox 1634 3286 1668 3317; x_wconf 92' lang='lat' dir='ltr'><strong>in</strong></span> <span class='ocrx_word' id='word_1_663' title='bbox 1683 3286 1892 3318; x_wconf 88' lang='lat' dir='ltr'><strong>Arabicorum</strong></span> <span class='ocrx_word' id='word_1_664' title='bbox 1909 3285 2010 3325; x_wconf 83' lang='lat' dir='ltr'><strong>primo</strong></span> <span class='ocrx_word' id='word_1_665' title='bbox 2027 3283 2248 3315; x_wconf 83' lang='lat' dir='ltr'><strong>Chatramotas</strong></span> 
     </span>
     <span class='ocr_line' id='line_1_97' title="bbox 1208 3333 2246 3374; baseline -0.007 -3"><span class='ocrx_word' id='word_1_666' title='bbox 1208 3347 1262 3369; x_wconf 85' lang='lat' dir='ltr'><strong>eos</strong></span> <span class='ocrx_word' id='word_1_667' title='bbox 1279 3339 1372 3368; x_wconf 84' lang='lat' dir='ltr'><strong>vocat</strong></span> <span class='ocrx_word' id='word_1_668' title='bbox 1398 3347 1405 3367; x_wconf 91' lang='lat'>:</span> <span class='ocrx_word' id='word_1_669' title='bbox 1427 3350 1442 3365; x_wconf 73' lang='grc' dir='ltr'><strong>ιι</strong></span> <span class='ocrx_word' id='word_1_670' title='bbox 1465 3338 1668 3370; x_wconf 84' lang='lat' dir='ltr'><strong>camelorum</strong></span> <span class='ocrx_word' id='word_1_671' title='bbox 1687 3337 1804 3370; x_wconf 84' lang='lat' dir='ltr'><strong>altores</strong></span> <span class='ocrx_word' id='word_1_672' title='bbox 1822 3337 2051 3374; x_wconf 78' lang='lat' dir='ltr'><strong>Chatramotae,</strong></span> <span class='ocrx_word' id='word_1_673' title='bbox 2075 3333 2198 3366; x_wconf 83' lang='lat' dir='ltr'><strong>Sabboei</strong></span> <span class='ocrx_word' id='word_1_674' title='bbox 2214 3334 2246 3365; x_wconf 82' lang='lat' dir='ltr'><strong>et</strong></span> 
     </span>
     <span class='ocr_line' id='line_1_98' title="bbox 1209 3389 1430 3421; baseline -0.005 -1"><span class='ocrx_word' id='word_1_675' title='bbox 1209 3389 1391 3421; x_wconf 81' lang='lat' dir='ltr'><strong>Homeritoe.</strong></span> <span class='ocrx_word' id='word_1_676' title='bbox 1415 3401 1430 3418; x_wconf 75' lang='grc' dir='ltr'><strong>υ</strong></span> 
     </span>
    </p>
   </div>
  </div>
 </body>
</html>
