2372 3704
161 211 181 243 ·‘2
188 211 236 245 80

455 300 578 340 ΠΕΡΙ
610 298 917 339 ΑΦΡΟΔΙΤΗΣ.

665 398 700 439 5.

214 484 415 520 Athenaeus
433 485 519 530 XV,
540 496 584 532 p.
605 482 682 530 675
695 513 705 529 ,
720 484 749 519 F
769 494 777 519 ε
802 479 890 533 Περὶ
910 479 946 517 δὲ
961 484 1022 518 τοῦ
1039 479 1207 530 Ναυκρα·

161 539 256 578 τίτου
278 541 448 594 στεφάνου
460 571 470 589 ,
484 541 536 584 τίς
550 542 623 578 ἐστι
638 539 702 587 τὴν
719 538 840 586 ἄνθην,
855 537 971 576 πολλὰ
990 536 1211 583 ἀναζητήσας

162 598 221 636 καὶ
237 600 376 638 πολλῶν
399 600 610 650 πυθόμενος,
629 601 675 642 ὡς
702 597 797 636 οὐδὲν
818 597 1024 647 ἐμάνθανον,
1051 595 1210 647 ἐνέτυχον

162 657 226 710 ὀψέ
260 673 345 697 ποτε
385 658 627 710 Πολυχάρμου
665 652 909 708 Ναυκρατίτου
947 654 1213 706 ἐπιγραφομένῳ

164 716 290 770 βιὸλίῳ
309 717 398 770 Περὶ
413 717 629 770 Ἀφροδίτης,
648 709 724 768 {vt}
741 715 840 753 ταυτὶ
853 713 1059 766 γέγραπται·
1078 731 1092 746 «
1110 712 1213 752 Κατὰ

166 775 203 813 δὲ
223 774 287 822 τὴν
313 776 433 828 τρίτην
449 775 534 826 πρὸς
565 781 639 818 ταῖς
664 774 791 813 εἴκοσιν
817 771 1047 823 Ὀλυμπιάδα
1067 774 1084 809 ὃ
1107 770 1212 823 Ἥρό-

170 850 329 887 στρατος,
341 835 486 882 πολίτης
503 834 683 886 ἡμέτερος,
700 832 851 884 ἐμπορίᾳ
866 831 1044 884 χρώμενος
1061 830 1120 869 καὶ
1139 830 1214 883 χώ-

164 909 227 946 ραν
247 892 382 940 πολλὴν
396 892 607 946 περιπλέων,
627 890 815 944 προσσχών
837 905 921 928 ποτε
941 890 1000 927 καὶ
1017 889 1135 942 Πάφῳ
1154 892 1214 935 τ’ἧς

166 953 330 1004 Κύπρου,
349 953 567 1002 ἀγαλμάτιον
587 949 787 1002 Ἀφροδίτης
804 950 1047 997 σπιθαμιαῖον,
1069 948 1213 1000 ἀρχαῖον

163 1014 207 1062 τῇ
229 1010 355 1062 τέχνῃ,
374 1010 614 1060 ὠνησάμενος,
639 1008 694 1060 ᾔει
712 1007 823 1060 φέρων
850 1009 896 1050 εἰς
911 1005 973 1052 τὴν
998 1006 1213 1059 Ναύκρατιν.

163 1068 236 1107 Καὶ
250 1071 344 1120 αὐτῷ
360 1070 509 1115 πλησίον
523 1066 702 1120 φερομένῳ
711 1069 771 1112 τ’ῆς
786 1066 978 1126 Αἷγιξνπτου,
994 1066 1068 1104 ἐπεὶ
1082 1063 1216 1124 χεέμὼν

165 1126 333 1177 αἰφνίδιον
357 1126 505 1164 ἐπέπεσε
525 1125 586 1163 καὶ
605 1124 752 1162 συνιδεῖν
782 1126 844 1162 οὐκ
864 1127 906 1170 ἠν
927 1123 1014 1161 ὅπου
1032 1125 1095 1174 γῆς
1115 1126 1217 1170 ἦσαν,

163 1184 356 1235 κατέφυγον
372 1184 522 1227 ἅπαντες
540 1183 597 1222 ἐπὶ
613 1182 653 1221 τὸ
666 1186 727 1229 τῆς
742 1182 943 1236 Ἀφροδίτης
961 1182 1124 1233 ἄγαλμα,
1148 1182 1218 1220 σώ-

164 1245 231 1287 ζειν
250 1243 373 1288 merob<
387 1243 496 1290 αὐτὴν
520 1243 688 1292 δεόμενοι.
705 1241 750 1281 ‘H
766 1242 802 1279 δὲ
818 1241 891 1285 θεὸς
915 1241 1130 1294 (προσφιλὴς
1150 1240 1217 1294 γὰρ

163 1303 233 1345 τοῖς
250 1302 508 1354 Ναυκρατίταις
521 1296 582 1353 ἦν)
600 1299 767 1353 αἰφνίδιον
783 1300 925 1346 ἐποίησε
941 1300 1058 1338 πάντα
1079 1299 1123 1337 τὰ
1145 1316 1216 1337 πα-

166 1360 356 1411 ρακείμενα
373 1362 461 1413 αὐτῇ
477 1360 643 1413 μυρρίνας
660 1361 803 1411 χλωρᾶς
816 1359 954 1411 πλήρη,
969 1360 1077 1409 ὂδμῆς
1090 1374 1126 1396 τε
1143 1358 1218 1404 ἠδί-

167 1435 251 1466 στης
268 1419 451 1471 ἐπλήρωσε
466 1419 529 1465 τὴν
543 1422 627 1456 ναῦν
642 1418 710 1464 ἤδη
727 1418 932 1470 ἀπειρηκόσι
948 1419 1016 1461 τοῖς
1030 1417 1220 1468 ἐμπλέουσι

166 1477 230 1524 τὴν
249 1478 426 1530 σωτηρίαν
450 1477 506 1516 διὰ
526 1477 588 1525 τὴν
618 1476 751 1523 πολλὴν
779 1477 932 1515 ναυτίαν.
960 1475 1153 1527 Γενομένου
1183 1476 1219 1514 δὲ

167 1536 291 1587 ἐμέτου
311 1539 441 1575 πολλοῦ
463 1536 521 1574 καὶ
538 1535 638 1583 ἡλίου
655 1535 916 1588 ἐκλάμψαντος,
933 1535 1128 1579 κατιδόντες
1143 1534 1221 1579 τοὺς

167 1594 266 1647 ὅρους
280 1590 363 1640 ἧκον
377 1597 422 1638 εἷς
438 1594 500 1641 τὴν
513 1594 730 1646 Ναύκρατιν.
752 1593 822 1632 Καὶ
834 1595 851 1630 ὃ
866 1593 1116 1646 Ἡρόστρατος,
1134 1593 1221 1646 ἐξορ·

168 1654 286 1705 μήσας
315 1657 375 1700 τῆς
404 1653 487 1697 νεὼς
520 1652 609 1703 μετὰ
631 1655 691 1690 τοῦ
719 1652 938 1703 ἀγάλματος,
966 1651 1055 1704 ἔχων
1081 1652 1139 1690 καὶ
1162 1654 1221 1696 τὰς

168 1711 336 1765 αἰφνίδιον
354 1714 448 1764 αὐτῷ
462 1711 695 1765 ἀναφανείσας
707 1710 847 1763 χλωρὰς
861 1711 1041 1763 μυρρίνας,
1057 1712 1221 1757 ἀνέθηκεν

169 1773 203 1809 ἐν
224 1773 274 1824 τῷ
287 1775 349 1818 τῆς
359 1770 564 1824 Ἀφροδίτης
582 1772 677 1823 ἱερῷ,
694 1768 799 1813 θύσας
809 1785 847 1808 τε
867 1773 910 1821 τῇ
923 1772 988 1822 θεῷ
1003 1770 1063 1807 καὶ
1086 1770 1222 1814 ἀναθεὶς

168 1834 211 1882 τῇ
232 1830 416 1883 Ἀφροδίτῃ
441 1829 606 1881 ἄγαλμα,
631 1829 782 1872 καλέσας
797 1845 835 1867 τε
861 1829 920 1867 καὶ
938 1829 990 1882 ἐφ’
1015 1828 1168 1867 ἑστίασιν
1188 1831 1222 1867 ἐν

170 1892 265 1942 αὐτῷ
279 1892 329 1941 τῷ
347 1891 429 1942 ἱερῷ
447 1887 525 1931 τοὺς
547 1889 789 1940 προσήκοντας
805 1887 863 1926 καὶ
880 1887 957 1931 τοὺς
980 1888 1223 1935 οἰκειοτάτους,

173 1948 300 1986 ἔδωκεν
316 1947 453 1999 ἑκάστῳ
471 1948 531 1984 καὶ
555 1947 722 1999 στέφανον
750 1948 789 1984 ἐκ
812 1950 873 1993 τῆς
903 1946 1087 1999 μυρρίνης,
1110 1946 1146 1985 ὃν
1165 1947 1222 1985 καὶ

168 2004 247 2043 τότε
265 2006 409 2044 ἐκάλεσε
435 2005 696 2057 Ναυκρατίτην.
722 2023 738 2039 υ
760 2004 806 2044 ‘O
827 2006 890 2056 μὲν
907 1999 964 2043 οἶν
991 2005 1225 2059 Πολύχαρμος

168 2079 296 2102 ταυτα.

677 2178 711 2210 5.

496 2263 505 2266 ”
536 2263 604 2301 DE
637 2263 853 2302 VENERE.

210 2348 258 2378 De
270 2347 487 2378 Naucratim
503 2355 580 2378 vero
596 2355 743 2382 corona,
772 2347 877 2387 qualis
892 2348 932 2379 sit
951 2346 1038 2388 quod
1060 2347 1099 2378 ad
1125 2355 1225 2387 genus

169 2397 285 2428 {lorum
296 2398 435 2438 spectat,
448 2398 619 2438 postquam
633 2399 736 2430 multa
749 2399 941 2440 perquisivi,
957 2402 987 2431 et
998 2400 1225 2440 percunctatus

168 2457 242 2481 sum
259 2457 276 2480 e
293 2449 403 2480 multis
414 2473 423 2489 ,
438 2458 540 2489 quum
554 2449 632 2480 nihil
643 2449 835 2489 didicissem,
850 2460 921 2482 sero
937 2451 1068 2482 tandem
1081 2450 1176 2482 incidi
1194 2450 1226 2482 in

168 2501 372 2540 Polycharmi
390 2502 586 2534 Naucratitoe
602 2502 740 2542 librum,
763 2505 808 2535 De
824 2505 950 2535 Venere
968 2504 1157 2544 inscriptum
1168 2527 1177 2543 ,
1194 2503 1226 2534 in

169 2562 236 2594 quo
258 2553 328 2585 haec
340 2553 380 2584 ad
394 2553 532 2584 verbum
548 2554 666 2594 scripta
692 2554 841 2594 leguntur
861 2565 868 2586 ε
890 2568 905 2583 «
935 2556 1125 2596 Olympiade
1143 2556 1226 2595 vige-

170 2605 251 2636 sima
266 2604 362 2636 tertia
392 2606 616 2645 Herostratus‚
644 2605 722 2637 civis
738 2607 880 2646 nostras,
894 2616 1023 2647 peregre
1048 2608 1226 2648 profectus,

172 2656 283 2688 multis
298 2657 388 2688 terris
404 2656 699 2697 circumnavigatis‚
716 2666 799 2689 nave
821 2657 862 2689 ad
888 2659 1033 2698 Paphum
1061 2659 1157 2699 Cypri
1174 2667 1228 2699 ap·

171 2708 262 2749 pulsa
275 2732 284 2748 ,
298 2709 439 2748 emptam
463 2708 508 2740 ibi
525 2708 759 2749 imagunculam
777 2709 910 2741 Veneris
928 2710 1147 2750 magnitudine
1164 2712 1225 2752 spi·

171 2760 293 2791 thamae
302 2783 311 2798 ,
325 2760 442 2791 vetusti
454 2760 559 2800 operis
568 2784 577 2799 ,
591 2769 702 2792 secum
714 2761 897 2792 Naucratim
912 2763 1133 2802 reportaturus
1147 2764 1228 2795 erat.

172 2814 210 2843 In
224 2812 327 2844 reditu
339 2821 440 2852 quum
455 2821 554 2853 prope
567 2814 738 2854 AEgyptum
752 2814 841 2845 navis
854 2815 1046 2854 versaretur,
1061 2815 1166 2846 subito
1180 2816 1228 2847 in-

171 2864 304 2903 gruente
316 2865 506 2904 tempestate
519 2865 551 2897 et
562 2865 658 2897 terrae
675 2866 840 2905 aspectum
857 2865 1036 2905 adimente,
1059 2867 1096 2897 ut
1113 2866 1167 2898 ubi
1184 2867 1230 2898 lo-

173 2923 286 2945 corum
316 2916 420 2946 essent
450 2916 630 2954 nescirent,
656 2917 870 2956 confugerunt
897 2926 1009 2949 omnes
1033 2917 1073 2949 ad
1098 2919 1230 2950 Veneris

173 2967 428 3007 imagunculam,
446 2968 585 3000 salutem
600 2969 661 3001 sibi
679 2969 720 3000 ab
746 2969 799 3001 illa
825 2971 1000 3010 precantes.
1018 2971 1056 3002 Et
1074 2970 1135 3002 dea
1153 2971 1229 3011 (be-

173 3019 287 3051 nevola
303 3019 420 3059 quippe
434 3021 502 3051 erat
514 3020 544 3051 in
558 3021 759 3052 Naucratitas
772 3021 900 3061 >subito
913 3030 1009 3053 omne
1022 3021 1230 3053 circumcirca

176 3071 316 3112 spatium
334 3071 427 3102 viridi
444 3073 551 3112 myrto
572 3073 724 3112 replevit,
741 3075 772 3104 et
791 3082 846 3113 per
860 3074 961 3105 totam
978 3083 1093 3106 navem
1112 3075 1230 3106 suavis-

174 3123 293 3154 simum
309 3122 439 3154 odorem
452 3123 585 3163 sparsit,
600 3132 700 3164 quum
714 3125 849 3156 salutem
862 3124 929 3165 jam
942 3125 1160 3165 desperassent
1175 3134 1230 3158 ve-

175 3174 280 3206 ctores
292 3173 334 3205 ob
345 3174 480 3206 multam
493 3183 655 3207 nauseam.
669 3175 730 3208 Sed
742 3177 844 3208 multo
855 3179 966 3209 secuto
981 3179 1117 3217 vomitu,
1129 3187 1230 3218 quum

176 3225 223 3257 sol
243 3225 287 3256 eis
303 3225 439 3265 rediret,
455 3226 632 3266 conspectis
656 3227 723 3258 suis
748 3227 864 3259 finibus
878 3229 1062 3261 Naucratim
1081 3238 1232 3270 pervene-

177 3278 265 3309 runt.
281 3276 322 3308 Et
335 3277 539 3308 Herostratns
552 3286 569 3309 e
582 3278 655 3308 navi
671 3278 837 3318 prosiliens
861 3289 936 3312 cum
953 3280 1090 3321 imagine
1105 3282 1137 3312 et
1158 3289 1232 3312 cum

179 3327 335 3359 viridibus
351 3329 483 3368 myrtis,
500 3337 573 3369 quae
587 3329 693 3361 subito
707 3330 913 3371 exstiterant,
925 3331 993 3363 deae
1007 3332 1115 3364 omnia
1125 3341 1233 3364 conse-

178 3379 292 3412 cravit.
307 3380 421 3421 Itaque
439 3381 574 3421 peractis
592 3380 688 3412 sacris
699 3404 708 3421 ,
727 3382 759 3413 et
781 3381 918 3423 imagine
934 3383 1052 3416 Veneri
1067 3383 1231 3424 dedicata,

1071 192 1406 242 POLYCRATIS‚

1323 284 1423 319 Num
1455 281 1672 318 Naucratim
1706 279 1767 314 hic
1800 277 1901 313 idem
1930 277 1976 312 sit
2008 288 2093 312 cum
2124 273 2317 324 Lyciacon

1272 349 1442 392 auctore,
1460 352 1596 386 necne,
1620 341 1659 375 in
1674 338 1802 375 medio
1819 335 2127 384 relinquendum.

1691 487 1910 502 ⁴00*—

1550 608 2048 666 POLYCRATES.

1652 736 1936 776 ΛΑΚΩΝΙΚΑ.

1328 833 1526 868 Athenaeus
1539 834 1602 878 IV,
1619 845 1659 880 p.
1679 831 1766 880 139,
1777 834 1812 868 D
1833 846 1840 867 :
1862 830 2093 883 Πολυκράτης
2110 831 2145 868 ἐν
2161 831 2231 874 τοῖς
2247 832 2325 870 Λα-

1277 890 1435 933 κωνικοῖς
1455 892 1608 942 ἱστορεῖ,
1630 889 1681 927 ὅτι
1696 889 1758 936 τὴν
1780 888 1841 940 μὲν
1853 891 1921 927 τῶν
1932 889 2140 928 “Υακινθίων
2153 889 2274 928 θυσίαν
2293 891 2325 928 οἳ
2366 911 2372 934 ,2

1277 949 1440 993 Λάκωνες
1459 949 1516 987 ἐπὶ
1533 949 1623 1001 τρεῖς
1638 948 1772 1000 ἡμέρας
1789 951 2008 996 συντελοῦσι,
2032 948 2092 987 καὶ
2110 948 2166 987 διὰ
2185 949 2224 987 τὸ
2241 949 2325 987 πέν-

1278 1011 1332 1051 θος
1352 1007 1391 1046 τὸ
1404 1007 1588 1059 γενόμενον
1604 1006 1684 1059 περὶ
1702 1007 1759 1045 τὸν
1776 1006 1961 1046 εΥάκινθον
1980 1007 2057 1046 οὔτε
2077 1010 2327 1059 στεφανοῦνται
2366 1022 2372 1026 ·

1278 1067 1333 1106 ἐπὶ
1347 1072 1416 1110 τοῖς
1432 1066 1578 1110 δείπνοις
1591 1065 1669 1104 οὔτε
1685 1065 1788 1118 ἄρτον
1803 1066 2032 1119 εἰσφέρουσιν,
2051 1066 2142 1104 ἀλλὰ
2155 1066 2326 1118 πέμματα
2370 1085 2372 1088 ·

1278 1127 1338 1165 καὶ
1354 1126 1397 1164 τὰ
1426 1126 1559 1169 τούτοις
1580 1126 1751 1164 ἀκόλουθα
1770 1125 1926 1173 διδόασι,
1946 1126 2005 1164 καὶ
2033 1126 2090 1164 τὸν
2109 1127 2155 1170 εἷς
2173 1126 2231 1164 τὸν
2252 1124 2326 1165 θεὸν
2370 1139 2372 1141 ’

1279 1192 1413 1224 παιᾶνα
1431 1187 1492 1224 οὐκ
1514 1185 1667 1237 ᾄδουσιν,
1690 1184 1760 1223 οὔτ’
1786 1184 1873 1223 ἄλλο
1892 1201 1926 1223 τι
1946 1189 2098 1224 τοιοῦτον
2127 1185 2327 1237 εἰσάγουσιν

1278 1244 1388 1292 οὐδὲν,
1408 1243 1567 1296 καθάπερ
1588 1245 1623 1281 ἐν
1639 1249 1714 1287 ταῖς
1734 1242 1856 1287 ἄλλαις
1880 1243 2209 1287 θυσίαιςποιοῧσιν·
2236 1241 2328 1281 ἀλλὰ

1281 1304 1358 1354 μετ’
1379 1302 1537 1348 εὐταξίας
1555 1304 1686 1349 πολλ’ἧς
1711 1302 1956 1349 δειπνήσαντες
1972 1302 2197 1355 ἀπέρχονται.
2217 1305 2274 1355 Τῇ
2291 1301 2327 1340 δὲ
2370 1328 2372 1330 -

1281 1361 1372 1414 μέσῃ
1390 1365 1457 1400 τῶν
1475 1365 1579 1413 τριῶν
1599 1363 1738 1413 ἡμερῶν
1758 1361 1890 1412 γίνεται
1910 1361 1969 1400 θέα
1986 1361 2126 1409 ποικίλη
2143 1361 2204 1400 καὶ
2219 1361 2329 1408 πανή-

1279 1437 1374 1472 γυρις
1394 1419 1566 1471 ἀξιόλογος
1585 1420 1645 1458 καὶ
1666 1419 1816 1471 μεγάλη.
1842 1419 1974 1464 Παῖδές
1989 1436 2026 1458 τε
2044 1419 2110 1472 γὰρ
2129 1421 2329 1472 κιθαρίζου-

1281 1495 1334 1517 σιν
1365 1481 1399 1518 ἐν
1425 1481 1569 1531 χιτῶσιν
1601 1478 1834 1528 ἀνεζωσμένοι
1853 1479 1911 1516 καὶ
1940 1478 2026 1531 πρὸς
2054 1478 2158 1516 αὐλὸν
2190 1478 2330 1531 ᾄδοντες

1280 1538 1398 1582 πάσας
1425 1537 1499 1588 ἅμα
1524 1540 1573 1589 τῷ
1593 1537 1762 1590 πλήκτρῳ
1790 1537 1850 1581 τὰς
1869 1537 1998 1589 χορδὰς
2028 1536 2266 1589 ἐπιτρέχοντες
2295 1539 2329 1576 ἐν

1283 1600 1401 1651 ῥυθμῷ
1424 1597 1485 1647 μὲν
1521 1596 1748 1648 ἀναπαίστῳ,
1770 1597 1846 1646 μετ’
1866 1596 1956 1640 ὀξέος
1983 1596 2018 1634 δὲ
2041 1596 2161 1643 τόνου,
2178 1597 2236 1634 τὸν
2256 1596 2331 1634 θεὸν

1284 1655 1442 1708 ᾄδουσιν·
1465 1655 1564 1693 ἄλλοι
1584 1656 1614 1692 δ’
1637 1656 1689 1707 ἐφ’
1707 1654 1825 1692 ἵππων
1850 1654 2107 1705 κεκοσμημένοι
2131 1655 2171 1694 τὸ
2187 1655 2330 1707 θέατρον

1283 1712 1535 1765 διεξέρχονται,
1564 1713 1663 1765 χοροί
1691 1729 1728 1751 τε
1759 1714 1948 1752 νεανίσκων
1977 1715 2200 1764 παμπληθεῖς
2221 1713 2333 1766 εἰσέρ-

1282 1787 1404 1823 χονται
1425 1772 1484 1810 καὶ
1501 1775 1570 1810 τῶν
1599 1772 1796 1824 ἐπιχωρίων
1825 1772 1902 1810 τινὰ
1930 1772 2138 1822 ποιημάτων
2171 1773 2328 1826 ᾄδουσιν,

1285 1830 1458 1882 ὀρχησταί
1497 1846 1533 1868 τε
1561 1832 1595 1868 ἐν
1628 1830 1757 1875 τούτοις
1789 1831 2069 1882 ἀναμεμιγμένοι
2099 1830 2162 1878 τὴν
2195 1831 2331 1879 κίνησιν

1286 1888 1460 1941 ἀρχαϊκὴν
1479 1888 1545 1927 ὑπὸ
1565 1889 1622 1927 τὸν
1644 1889 1749 1927 αὐλὸν
1759 1889 1826 1927 καὶ
1843 1889 1906 1936 τὴν
1922 1889 2015 1942 ᾠδὴν
2036 1893 2229 1929 ποιοῦνται.
2251 1891 2333 1928 Τῶν

1287 1947 1321 1985 δὲ
1340 1947 1519 1999 παρθένων
1534 1949 1571 1985 αἱ
1589 1946 1650 1997 μὲν
1669 1947 1726 1986 ἐπὶ
1743 1947 1939 2000 κανάθρων,
1957 1950 2176 2000 καμαρωτῶν
2192 1947 2334 1992 ξυλίνων

1293 2005 1473 2058 ἁρμάτων,
1502 2005 1662 2058 φέρονται
1690 2008 1887 2050 πολυτελῶς
1914 2005 2264 2058 κατεσκευασμένων,
2295 2009 2333 2045 αἱ

1297 2065 1324 2102 δ’
1350 2065 1402 2117 ἐφ’
1426 2065 1591 2115 ἁμίλλαις
1614 2065 1626 2107 ί
1636 2064 1671 2109 ἐξ
1700 2064 1849 2115 ἁμίλλης
1866 2066 2118 2118 ἕφῬΡιὌΙΙεΓ.
2149 2067 2197 2103 ad
2224 2067 2336 2103 Pole-

1289 2176 1539 2217 convocatisque
1551 2176 1592 2208 ad
1606 2177 1737 2217 epulum
1750 2176 1860 2216 inipso
1874 2177 1995 2217 templo
2008 2177 2193 2218 propinquis
2202 2179 2234 2209 et
2247 2176 2338 2209 sami—

1286 2228 1417 2260 liaribus
1427 2250 1436 2267 ,
1447 2236 1600 2259 coronam
1617 2228 1733 2268 cuique
1747 2236 1788 2260 ex
1801 2229 1907 2268 myrto
1917 2227 2023 2267 dedit,
2037 2237 2173 2269 eamque
2185 2237 2337 2261 coronam

1287 2281 1537 2312 Naucratitam
1562 2281 1642 2312 tunc
1660 2280 1846 2321 appellavit.
1865 2292 1882 2308 ι»
1899 2281 1978 2312 Haec
2000 2280 2097 2321 igitur
2115 2281 2214 2313 tradit
2239 2282 2336 2323 Poly·

1286 2332 1448 2363 charmus.

1678 2402 1947 2444 LACONICA.

1330 2500 1515 2540 Polycrates
1529 2503 1562 2531 in
1578 2499 1744 2532 Laconicis
1767 2501 1897 2540 narrat,
1927 2500 2195 2541 Hyacinthiorum
2209 2509 2340 2534 sacrum

1289 2551 1547 2584 Lacedaemonios
1566 2560 1622 2592 per
1639 2553 1706 2584 tres
1721 2553 1889 2584 continuos
1905 2552 1972 2584 dies
1986 2552 2165 2591 celebrare3
2182 2554 2214 2585 et
2229 2553 2272 2585 ob
2286 2553 2338 2585 ln-

1288 2597 1377 2635 ctum
1394 2612 1460 2644 quo
1477 2603 1707 2642 interemptum
1720 2604 1936 2644 Hyacinthum
1956 2604 2095 2644 deflent,
2116 2613 2176 2637 nec
2190 2605 2338 2638 coronari

1289 2656 1321 2686 in
1336 2656 1435 2687 coenis
1450 2664 1510 2687 nec
1525 2664 1639 2696 panem
1650 2664 1821 2696 apponere,
1836 2655 1891 2687 sed
1912 2655 1989 2696 (nec
1999 2656 2030 2697 ἲ)
2047 2656 2209 2696 placentas
2220 2658 2254 2689 et
2265 2665 2339 2697 quae

1289 2709 1364 2738 sunt
1380 2707 1448 2747 eJus
1472 2707 1596 2747 generis
1621 2707 1715 2747 dare,
1744 2716 1848 2748 neque
1873 2716 2019 2748 paeanem
2043 2708 2076 2739 in
2101 2708 2197 2740 deum
2225 2716 2340 2740 canere

1289 2759 1411 2798 solent,
1430 2767 1535 2797 neque
1553 2759 1656 2791 simile
1671 2759 1848 2799 quidquam
1863 2759 2090 2799 introducunt,
2107 2761 2201 2792 sicuti
2220 2760 2252 2792 in
2271 2760 2341 2793 aliis
2357 2764 2367 2771 “

1290 2811 1392 2842 solent
1401 2811 1580 2850 sacrificiis,
1597 2811 1654 2843 sed
1669 2820 1784 2852 magna
1799 2820 1875 2843 cum
1893 2812 2049 2844 modestia
2063 2814 2224 2844 coenantes
2236 2812 2339 2845 disce-

1290 2862 1381 2893 dunt.
1410 2862 1513 2894 Medio
1529 2864 1637 2894 autem
1654 2863 1752 2894 trium
1767 2863 1892 2895 dierum
1905 2864 2029 2895 varium
2057 2864 2274 2904 spectaculum
2289 2873 2338 2896 ce·

1291 2914 1447 2953 lebratur,
1480 2915 1518 2945 et'
1530 2914 1714 2946 solemnitas
1727 2916 1775 2946 est
1791 2914 1912 2954 egregia
1927 2915 2024 2955 atque
2045 2923 2171 2955 magna.
2189 2917 2283 2947 Pueri
2295 2916 2340 2948 si-

1290 2965 1420 3006 quidem
1431 2965 1586 2997 citharam
1600 2964 1762 3005 in‘sagulis
1777 2965 1931 2997 succincti
1945 2966 2092 3006 pulsant,
2109 2966 2149 2998 ad
2165 2966 2340 3009 tibiamque

1291 3018 1442 3048 canentes
1469 3018 1502 3048 et
1530 3017 1651 3056 plectro
1670 3025 1782 3048 omnes
1802 3016 1897 3048 simul
1932 3017 2067 3049 chordas
2097 3019 2318 3058 percurrentes
2328 3044 2339 3060 ,

1294 3070 1448 3110 rhythmo
1461 3071 1622 3110 anapaesto
1635 3070 1795 3110 acutoque
1809 3070 1895 3102 vocis
1913 3078 1993 3102 sono
2006 3070 2103 3102 deum
2123 3074 2244 3104 canunt
2260 3085 2268 3105 :
2285 3073 2340 3106 alii

1291 3130 1368 3153 vero
1385 3121 1475 3162 equis
1490 3121 1662 3153 insidentes
1671 3121 1774 3153 ornati
1792 3130 1849 3161 per
1872 3122 2035 3154 theatrum
2059 3124 2313 3157 transvehuntur
2331 3136 2339 3156 =

1292 3177 1324 3207 et
1339 3175 1522 3215 frequentes
1534 3174 1691 3214 juvenum
1710 3174 1932 3215 ingrediuntur
1947 3176 2055 3215 chori,
2076 3177 2178 3217 patria
2190 3178 2340 3218 quaedam

1293 3227 1434 3259 carmina
1456 3228 1624 3267 canentes;
1638 3227 1671 3258 et
1699 3227 1864 3258 saltatores
1877 3227 1924 3259 his
1937 3227 2076 3260 immixti
2095 3229 2217 3268 priscos
2236 3231 2342 3263 motus

1293 3278 1333 3310 ad
1349 3278 1461 3310 tibiam
1477 3279 1510 3310 et
1526 3277 1567 3311 ad
1580 3277 1762 3310 canentium
1785 3287 1898 3311 vocem
1923 3282 2088 3320 peragunt.
2103 3280 2273 3321 virginum
2286 3289 2343 3314 au-

1292 3332 1359 3364 tem
1381 3331 1452 3364 aliae
1471 3331 1650 3371 canathris,
1672 3331 1832 3364 fornicatis
1854 3331 1964 3372 ligneis
1981 3333 2152 3373 carpentis,
2179 3334 2342 3367 vehuntur

1294 3383 1461 3425 magnifice
1474 3383 1654 3423 instructis3
1675 3383 1745 3415 aliae
1757 3408 1766 3424 ,
1784 3384 1884 3416 veluti
1897 3385 2071 3417 certamina
2085 3386 2237 3419 circensia
2249 3393 2342 3428 agen-
