2372 3704
1023 229 1355 269 FRAGMENTA.

354 272 367 286 ἱ

124 314 409 359 Οὐαλεντινιανὸς
428 316 446 353 6
469 314 542 358 νέος
563 314 722 366 βασιλεὺς
743 315 949 366 ἀγγέλλεται
968 315 1003 360 ἐξ
1023 315 1165 354 ἐπιδου-

122 376 185 422 λῆς
200 375 337 414 τοιᾶσδε
353 373 568 421 τεθνηκέναι.
587 373 634 411 ‘0
649 373 772 412 τούτου
787 373 904 425 πατὴρ
922 375 1168 413 Οὗαλεντινια-

122 433 179 478 νὸς
196 431 328 484 γυναιξὶ
349 431 502 470 πλείοσιν
519 430 695 484 ἐχρήσατο
711 430 809 484 παρὰ
833 430 911 475 τοὺς
939 430 1167 482 διατεταγμέ-

122 507 199 535 νους
214 490 404 541 (Ρωμαίων
419 490 556 541 νόμους.
579 489 626 528 ‘H
649 489 762 527 τοίνυν
784 489 904 528 τούτου
924 490 1065 542 δευτέρα
1082 489 1167 541 γυνὴ

124 549 278 602 θυγάτηρ
299 548 360 599 μὲν
378 548 515 599 ἐλέγετο
533 551 737 600 γεγενῆσθαι
755 548 908 587 Ἰούστου
922 578 932 598 ,
947 547 1168 599 Μαγνεντίου

123 607 160 646 83
175 607 261 659 γυνὴ
278 611 336 646 τοῦ
353 607 628 660 τυραννήσαντος
642 606 733 645 κατὰ
751 607 996 646 Κωνσταντίου
1012 607 1167 659 χρόνους,

122 665 178 718 [ἣ]
192 665 248 704 διὰ
260 665 405 712 νεότητα
417 667 455 704 οὖ
469 669 625 717 τυχοῦσα
638 664 767 703 τέκνων
781 664 816 710 ἐξ
829 664 959 704 ἐκείνου
970 664 1167 716 χηρεύουσα

126 725 186 763 καὶ
211 725 487 778 ἔγκρατευομένη
507 724 660 763 διετέλει·
678 719 719 772 ἧς
737 723 795 762 διὰ
811 723 959 768 κάλλους
973 722 1168 776 ὑπερὸολὴν

124 783 279 835 ἐρασθεὶς
294 785 312 821 6
333 782 513 835 βασιλεὺς,
530 782 650 833 ἄγεται
668 782 797 830 ταύτην
814 780 905 820 κατὰ
923 782 1080 834 δεύτερον
1098 781 1168 831 γά-

124 856 200 890 μον·
220 839 256 886 ἐξ
275 835 315 888 ἧς
330 839 624 884 Οὖαλεκτινιανὸς
639 842 658 878 6
675 840 769 892 wiocs,
788 842 806 878 6
825 839 1005 891 Θεοδοσίῳ
1025 839 1167 890 συμὸα-

123 898 305 950 σιλεύσας,
331 898 474 950 ἐτέχθη,
494 897 554 936 καὶ
574 898 696 938 Γάλλοι
712 902 734 945 ἡ
760 897 940 951 Θεοδοσίῳ
958 901 1167 951 συναφθεῖσα

123 955 215 1007 μετὰ
232 956 294 1004 τὴν
317 956 527 1004 Φλακίλλης
550 956 735 1008 τελευτὴν,
751 959 830 1001 καθ’
847 955 884 996 ὃν
910 956 1031 1010 καιρὸν
1048 955 1104 994 τόν
1130 972 1166 994 τε

123 1014 288 1065 Μάξιμον
302 1014 399 1053 ἐνίκα
426 1015 487 1053 καὶ
513 1014 570 1054 τὸν
595 1014 885 1054 Οὖαλεντινιανὸν
912 1013 1050 1060 ἔσωζεν·
1076 1013 1167 1052 ωστε

121 1076 277 1127 ὑπ’ῆρχεν
303 1075 397 1112 αὑτῶ
417 1073 502 1126 πρὸς
520 1073 565 1111 τὰ
579 1072 677 1111 κοινὰ
706 1089 768 1120 της
786 1073 966 1125 βασιλείας
981 1072 1041 1111 και
1062 1075 1084 1119 ἡ
1107 1075 1168 1119 τῆς

122 1133 264 1179 κηδείας
284 1131 467 1185 συνάφεια.
498 1130 588 1172 Τότε
606 1130 647 1178 δὴ
677 1147 735 1169 ουν
751 1147 812 1179 της
833 1135 893 1170 τοῦ
913 1133 1167 1171 Οὗαλεντινια--

121 1195 179 1229 νοῦ
224 1190 432 1243 ἀναιρέσεως
471 1189 732 1241 διαγγελθείσης
746 1219 756 1237 ,
799 1190 963 1241 μέγιστον
1019 1196 1164 1243 κατεῖχε

120 1249 241 1293 πένθος
263 1249 364 1288 αὐτόν
383 1265 422 1287 τε
452 1247 510 1286 τὸν
540 1247 687 1299 βασιλέα
715 1251 775 1294 τῆς
805 1247 852 1286 ἕω
876 1248 936 1287 καὶ
961 1247 1025 1296 τὴν
1059 1250 1165 1286 ἀδελ-

121 1306 188 1359 φὴν
207 1311 267 1345 τοῦ
286 1305 586 1356 τετελευτηκότος,
607 1306 771 1359 βασιλίδα
787 1308 817 1345 Γ
819 1306 942 1345 ἄλλαν·
972 1307 1109 1358 μεγάλη
1130 1323 1166 1345 τε

121 1367 311 1415 ἐμελετᾶτο
329 1369 390 1404 τοῦ
420 1365 576 1416 πολέμου
609 1364 742 1412 σπουδὴ
775 1365 867 1404 κατὰ
899 1368 960 1404 τοῦ
988 1365 1045 1404 τὸν
1067 1366 1167 1418 φόνον

122 1424 377 1477 ἐργασαμένου.
404 1423 642 1477 Ἀρὸογοίστης
670 1423 707 1462 δὲ
732 1418 798 1472 ἦν,
831 1425 871 1463 ἐκ
900 1427 960 1463 τοῦ
988 1425 1168 1477 Φράγκων

120 1482 254 1535 γένους,
271 1482 478 1530 Βαύδωνος,
505 1486 564 1521 τοῦ
582 1482 667 1535 πρὸς
686 1485 716 1523 Γ
719 1487 882 1536 ρατιανοῦ
908 1487 970 1522 τοῦ
1002 1484 1166 1536 βασιλεύ-

120 1555 243 1595 σαντος
261 1541 324 1589 τὴν
342 1541 868 1595 στρατοπεδαρχοεὴνυέουσίαν
897 1543 1143 1594 ἓπιτραπέντος
1155 1574 1164 1590 ,

121 1598 208 1649 υἱὸς,
230 1601 432 1653 φλογοειδής
461 1617 498 1639 τε
522 1601 581 1639 καὶ
610 1601 787 1654 βάρὸαρος
814 1600 876 1648 τὴν
896 1601 1025 1655 ψυχήν·
1053 1601 1089 1647 ὃς
1109 1619 1165 1642 τον

121 1659 413 1698 Οὔαλεντινιανὸν
428 1659 653 1712 βιασαμενος,
664 1663 711 1705 εἷς
723 1660 786 1708 τὴν
798 1664 856 1700 τοῦ
867 1661 997 1715 πατρὸς
1009 1664 1128 1715 παρη)
1130 1667 1166 1701 θε

119 1718 392 1771 στρατηλασίαν·
411 1720 450 1757 οὗ
471 1718 538 1772 γὰρ
557 1722 599 1765 ἠν
622 1718 811 1770 ἀντιλέγειν
828 1721 944 1773 αὐτῶ,
965 1719 1022 1758 διὰ
1043 1719 1105 1767 τὴν
1131 1723 1164 1758 ἐν

121 1779 192 1820 τοῖς
209 1775 374 1827 πολέμοις
393 1775 527 1829 ῥώμην·
547 1780 642 1820 οὗτος
659 1776 726 1828 γὰρ
745 1777 894 1822 πολλους
917 1779 984 1816 τῶν
1003 1779 1037 1816 ἐν
1059 1778 1163 1823 ἀξιώ-

119 1850 206 1885 ματι
221 1833 318 1887 παρὰ
350 1833 414 1881 τὴν
432 1837 492 1872 τοῦ
516 1833 687 1886 βασιλέως
709 1834 835 1887 βουλὴν
853 1836 1089 1889 διεχειρίζετο,
1105 1835 1164 1875 καὶ

118 1892 258 1936 τούτους
286 1894 324 1931 οὗ
362 1892 465 1943 μόνον
495 1893 698 1944 ἀγνοοῦντος
726 1897 785 1932 τοῦ
817 1898 1023 1946 κρατοῦντος
1037 1925 1047 1944 ,
1074 1894 1164 1932 ἀλλὰ

118 1952 179 1989 καὶ
198 1950 402 1995 κωλύοντος·
418 1953 452 1989 ἐν
465 1944 513 1995 οἷς
528 1967 587 1990 και
603 1951 661 1990 τὸν
677 1951 876 2005 Ἀρμόνιον,
892 1952 927 1996 ὃς
943 1952 1085 2005 Ταύρου
1101 1953 1163 2002 μὲν

118 2025 161 2056 ην
182 2010 284 2056 παῖς,
306 2013 367 2048 τοῦ
385 2009 486 2056 τὴν“’
469 2025 599 2049 υπατον
615 2011 805 2058 διέποντος,
823 2011 940 2058 ἐπειδὴ
957 2011 993 2049 δὲ
1011 2012 1067 2049 τὸν
1086 2011 1163 2064 Ἀρ-

118 2068 295 2118 ὅογοίστην
313 2067 503 2116 ἐλύπησεν,
522 2071 541 2106 6
559 2069 622 2119 μὲν
638 2070 694 2108 ἐπὶ
710 2069 748 2107 τὸ
763 2069 853 2121 ξίφος
872 2070 934 2116 τὴν
947 2086 987 2122 χε
993 2086 1049 2121 ιρα
1069 2069 1163 2122 ἔτρε-

116 2128 192 2180 ψεν,
205 2131 223 2166 6
242 2126 278 2165 83
295 2126 471 2178 Ἀρμόνιος
490 2130 538 2180 τῷ
558 2130 694 2178 βασιλεῖ
712 2128 751 2166 τὸ
765 2131 868 2179 σῶμα
883 2128 1079 2180 παραδοὺς,
1101 2128 1162 2166 σὺν

116 2189 160 2239 τῇ
175 2186 354 2239 ἁλουργίδι
367 2186 610 2235 κατετέμνετο·
627 2189 666 2225 ἐκ
681 2187 802 2226 τούτου
820 2203 858 2225 τε
875 2187 988 2234 πολλὴ
1007 2187 1092 2239 πρὸς
1105 2187 1162 2225 τὸν

117 2244 429 2297 στρατοπεδάρχην
448 2244 508 2283 καὶ
530 2244 587 2283 τὸν
610 2245 758 2297 βασιλέα
787 2246 924 2295 γέγονεν
952 2248 972 2292 ἠ
1002 2246 1159 2285 ὑπόνοια.

120 2303 191 2343 Καὶ
210 2306 228 2342 6
248 2303 311 2354 μὲν
328 2303 617 2347 Οὐαλεντινιανὸς
635 2304 698 2350 τὴν
718 2304 905 2343 Θεοδοσίου
927 2305 1037 2356 λάθρα
1059 2320 1160 2354 μετε-

117 2361 277 2412 πέμπετο
297 2361 530 2413 συμμαχίαν,
556 2364 601 2404 ὡς
618 2361 667 2412 μὴ
687 2362 870 2412 δυνάμενος
892 2362 1003 2414 φέρειν
1023 2362 1086 2408 τὴν
1099 2366 1160 2401 τοῦ

116 2419 283 2472 τυράννου
301 2419 513 2472 θρασύτητα·
531 2420 622 2466 πλὴν
641 2420 687 2463 ὥς
710 2436 743 2457 τι
769 2420 873 2472 σοφὸν
892 2421 984 2458 κατὰ
1012 2424 1071 2458 τοῦ
1095 2437 1157 2459 τυ-

118 2478 240 2529 ράννου
249 2478 414 2530 πράττειν
425 2477 614 2528 ἡγούμενος
625 2507 635 2524 ,
649 2484 889 2529 γραμματεῖον
903 2479 998 2530 αὐτῷ
1015 2481 1074 2524 τῆς
1092 2479 1160 2516 δια·

117 2537 222 2588 δοχῆς
235 2536 293 2575 ἐπὶ
306 2540 367 2574 τοῦ
385 2536 561 2588 συνεδρίου
575 2537 705 2574 δίδωσι·
726 2536 811 2590 ὅπερ
832 2537 1014 2587 δεξάμενος
1035 2541 1053 2576 ὃ
1074 2538 1158 2590 βάρ·

117 2594 222 2647 ὅαρος
240 2594 300 2632 καὶ
322 2593 507 2645 ἀναγνοὺς,
526 2598 747 2647 παραχρῆμα
770 2601 840 2640 τοῖς
860 2595 950 2640 ὄνυξι
971 2596 1159 2649 διεσπάρα-

116 2651 169 2696 ξεν
181 2681 191 2698 ,
207 2651 388 2690 λεοντώδει
402 2652 438 2690 δὲ
449 2656 492 2704 τῇ
509 2657 605 2706 φωνῇ
620 2653 712 2691 κατὰ
728 2658 787 2691 τοῦ
801 2654 969 2703 βασιλέως
981 2655 1158 2707 ὀργισθεὶς,

116 2709 222 2762 ἀπῄει
237 2710 429 2763 πρόκωπον
450 2709 542 2763 ἔχων
561 2712 600 2749 τὸ
621 2711 724 2765 ξίφος.
750 2713 922 2762 Πολέμιος
938 2712 1048 2751 τοίνυν
1069 2715 1157 2751 ἀπε-

115 2768 234 2820 δείχθη
251 2768 395 2822 φανερὸς
414 2772 456 2821 τῇ
475 2769 660 2819 Ῥωμαίων
682 2772 788 2822 ἀρχῇ·
809 2770 868 2808 καὶ
882 2773 900 2808 6
917 2770 979 2820 μὲν
998 2772 1154 2809 Οὐαλεν-

2185 244 2260 276 009

1227 317 1373 360 τινιανὸς
1386 317 1544 356 ἐδούλετο
1561 322 1780 371 παραχρῆμα
1797 321 1880 371 πρὸς
1896 322 1950 359 τὸν
1971 323 2154 362 Θεοδόσιον
2169 323 2264 369 ἐξιπ-

1229 374 1435 415 πεύσασθαι.
1450 375 1496 414 εΟ
1523 376 1558 414 δὲ
1590 377 1780 429 βάρὸαρος,
1800 378 1861 423 τὴν
1890 380 1966 416 κατ’
1999 382 2102 419 αὐτοῦ
2131 382 2263 429 κίνησιν

1231 432 1423 480 ἐπιτείνας,
1441 433 1526 485 πρός
1545 449 1578 470 τι
1594 434 1823 484 πολισμάτιον
1846 436 2032 484 Ἰταλικον,
2056 438 2100 477 Βέ
2087 455 2184 492 ερναν
2207 442 2263 478 λε-

1230 489 1395 540 γόμενον,
1417 489 1626 542 διατρίὸοντι
1640 491 1698 530 καὶ
1719 494 1948 547 ῥᾳθυμότερον
1961 509 2039 547 περι
2057 497 2117 542 τὴν
2131 501 2190 536 τοῦ
2209 513 2266 535 πο-

1229 550 1263 586 λι
1265 563 1362 600 χνιου
1376 548 1525 601 φρουρὰν
1541 549 1620 593 διαγ
1623 549 1771 602 ενομένῳ
1785 551 1990 603 προσπεσὼν
2000 569 2059 591 και
2071 555 2265 606 ἀφύλακτον

1231 610 1350 645 τοῦτον
1363 606 1488 658 εὑρὼν,
1504 606 1590 659 ξίφει
1607 608 1828 659 διεχρήσατο.
1842 609 1945 647 Οὕτω
1963 611 2024 660 μὲν
2038 606 2094 649 οῦν
2111 615 2265 651 Οὐαλεν-

1231 664 1378 708 τινιανὸς
1398 668 1415 702 6
1435 665 1505 708 νέος
1529 665 1657 715 βιώσας
1678 668 1737 713 ἔτη
1766 667 1817 714 κ’,
1844 668 2050 719 βασιλεύσας
2074 670 2108 707 δὲ
2129 670 2188 718 ἔτη
2216 673 2268 719 η’,

1230 723 1462 776 καταστρέφει
1481 724 1537 762 τὸν
1560 724 1646 776 βίον.

1288 781 1332 821 Ὁ
1355 781 1392 820 δὲ
1413 781 1666 834 Ἇρὸογάστης,
1692 783 1855 833 Εὐγένιον
1881 786 1973 837 αὐτῷ
1993 786 2050 823 ἐπὶ
2076 787 2268 839 σοφιστικὸν

1231 840 1470 891 ἐγκαθήμενον
1491 841 1620 894 θρόνον,
1640 841 1700 879 καὶ
1721 841 1786 880 ὑπὸ
1817 842 1971 894 γλώττης
2002 845 2246 894 εὐδοκιμοῦντα
2259 875 2269 891 ,

1234 901 1251 936 6
1268 902 1355 943 θεῖος
1371 898 1542 946 ἐπέστησε
1564 899 1794 952 Ῥιχομήριος
1806 932 1816 947 ,
1835 901 1937 948 ἡνίκα
1958 901 2053 954 παρὰ
2068 902 2124 941 τὸν
2142 904 2269 942 Θεοδό-

1232 973 1304 996 σιον
1325 957 1414 1008 μετὰ
1429 957 1492 1004 τὴν
1520 958 1687 1008 Μαξίμου
1713 959 1810 1006 νίκην
1831 961 1865 998 ἐν
1882 966 1950 1004 τοῖς
1969 959 2065 1014 ἑῴοις
2085 961 2270 1012 βασιλείοις

1231 1017 1395 1067 ἀπήγετο.
1413 1017 1484 1055 Καὶ
1506 1019 1523 1055 ὁ
1541 1017 1603 1067 μὲν
1623 1017 1849 1070 Ῥιχομήριος
1867 1019 1906 1057 τὸ
1931 1021 2033 1069 σῶμα
2047 1019 2170 1069 καμὼν
2194 1021 2269 1058 ἐτε-

1230 1074 1334 1113 λεύτα
1352 1074 1444 1113 κατὰ
1465 1074 1527 1122 τὴν
1551 1076 1825 1115 Κωνσταντίνου·
1842 1077 1898 1115 τὸν
1920 1077 1955 1115 δὲ
1979 1077 2138 1128 Εὖγένιον
2152 1080 2170 1116 6
2185 1077 2271 1130 βάρ·

1231 1132 1335 1184 δαρος
1359 1133 1505 1184 βασιλέα
1527 1135 1596 1172 τῶν
1612 1136 1694 1172 ἑσπε
1681 1134 1779 1187 ερίων
1798 1134 2037 1182 ἀποδείξας,”
2016 1135 2134 1174 ακοντί
2148 1151 2187 1206 γε
2213 1152 2271 1174 πε·

1232 1190 1378 1241 ριτίθησι
1398 1191 1438 1230 τὸ
1455 1194 1592 1245 σχῆμα.
1614 1191 1741 1236 “oenc
1761 1192 1882 1236 ευθέως
1903 1193 2091 1244 πρεσοείαν
2108 1193 2201 1255 πρὸς
2213 1194 2269 1232 τὸν

1230 1250 1416 1290 Θεοδόσιον
1434 1249 1584 1297 ἔστειλε,
1599 1250 1808 1304 πειρώμενος
1821 1253 1850 1290 εἷ
1862 1251 2054 1304 ὁμολογοίη
2062 1253 2156 1306 φίλος
2169 1256 2269 1300 εἶναι,

1229 1323 1290 1345 και
1320 1307 1457 1360 δέχοιτο
1477 1308 1580 1347 αὐτὸν
1604 1309 1846 1362 βασιλεύοντα.
1873 1310 1946 1354 Οὓς
1977 1310 2019 1357 δὴ
2039 1313 2056 1348 ὁ
2085 1310 2269 1355 Θεοδόσιος

1230 1365 1398 1410 ποικίλοις
1435 1367 1728 1420 διακρουσάμενος
1757 1368 1892 1421 λόγοις,
1926 1369 1986 1407 καὶ
2020 1369 2269 1422 φιλανθρώποις

1231 1424 1435 1476 ἀποκρίσεσι
1452 1426 1640 1476 δελεάσας,
1662 1427 1907 1480 ἀπεπέμψατο.
1930 1427 2041 1471 Αὐτὸς
2058 1427 2093 1466 δὲ
2108 1427 2268 1479 Ῥωμαῖ-

1229 1483 1288 1521 κὸν
1304 1483 1367 1533 μὲν
1396 1484 1571 1535 Τιμάσιον
1585 1516 1595 1536 ,
1618 1486 1788 1524 Σκυθικὸν
1808 1485 1843 1524 83
1862 1486 1919 1524 τὸν
1940 1486 2090 1533 Γαῖνὰν,
2110 1487 2143 1532 ἐξ
2168 1487 2269 1526 Ἀλα-

1228 1545 1295 1581 νῶν
1316 1542 1351 1581 83
1370 1542 1429 1581 τὸν
1447 1543 1586 1595 Σαοὺλ,
1611 1544 1782 1596 ἄρχοντας
1805 1547 1873 1584 τῶν
1893 1547 2133 1597 στρατοπέδων
2153 1562 2269 1598 παρα-

1228 1601 1366 1652 λαὸὼν,
1393 1601 1468 1653 ἅμα
1483 1600 1518 1642 83
1537 1602 1599 1642 καὶ
1616 1603 1814 1656 Στιλίχωνα
1830 1604 1899 1647 τοῖς
1919 1603 2172 1656 στρατεύμασιν
2194 1606 2270 1642 ἐπι-

1230 1661 1362 1709 στήσας
1387 1661 1452 1714 (ὃς
1477 1657 1519 1709 ἦν
1547 1662 1608 1712 μὲν
1637 1662 1697 1701 καὶ
1717 1663 1818 1707 αὐτὸς
1837 1663 1999 1702 ἀνέκαθεν
2019 1666 2077 1702 τοῦ
2099 1664 2268 1703 Σκυθικοῦ

1227 1719 1368 1772 γένους,
1403 1724 1461 1768 τῆς
1490 1720 1526 1759 83
1556 1724 1615 1759 τοῦ
1638 1722 1806 1774 βασιλέως
1834 1723 1983 1775 ἀδελφῆς
2001 1721 2155 1775 Σερήνης
2175 1723 2269 1775 αὐτῷ

1227 1779 1485 1832 προσμανείσης
1500 1810 1509 1827 ,
1535 1780 1706 1832 βασιλέως
1734 1780 1830 1819 οὐδὲν
1850 1780 2098 1833 ἀπελείπετο),
2122 1780 2269 1823 πολλούς

1225 1853 1262 1875 τε
1282 1841 1350 1876 τῶν
1379 1836 1531 1889 Θρακῶν
1554 1837 1696 1876 Οὔννων
1711 1870 1720 1884 ,
1748 1837 1809 1876 σὺν
1829 1841 1899 1882 τοῖς
1928 1838 2181 1890 παρεπομένοις
2202 1854 2266 1891 φυ·

1227 1895 1367 1948 λάρχοις
1398 1896 1653 1943 διαναστήσας,
1682 1898 1794 1948 εἴχετο
1817 1900 1877 1944 τ’ἧς
1906 1897 1989 1949 πρὸς
2017 1896 2079 1943 τὴν
2110 1897 2265 1935 Ἰταλίαν

1225 1954 1388 2006 πορείας,
1407 1956 1452 1997 ὡς
1472 1953 1512 1991 ἂν
1538 1954 1595 1992 τὸν
1619 1955 1799 2005 Εὐγένιον,
1826 1955 1934 2003 μηδέν
1952 1970 1984 1992 τι
2001 1956 2265 2006 προσδοκῶντα,

1225 2013 1469 2064 ἀπαράσκευον
1494 2012 1702 2052 καταλάὸοι.
1728 2011 1876 2056 Ἐξιόντι
1903 2012 1937 2050 83
1959 2014 2052 2064 αὐτῷ
2073 2015 2133 2059 τῆς
2161 2014 2266 2059 αὐλῆς

1225 2073 1246 2116 ἡ
1271 2071 1458 2121 βασίλισσα
1477 2071 1634 2123 τελευτᾷ.

1279 2128 1452 2175 Ὁπηνίκα
1473 2129 1508 2166 83
1529 2129 1597 2171 τοῖς
1616 2131 1677 2174 τῆς
1705 2128 1854 2172 Ἰταλίας
1871 2131 2062 2179 προσῆλθεν
2085 2128 2175 2180 ὅροις
2187 2157 2196 2175 ,
2214 2132 2264 2181 τῷ

1223 2186 1416 2239 παραλόγῳ
1442 2189 1504 2233 τ’ἧς
1534 2186 1694 2234 ὀξύτητος
1721 2186 1850 2239 καὶτῷ
1878 2189 1977 2239 τάχει
1997 2190 2057 2233 τῆς
2087 2189 2263 2240 ἀφράστου

1224 2246 1411 2298 διαδρομῆς
1430 2248 1447 2283 6
1468 2246 1629 2296 Εὐγένιος
1654 2244 1820 2295 ἔπτηξεν,
1843 2244 1930 2296 ἀνὴρ
1951 2244 2089 2297 ἄπειρος
2108 2245 2263 2295 πολέμου

1223 2304 1282 2342 καὶ
1304 2305 1507 2355 σάλπιγγος.
1532 2303 1573 2342 Ὁ
1602 2303 1638 2341 83
1668 2303 1902 2355 Ἀρὸογάστης
1930 2303 2125 2354 ἀντεμάνη,
2145 2305 2264 2342 ἐπιθυ-

1224 2365 1297 2412 μῶν
1325 2362 1479 2412 πολέμου
1514 2361 1573 2399 καὶ
1605 2362 1724 2413 μάχης
1748 2362 1807 2400 καὶ
1838 2362 1970 2415 φόνων,
1998 2363 2058 2399 καὶ
2088 2361 2175 2399 πολὺ
2203 2365 2264 2408 τῆς

1221 2421 1353 2472 ἡμέρας
1374 2419 1675 2472 διαγωνισάμενος·
1696 2423 1773 2458 καθ’
1788 2420 1830 2467 ἣν
1846 2423 1864 2457 6
1879 2419 1971 2467 ἥλιος
1985 2419 2116 2472 ἀφανὴς
2130 2419 2263 2471 ἐγένετο

1221 2485 1290 2523 τοῖς
1307 2478 1498 2531 ἀνθρώποις
1514 2478 1592 2531 περὶ
1613 2478 1723 2528 μέσην
1739 2481 1800 2525 τῆς
1813 2478 1947 2530 ἡμέρας
1964 2477 2078 2529 ὥραν,
2098 2476 2186 2515 ὥστε
2204 2479 2263 2516 καὶ

1222 2537 1370 2589 ἀστέρας
1386 2540 1558 2588 φανῆναι,
1580 2550 1640 2574 και
1659 2539 1954 2588 νυκτομαχοῦντες
1971 2535 2119 2578 ἅπαντες
2143 2535 2262 2582 ἀνηλί-

1222 2611 1345 2634 σκοντο
1379 2594 1688 2645 συνδαπανώμενοι
1716 2594 1855 2647 ξίφεσιν.
1883 2593 1984 2646 Ἄχρι
2016 2593 2077 2643 μὲν
2097 2597 2154 2631 οὐν
2184 2594 2263 2644 περὶ

1221 2653 1341 2705 τρίτην
1363 2652 1521 2706 φυλακὴν
1543 2657 1605 2700 τῆς
1624 2653 1744 2696 νυκτὸς
1763 2654 1797 2690 ἐν
1818 2652 1948 2695 τούτοις
1965 2651 2009 2689 τὰ
2026 2653 2094 2689 τῶν
2115 2666 2262 2704 στρατο-

1220 2712 1333 2750 πέδων
1349 2715 1517 2764 ὑπῆρχεν.
1531 2710 1677 2757 Ἐπειδὴ
1693 2711 1727 2749 δὲ
1742 2710 1943 2756 Θεοδόσιος,
1957 2710 2034 2748 τότε
2049 2709 2110 2760 μὲν
2126 2712 2260 2747 ὑπανα·

1219 2771 1406 2823 χωρήσας,
1427 2771 1484 2807 τὸν
1506 2770 1542 2808 83
1562 2769 1652 2809 Θεὸν
1672 2769 1851 2812 ἱκετεύσας
1867 2799 1876 2815 ,
1899 2768 2102 2807 καθεύδουσι
2121 2771 2163 2819 τῇ
2185 2767 2260 2814 ἑξῆς

115 2878 194 2910 isias
210 2879 328 2918 quibus
345 2879 543 2912 Theodosius
560 2880 727 2912 victoriam
744 2889 763 2911 a
782 2881 841 2912 deo
859 2881 1028 2913 redemisse
1045 2881 1172 2913 dicitur.
1186 2884 1325 2913 Joannes
1336 2890 1394 2912 sua
1408 2881 1548 2912 hausisse
1562 2880 1687 2911 videtur
1702 2889 1742 2911 ex
1756 2880 1887 2911 auctore
1904 2879 2043 2919 quodam
2061 2877 2257 2918 Christiano,

114 2925 168 2965 qui
186 2925 317 2965 Eunapii
335 2925 480 2957 historias
496 2926 698 2958 adhibuerat.
714 2944 755 2949 —
771 2927 974 2964 Βαύδωνος
994 2927 1097 2968 υἱὸς]
1114 2927 1271 2963 Βάνδωνος
1291 2928 1355 2962 υἱὸς
1379 2927 1492 2957 codex.
1509 2925 1601 2966 Apud
1618 2926 1778 2957 Zosimum
1797 2925 1985 2965 Arbogastes
2001 2923 2234 2965 ὑποστράτηγος
2248 2948 2257 2962 ,

114 2972 198 3012 apud
220 2972 399 3013 Eunapium
420 2973 481 3013 (fr.
503 2973 563 3013 53)
586 2974 866 3014 δευτεραγωνιστής
889 2974 1049 3011 Βαύδωνος
1071 2974 1202 3005 dicitur.
1221 2973 1270 3004 cf.
1289 2973 1470 3005 'tillemont.
1495 2974 1540 3010 V,
1556 2980 1589 3012 p.
1614 2975 1686 3003 351.
1703 2991 1743 2997 —
1757 2970 2011 3011 φλογοειδὴς]
2027 2970 2146 3002 Eodem
2160 2970 2258 3001 verbo

116 3017 278 3058 Eunapius
292 3018 314 3049 1.
333 3018 355 3050 l.
369 3018 409 3050 de
422 3018 595 3059 Arbogaste
610 3019 745 3060 loquens
759 3020 872 3052 utitur.
889 3039 928 3045 -
943 3020 1054 3055 οὗτος
1077 3020 1148 3060 γὰρ
1166 3017 1354 3058 πολλοὺς]
1370 3018 1452 3049 οὕτω
1468 3028 1500 3056 γ.
1519 3029 1552 3049 π.
1568 3017 1680 3049 codex.
1698 3018 1759 3048 Sed
1773 3017 1904 3049 sortasse
1921 3017 2091 3057 praestabat
2107 3017 2255 3047 lacunam

114 3066 226 3095 notare
241 3065 315 3095 ante
328 3073 358 3094 v.
374 3065 468 3096 οὕτω.
488 3067 565 3097 Nam
581 3066 734 3097 nonnulla
752 3066 785 3096 h.
803 3066 825 3097 1.
845 3067 1013 3106 excerptor
1028 3066 1169 3097 omisisse
1191 3065 1325 3096 videtur.
1341 3065 1485 3095 Zosimus
1509 3065 1552 3096 w
1563 3088 1571 3103 ,
1598 3068 1635 3096 53
1647 3088 1655 3103 ,
1676 3070 1685 3094 1
1716 3074 1722 3094 :
1743 3064 1794 3095 διά
1814 3075 1847 3096 τε
1870 3064 1993 3105 ἀνδρίαν
2010 3065 2062 3095 καὶ
2084 3064 2255 3103 πολεμικὴν

115 3110 287 3151 ἐπιστήμην
304 3112 356 3142 καὶ
380 3112 547 3152 χρημάτων
561 3113 731 3154 ὑπεροψίαν
746 3113 794 3144 ἐπὶ
810 3114 890 3153 μέγα
903 3114 1035 3154 προῆλθε
1049 3113 1205 3153 δυνάμεως
1218 3135 1226 3150 ,
1244 3112 1296 3142 καὶ
1311 3113 1457 3145 τοσοῦτος
1470 3109 1507 3148 ἢν
1521 3111 1602 3141 ὥστε
1615 3112 1667 3142 καὶ
1679 3111 1753 3147 πρὸς
1767 3111 1818 3142 τὸν
1832 3111 1963 3151 βασιλέα
1975 3110 2232 3151 παρρησιάζεσθαι
2245 3134 2254 3148 ,

114 3158 167 3189 καὶ
184 3157 246 3189 ὅσα
264 3159 306 3198 μὴ
331 3159 435 3195 καλῶς
461 3159 547 3200 αὐτῷ
573 3160 649 3198 μηδὲ
673 3160 892 3200 προσηκόντως
918 3159 999 3200 ἔχειν
1025 3159 1124 3190 ἐδόκει
1149 3159 1289 3190 κωλύειν.
1311 3175 1354 3180 —-
1369 3157 1584 3196 Ἰταλικὸν,
1602 3157 1768 3199 Βέρναν]
1786 3157 1858 3189 deb.
1880 3158 2042 3196 Κελτικὸν,
2062 3157 2196 3188 Βίενναν.
2215 3173 2252 3180 -

115 3205 311 3242 ἐπέστησε
324 3205 596 3246 Ῥιχομήριος]
616 3206 730 3242 ἐπέστη
746 3206 962 3246 Σεριχομήριος
976 3206 1086 3237 codex.
1105 3208 1176 3242 Quo
1191 3204 1381 3242 commisso,
1396 3203 1476 3234 alius
1494 3203 1641 3235 librarius
1660 3204 1755 3235 etiam
1776 3203 1808 3234 in
1825 3213 1912 3243 seqq.
1934 3203 2021 3234 dedit
2041 3215 2047 3234 :
2063 3203 2080 3232 ὁ
2099 3202 2152 3241 μὲν
2169 3202 2252 3241 Σερι-

115 3251 272 3291 χομήριος.
283 3252 407 3283 Zosimo
419 3252 468 3282 vir
484 3251 619 3282 dieitur
622 3253 806 3293 Ριχομήρης.
820 3269 861 3274 -
877 3254 920 3283 Σε
928 3250 1063 3293 ρήνης]
1083 3253 1120 3282 Βε
1108 3254 1211 3293 ρήνης
1227 3252 1339 3283 codex.
1360 3253 1511 3283 Ceterum
1529 3255 1645 3283 Serene
1661 3260 1724 3282 non
1738 3253 1805 3282 erat
1818 3260 1914 3282 sorw
1928 3251 2026 3288 reguis.
2045 3247 2251 3280 scribendum

115 3299 208 3329 erat.
226 3301 281 3329 τοῦ
297 3299 448 3338 βασιλέως
462 3299 590 3339 ἀδελφοῦ
610 3299 767 3339 θυγατρός.
783 3299 832 3330 Cs-
851 3300 965 3330 zosim.
985 3301 1024 3338 V
1040 3301 1077 3337 la,
1097 3303 1137 3329 1
1153 3300 1266 3340 Σερήνη
1283 3299 1314 3329 δὲ
1331 3298 1368 3336 ἢν
1384 3300 1457 3334 παῖς
1475 3298 1638 3338 Ονωρίου,
1657 3298 1689 3335 ὃς
1704 3297 1863 3337 Θεοδοσίῳ
1888 3301 1932 3337 τῷ
1948 3300 2008 3327 τῶν
2026 3294 2250 3335 βασιλευόντων

114 3347 206 3388 πατρὶ
222 3347 345 3386 γέγονεν
359 3347 497 3384 ἀδελφός.
515 3349 561 3378 Eo
571 3349 680 3379 autem
691 3347 806 3379 Zosimi
823 3347 914 3384 loco,
935 3347 988 3386 qni
1004 3350 1111 3377 nostro
1128 3346 1202 3377 huic
1218 3344 1406 3385 respondet,
1423 3344 1546 3375 codices
1563 3344 1730 3384 praebent:
1751 3344 1863 3384 Σερήνῃ
1881 3347 1917 3382 τῇ
1932 3345 1984 3373 τοῦ
2000 3340 2149 3381 βασιλέως
2163 3339 2249 3369 ἀδελ-

115 3392 277 3433 φῆςῌίθῒ).
299 3393 451 3434 ἀδελφοῦ)
473 3394 609 3434 θυγατρί.
623 3411 664 3416 —-
684 3404 900 3434 προσμανιε
895 3392 995 3433 ’σης]
1015 3396 1181 3433 corrupte3
1203 3393 1260 3432 leg.
1287 3391 1351 3423 vid.
1365 3391 1647 3431 προσγαμηθείσης.

257 3458 441 3480 FRAGMENTA
463 3457 590 3480 msTon.
613 3458 665 3480 Gn.
689 3466 721 3471 —·
742 3458 813 3480 ΥΟΕ.
837 3458 880 3479 lv.
2076 3447 2110 3470 39
