2326 3724
930 205 1261 247 FRAGMENTA.

524 311 570 350 N.

76 400 125 428 44.
157 389 190 428 N
203 403 245 426 ικ
255 387 274 426 ό
282 388 304 426 λ
314 401 385 430 αος
397 385 579 442 φιλόσοφος
588 417 599 438 ,
611 387 629 424 6
642 384 893 436 Δαμασκηνὸς,
907 388 1068 424 τοσοῦτον

27 444 193 500 ἠγαπήθη
213 445 311 500 παρὰ
343 449 404 484 τοῦ
433 445 636 497 Αὐγούστου
662 444 862 496 Καίσαρος,
885 443 975 482 ὥστε
994 443 1071 488 τοῦς

0 525 6 532 ·
27 506 86 544 ὕπ’
120 505 250 544 ἐκείνου
285 503 530 555 πεμπομένους
564 504 782 547 πλακοῦντας
827 505 877 554 τῷ
915 502 1070 554 Καίσαρι

22 563 221 607 ΔΝικολάους
238 563 341 602 αὐτὸν
357 563 491 602 καλεῖν.
518 561 592 602 Καὶ
608 561 763 613 διαμένει
779 565 880 600 τοῦτο
907 560 991 614 ἄχρι
1009 564 1072 608 τῆς

24 621 188 676 σήμερον.

77 694 126 722 4⁵.
160 679 406 731 Νουμήνιος
434 678 673 732 Πυθαγορικὸς
692 677 899 731 φιλόσοφος,
922 680 940 716 6
963 677 1070 716 Ἀπα-

25 738 128 791 μεὺς,
144 738 207 786 τὴν
223 738 412 782 Πλάτωνος
429 738 585 777 διάνοιαν
605 736 764 788 ἤλεγξεν,
779 739 825 781 ὡς
845 739 884 776 ἐκ
899 739 968 775 τῶν
984 739 1071 776 Μω·

25 801 158 838 σαϊκῶν
188 797 332 850 βιὸλίων
355 797 400 836 τὰ
421 797 500 848 περὶ
533 800 611 836 θεοῦ
643 796 703 835 καὶ
733 797 867 846 κόσμου
889 795 1073 842 ἀποσυλή-

25 872 148 896 σασαν·
167 856 218 895 διὸ
233 856 294 895 καὶ
321 857 425 910 φησί·
449 875 463 890 ιι
479 855 525 896 Τί
540 855 609 909 γάρ
627 856 701 893 ἐστι
718 854 872 894 Πλάτων
898 853 920 902 ἢ
941 857 1074 902 Μωσῆς

24 915 225 963 ἀττικίζωνξ
241 933 257 949 n

76 987 124 1015 ⁴6.
154 970 337 1027 Νέστωρ
351 972 513 1017 ἐποποιὸς
522 1003 531 1020 ,
542 975 560 1011 6
573 974 613 1011 ἐκ
623 972 767 1021 Λυκίας,
779 971 928 1026 ἔγραψεν
940 971 1074 1011 Ἰλιάδα

23 1032 347 1086 λειπογράμματον.
376 1031 482 1071 Ἔστι
498 1031 564 1085 γὰρ
585 1034 619 1070 ἐν
641 1034 689 1084 τῷ
710 1032 743 1069 α’
779 1031 828 1082 μὴ
856 1030 1074 1084 εὑρίσκεσθαι

26 1108 69 1141 α,
88 1092 149 1131 καὶ
168 1091 261 1130 κατὰ
284 1091 464 1145 ῥαψῳδίαν
492 1091 582 1130 οὕτω
602 1091 641 1129 τὸ
670 1091 821 1138 ἑκάστης
848 1089 1074 1140 ἐκλιμπάνειν

26 1156 211 1204 στοιχεῖον.
234 1150 405 1199 Ἐποίησε
433 1149 470 1189 δὲ
497 1150 559 1190 καὶ
589 1150 837 1204 Τρυφιόδωρος
866 1148 1075 1190 Ὀδύσσειαν

24 1209 151 1262 ὁμοίως
170 1211 282 1263 αὐτῷ.

526 1302 573 1342 Ξ.

76 1411 126 1438 47.
158 1398 192 1436 Ξ
204 1396 226 1435 ά
239 1400 352 1444 νθος,
368 1395 480 1440 Λυδὸς
497 1395 686 1450 ἱστορικὸς,
713 1395 748 1434 ἐν
766 1398 810 1448 τῇ
839 1395 1076 1448 δευτέρᾳ·τῶν

24 1457 209 1496 Λυδιακῶν
229 1457 388 1507 ἱστοριῶν
409 1455 513 1508 φησὶν
531 1455 581 1493 ὅτι
604 1457 740 1506 πρῶτος
763 1454 879 1505 Γύγης
906 1456 924 1492 6
951 1454 1074 1492 Λυδῶν

26 1513 188 1567 βασιλεὺς
205 1514 371 1567 γυναῖκας
393 1513 605 1566 εὖνούχισεν,
624 1513 719 1557 ὅπως
740 1514 862 1556 αὐταῖς
883 1514 1001 1565 χρῷτο
1021 1511 1075 1550 ἀεὶ

23 1573 237 1619 νεαζούσαις.

22 1650 27 1652 ·
76 1645 125 1672 48.
157 1631 449 1684 Ξενοκράτης
480 1633 498 1670 6
523 1630 727 1684 φιλόσοφος,
751 1629 955 1681 πέμψαντος
978 1630 1074 1683 αὐτῷ

25 1695 84 1730 τοῦ
100 1691 303 1734 Μακεδόνος
315 1690 541 1742 Ἀλεξάνδρου
554 1693 687 1742 χρυσοῦ
698 1689 886 1742 τριάκοντα
899 1688 1072 1737 τάλαντα,

26 1749 232 1804 ἀπέπεμψεν
246 1780 257 1801 ,
277 1749 384 1788 εἰπὼν
403 1749 552 1802 βασιλέα
578 1750 711 1787 δεῖσθαι
729 1747 940 1802 χρημάτων,
955 1749 993 1786 οὐ
1019 1763 1073 1801 φι-

28 1809 190 1863 λόσοφον.
218 1807 444 1861 Ἀντιπάτρου
465 1807 551 1846 ποτὲ
579 1809 734 1852 ἐλθόντος
762 1809 808 1852 εἷς
833 1806 996 1855 Ἀθήνας,
1013 1806 1074 1845 καὶ

25 1867 278 1919 ἀσπασαμένου
298 1871 432 1914 τοῦτον,
456 1868 494 1905 οὖ
515 1865 684 1920 πρότερον
712 1866 1073 1918 ἀντιπροσηγόρευσε,

22 1926 104 1979 πρὶν
117 1925 139 1974 ἢ
153 1926 210 1965 τὸν
223 1926 338 1978 λόγον,
353 1926 389 1964 ὃν
405 1926 520 1977 ἔλεγε,
536 1925 827 1979 διαπεράνασθαι.
845 1924 1075 1978 Ἀτυφότατος

25 1985 61 2024 δὲ
74 1984 136 2033 ὢν,
150 1985 320 2029 πολλάκις
344 1986 459 2037 ἑαυτῷ
475 1987 536 2031 τῆς
551 1984 686 2036 ἡμέρας
709 1983 858 2035 ἐμελέτα
869 2013 880 2032 ,
904 1984 964 2022 καὶ
980 1982 1074 2037 ὥραν

26 2043 124 2096 μίαν,
142 2043 262 2098 φασὶν,
281 2042 432 2094 ἀπένεμε
459 2046 586 2096 σιωπῇ.
608 2043 788 2090 Ἀθηναῖον
805 2042 834 2080 δ’
851 2041 944 2090 ὅμως
972 2042 1075 2080 αὐτὸν

23 2107 177 2143 τοιοῦτον
195 2102 277 2142 ὄντα
291 2102 509 2157 ἐπίπρασκόν
523 2118 624 2150 ποτε,
642 2102 682 2141 τὸ
699 2101 872 2153 μετοίκιον
888 2103 1074 2139 ἀτονοῦντα

24 2167 154 2202 θεῖναι·
174 2162 235 2201 καὶ
255 2162 357 2200 αὐτὸν
377 2163 517 2200 ὠνεῖται
535 2161 738 2214 Δημήτριος
757 2163 775 2199 6
793 2159 999 2212 Φαληρεὺς,
1015 2159 1075 2198 καὶ

24 2220 188 2275 ἑκάτερον
199 2222 480 2268 ἀποκατέστησε,
490 2219 702 2274 Ξενοκράτει
717 2219 780 2271 μὲν
791 2219 854 2267 τὴν
865 2218 1073 2272 ἐλευθερίαν,

24 2279 215 2328 Ἀθηναίοις
229 2278 317 2318 δὲτὸ
333 2280 524 2330 μετοίκιον.

77 2352 126 2379 49.
157 2337 409 2391 Ξενοφάνης
422 2341 440 2377 6
457 2336 678 2390 Κολοφώνιος
696 2335 792 2388 ἔλεγε
807 2335 964 2389 τέσσαρα
988 2330 1075 2374 εἶναι

24 2398 94 2436 τῶν
109 2395 215 2435 ὄντων
234 2401 410 2448 στοιχεῖα,
431 2396 582 2446 κόσμους
600 2397 629 2434 δ’
645 2395 825 2448 ἀπείρους,
846 2395 925 2445 (οὐ)
942 2395 1077 2447 παραλ-

25 2455 171 2500 λοίκτους
188 2454 243 2493 δέ·
257 2455 301 2493 τὰ
315 2454 400 2508 νέφη
419 2455 731 2502 συνίστασθαι,τῆς
747 2453 805 2507 ἀφ’
818 2453 918 2501 ἡλίου
933 2452 1076 2502 ἀτμίδος

27 2514 286 2567 ἀναφερομένης
325 2514 386 2552 καὶ
426 2514 590 2567 αἰρούσης
620 2513 710 2551 αὐτὰ
745 2515 792 2556 εἷς
824 2512 863 2551 τὸ
896 2510 1072 2565 περιέχον.

27 2573 161 2613 Οὐσίαν
195 2576 273 2611 θεοῦ
303 2574 522 2624 σφαιροειδῆ,
555 2570 662 2620 μηδὲν
686 2570 805 2622 ὅμοιον
835 2570 983 2623 ἔχουσαν
1015 2571 1073 2607 ἀν-

27 2631 154 2685 θρώπῳ
167 2647 175 2656 ·
206 2630 284 2669 ὅλον
318 2632 353 2669 δὲ
385 2633 468 2683 δρᾶν
489 2630 549 2669 καὶ
580 2630 659 2669 δ’λον
690 2630 838 2677 ἀκούειν,
870 2628 920 2680 μὴ
957 2629 1074 2680 μέντοι

27 2691 206 2729 ἀναπνεῖν.
231 2688 430 2740 Σύμπαντά
461 2705 500 2728 τε
524 2683 612 2727 εἶναι
641 2692 719 2727 νοῦν
743 2688 801 2727 καὶ
828 2688 992 2741 φρόνησιν
1016 2688 1076 2726 καὶ

27 2747 149 2789 ἀΐδιον.
173 2747 316 2801 Πρῶτός
346 2764 383 2787 τε
412 2747 634 2801 ἀπεφήνατο,
662 2747 714 2785 ὅτι
739 2753 809 2785 πᾶν
837 2747 876 2785 τὸ
895 2748 1075 2799 γινόμενον

27 2807 176 2860 φθαρτόν
197 2809 288 2854 ἐστι,
307 2807 368 2845 καὶ
391 2809 413 2853 ἠ
440 2806 536 2859 ψυχὴ
562 2810 715 2856 πνεῦμα.
745 2802 845 2858 Ἔφη
875 2821 912 2843 τε
943 2804 1004 2843 καὶ
1031 2803 1076 2843 τὰ

28 2865 142 2905 πολλὰ
159 2865 259 2914 ἥσσω
278 2868 336 2904 νοῦ
357 2858 457 2905 εἶναι.
476 2864 549 2905 Καὶ
567 2865 636 2908 τοῖς
655 2863 831 2917 τυράννοις
856 2861 1076 2915 ἐντυγχάνειν

2103 218 2170 253 171

1631 314 1677 352 N.

1173 393 1224 423 44.
1248 391 1435 424 Nicolaum
1455 392 1681 434 philosophum
1703 395 1940 427 Damascenuin
1963 396 2052 428 tanto
2071 406 2179 430 amore

1132 469 1319 509 complexus
1338 469 1400 502 ruit
1413 471 1573 509 Augustus
1585 473 1704 509 Caesar,
1719 472 1756 503 ut
1770 471 1882 503 missas
1897 471 1938 503 ab
1957 481 1994 505 eo
2007 474 2046 505 ad
2061 483 2094 507 se
2107 475 2176 515 pla-

1132 544 1241 575 centas
1266 544 1413 576 Nicolaos
1425 547 1558 578 vocaret
1575 556 1583 577 :
1604 554 1675 587 quae
1693 546 1726 578 in
1755 546 1841 578 hunc
1857 556 1958 587 usque
1975 547 2061 580 diem
2086 549 2181 582 durat

1133 612 1315 652 appellatio.

1176 684 1227 715 45.
1239 684 1434 715 Numenius
1447 682 1675 724 Pythagoricus
1685 683 1905 724 philosophus,
1917 687 2057 725 Apamea
2072 685 2182 717 oriun-

1134 740 1211 780 dus,
1245 741 1385 773 Platonis
1410 741 1574 782 ingenium
1605 742 1791 782 perstrinxit
1801 767 1810 781 ,
1844 743 1930 783 quod
1956 743 2054 775 veluti
2079 745 2183 785 plagio

1135 799 1327 841 subripuerit
1340 809 1358 832 e
1371 801 1517 832 Mosaicis
1541 801 1648 840 libris,
1672 810 1745 841 quae
1761 802 1801 833 de
1817 802 1877 833 deo
1892 803 1923 834 et
1938 803 2058 834 mundo
2076 803 2183 843 prodi-

1136 858 1183 891 dit
1196 871 1204 890 :
1216 868 1254 891 eo
1264 860 1387 900 spectat
1399 860 1486 901 quod
1497 860 1574 892 dicit
1586 873 1594 893 ε
1605 874 1621 888 «ι
1633 860 1718 898 Quid
1727 861 1811 893 enim
1820 861 1905 893 aliud
1918 863 1966 894 est
1976 862 2078 902 Plato,
2087 871 2183 903 quam

1136 920 1239 951 Moses
1252 919 1452 951 atticissans?
1467 932 1482 947 n

1177 979 1229 1010 46.
1247 979 1368 1010 Nestor
1385 979 1518 1019 Lycius,
1547 979 1727 1010 carminum
1744 979 1892 1020 scriptor,
1913 980 2096 1020 composuit
2114 981 2184 1012 llia-

1136 1035 1210 1068 dem
1227 1038 1322 1068 certis
1340 1037 1438 1069 literis
1459 1039 1634 1069 carentem.
1653 1040 1733 1070 Nam
1751 1037 1783 1070 in
1806 1038 1910 1079 primo
1927 1038 2007 1070 libro
2021 1039 2146 1070 nullum
2164 1051 2185 1071 α

1137 1095 1296 1136 invenias,
1312 1097 1409 1137 atque
1421 1096 1465 1128 ita
1481 1097 1513 1128 in
1523 1096 1672 1128 omnibus
1688 1096 1776 1128 libris
1788 1097 1949 1137 alphabeti
1962 1097 2056 1137 graeci
2073 1097 2185 1130 ordine

1137 1154 1293 1187 distinctis
1310 1154 1400 1187 deest
1414 1164 1474 1187 sua
1498 1155 1616 1196 cuique
1628 1155 1732 1187 litera.
1746 1155 1898 1188 Similiter
1919 1155 2093 1197 odysseam
2106 1157 2184 1189 scri-

1137 1212 1199 1254 psit
1214 1213 1466 1255 Tryphiodorus.

1634 1304 1682 1343 X.

1179 1399 1231 1430 47.
1260 1397 1444 1434 Xanthus,
1463 1397 1583 1438 Lydius
1610 1397 1798 1437 historicus,
1821 1396 1854 1429 in
1877 1398 2025 1438 Lydiacae
2044 1399 2186 1431 historiae

1136 1456 1277 1488 secundo
1293 1456 1458 1488 memoriae
1471 1456 1628 1497 prodidit,
1647 1458 1775 1497 Gygen,
1795 1456 1958 1497 Lydorum
1980 1467 2104 1503 regem,
2123 1460 2186 1499 pri-

1136 1523 1227 1547 mum
1245 1515 1378 1548 seminas
1390 1516 1563 1557 castrasse,
1580 1524 1644 1556 quo
1661 1515 1722 1547 illis
1736 1524 1862 1556 semper
1881 1517 1976 1548 aetate
1997 1516 2184 1549 florentibus

1137 1575 1294 1607 uteretur.

1179 1636 1231 1667 48.
1252 1636 1461 1666 Xenocrates
1486 1633 1712 1674 philosophus,
1737 1642 1836 1674 quum
1859 1633 2040 1666 Alexander
2055 1635 2185 1667 Macedo

1137 1693 1272 1725 misisset
1290 1693 1336 1725 illi
1352 1693 1436 1724 dono
1454 1693 1582 1733 triginta
1598 1693 1667 1723 auri
1683 1692 1803 1724 talenta
1814 1718 1823 1732 ,
1852 1693 1994 1734 remisit,
2012 1693 2162 1727 dictitans
2176 1708 2183 1715 ·

1137 1760 1244 1791 regem
1262 1751 1422 1792 pecuniis,
1439 1761 1505 1783 non
1521 1753 1628 1783 autem
1643 1751 1870 1792 philosophum
1883 1761 1964 1792 opus
1977 1752 2106 1785 habere.
2118 1756 2186 1785 An-

1137 1811 1256 1851 tipatro
1271 1812 1410 1843 Athenas
1422 1811 1582 1850 venienti,
1607 1811 1776 1851 ipsumque
1798 1811 1986 1852 complexo,
2006 1821 2071 1843 non
2099 1813 2186 1852 prius

1137 1870 1296 1902 sermonis
1321 1870 1424 1901 vicem
1451 1869 1608 1909 reddidit,
1637 1878 1736 1909 quam
1758 1869 1811 1901 ille
1828 1869 1987 1910 inceptam
2007 1870 2186 1903 orationem

1138 1929 1304 1961 [inivisset.
1322 1931 1392 1969 lpse
1407 1938 1484 1960 vero
1498 1937 1517 1960 a
1534 1929 1618 1960 fastu
1631 1928 1860 1969 alienissimus,
1874 1938 1982 1960 secum
2003 1929 2186 1969 frequenter

1138 1987 1275 2019 interdiu
1304 1987 1534 2027 meditabatur,
1560 1986 1739 2028 horamque
1767 1996 1865 2019 unam
1893 1987 2018 2020 silentio
2046 1987 2185 2019 destina-

1137 2046 1183 2077 vit
1203 2046 1213 2086 (
1230 2049 1268 2078 D.
1293 2049 1351 2086 lv,
1378 2050 1410 2078 lt
1427 2046 1452 2084 ).
1468 2046 1608 2078 Tantum
1631 2048 1739 2078 tamen
1761 2046 1867 2078 virum
1893 2045 2101 2079 Athenienses
2124 2047 2184 2079 ali—

1137 2105 1267 2147 quando
1295 2105 1555 2146 venumdedere,
1586 2114 1687 2145 quum
1719 2114 1784 2136 non
1811 2105 1917 2146 posset
1941 2105 2183 2145 inquilinarium

1136 2164 1294 2196 tributum
1321 2164 1502 2205 appendere
1532 2176 1541 2196 z
1568 2172 1644 2195 eum
1672 2163 1750 2195 emit
1780 2163 1963 2196 Demetrius
1991 2164 2183 2206 Phalereus,

1136 2223 1265 2264 utrique
1289 2222 1502 2262 subveniens,
1531 2231 1606 2255 nam
1633 2222 1805 2255 Xenocrati
1835 2222 1971 2255 reddidit
2002 2224 2184 2257 libertatem

1136 2283 1169 2315 et
1183 2282 1429 2316 Atheniensibus
1448 2282 1607 2314 tributum
1632 2281 1875 2322 inquilinarium
1891 2282 1988 2315 solvit
2006 2283 2018 2323 (
2035 2285 2088 2322 lv,
2106 2286 2141 2316 14
2157 2284 2182 2325 ).

1178 2345 1231 2375 49.
1248 2341 1476 2382 Xenophanes
1498 2335 1718 2382 Colophonius
1736 2341 1890 2381 quattuor
1913 2350 1981 2373 esse
1998 2350 2104 2374 rerum
2119 2342 2184 2374 ele-

1135 2395 1244 2426 menta
1257 2393 1356 2433 dixit,
1369 2393 1510 2424 infinitos
1525 2393 1633 2424 autem
1652 2391 1790 2423 mundos
1801 2391 1994 2432 eosdemque
2007 2393 2184 2426 mutabiles.

1136 2446 1244 2479 Nubes
1261 2445 1434 2478 consistere
1458 2453 1561 2485 quum
1577 2452 1711 2484 vapores
1727 2452 1746 2475 a
1762 2444 1827 2475 sole
1842 2444 1972 2476 excitati
1999 2454 2125 2477 sursum
2143 2446 2185 2489 fe-

1135 2500 1252 2531 runtur
1268 2507 1385 2539 easque
1401 2497 1433 2529 in
1449 2506 1555 2530 aerem
1566 2497 1703 2529 elevant.
1718 2496 1775 2528 Dei
1789 2497 1998 2529 substantiam
2013 2499 2183 2531 rotundam

1135 2560 1204 2584 esse
1226 2552 1259 2583 et
1274 2550 1437 2591 globosam
1451 2549 1595 2589 nihilque
1608 2557 1683 2580 cum
1702 2549 1832 2581 homine
1848 2549 1966 2582 habere
1992 2558 2182 2590 commune3

1135 2605 1240 2636 totum
1269 2610 1399 2635 cernere
1420 2603 1593 2642 totumque
1624 2601 1752 2641 audire,
1783 2610 1848 2633 non
1873 2603 1980 2633 tamen
2010 2602 2183 2643 respirare;

1136 2657 1273 2697 denique
1286 2656 1435 2688 omnibus
1445 2655 1510 2687 suis
1523 2654 1666 2695 partibus
1676 2656 1709 2687 et
1719 2657 1860 2687 mentem
1867 2663 1935 2686 esse
1942 2656 1974 2687 et
1982 2655 2183 2695 prudentiam

1136 2711 1234 2750 atque
1252 2708 1474 2740 aeternitatem.
1502 2707 1693 2747 Primusque
1709 2707 1927 2747 pronuntiavit
1946 2707 2099 2747 quidquid
2124 2716 2182 2739 na-

1135 2764 1258 2801 scatur,
1279 2760 1365 2792 idem
1378 2759 1507 2791 interire
1522 2758 1656 2797 debere;
1677 2759 1754 2791 item
1769 2759 1908 2790 animam
1924 2767 1991 2791 esse
2007 2758 2154 2799 spiritum
2173 2771 2180 2791 :

1135 2814 1241 2847 aiebat
1263 2814 1360 2846 etiam
1376 2814 1528 2854 pleraque
1551 2811 1701 2843 inferiora
1722 2813 1830 2844 mente
1845 2820 1923 2844 esse.
1942 2812 2023 2843 Item
2039 2811 2183 2851 tyrannis

1137 2865 1405 2907 congrediendum
1419 2865 1475 2896 aut
1484 2864 1615 2896 minime
1627 2872 1695 2895 esse
1709 2865 1766 2895 aut
1778 2863 1975 2895 suavissime.
1990 2862 2182 2903 Empedocle

69 2995 89 3038 §
104 2998 153 3029 44.
172 2996 293 3028 Eadem
311 2995 433 3028 Suidas.
445 2997 486 3027 V.
505 2994 626 3028 Nicolai
644 2995 681 3026 fr.
696 2996 777 3026 tom.
802 2996 860 3034 lli,
877 3002 909 3034 p.
929 2996 1001 3026 313.

70 3043 110 3085 §4
131 3048 158 3076 5.
176 3043 289 3075 suidas
314 3056 322 3075 :
338 3043 587 3083 Νουμήνιος,
608 3041 761 3082 Ἀπαμεὺς
777 3041 839 3073 ἀπὸ
857 3039 986 3082 Συρίας,
1005 3038 1168 3081 φιλόσοφος
1187 3038 1405 3079 Πυθαγόρειος.
1428 3035 1528 3072 Οὗτός
1546 3035 1630 3067 ἐστιν
1651 3036 1669 3067 ὁ
1687 3034 1742 3073 τὴν
1766 3037 1822 3066 τοῦ
1841 3033 2007 3070 Πλάτωνος
2029 3034 2179 3074 ἐξελέγξας

30 3090 178 3131 διάνοιαν,
194 3092 235 3127 ὡς
248 3091 315 3122 κτλ.
331 3091 368 3121 ut
381 3089 463 3130 apud
481 3091 644 3121 Nostrum.

73 3136 93 3178 §
110 3139 161 3169 46.
189 3137 304 3170 suidas
322 3146 330 3168 ε
346 3137 526 3178 Νέστωρ,
543 3135 720 3177 Λαρανδεὺς
742 3136 778 3166 ἐκ
799 3134 921 3172 Λυκίας
933 3158 943 3174 ,
968 3132 1114 3168 ἐποποιὸς
1126 3157 1135 3173 ,
1161 3133 1262 3172 πατὴρ
1283 3130 1475 3171 Πεισάνδρου
1498 3131 1554 3161 τοῦ
1577 3131 1725 3167 ποιητοῦ,
1749 3128 1883 3169 γεγονὼς
1900 3127 1950 3159 ἐπὶ
1968 3124 2104 3167 Σεὸἠρου
2123 3130 2179 3158 τοῦ

33 3182 197 3224 βασιλέως.
211 3182 330 3214 Ἰλιάδα
349 3182 620 3223 λειπογράμματον
639 3182 707 3219 ἤτοι
725 3181 947 3223 ἀστοιχείωτον
966 3180 1100 3222 (ὁμοίως
1117 3181 1148 3211 δὲ
1165 3180 1250 3220 αὐτῷ
1270 3179 1288 3209 ὁ
1303 3178 1514 3219 Τρυφιόδωρος
1537 3176 1668 3217 ἔγραψεν
1686 3174 1888 3215 Ὀδύσσειαν)
1902 3183 1910 3190 ·
1936 3174 2000 3205 ἔστι
2018 3174 2076 3213 γὰρ
2093 3173 2122 3204 ἐν
2139 3177 2176 3213 τῇ

30 3228 136 3270 πρώτῃ
151 3228 193 3270 μὴ
210 3228 404 3270 εὑρίσκεσθαι
421 3226 461 3270 α’,
478 3230 531 3260 καὶ
545 3228 627 3260 κατὰ
643 3228 803 3270 ῥαψῳδίαν
819 3229 918 3266 οὕτως
931 3228 966 3260 τὸ
980 3227 1114 3264 ἑκάστης
1134 3225 1314 3267 ἐκλιμπάνει
1332 3227 1499 3266 στοιχεῖον.
1517 3223 1798 3264 Μεταμορφώσεις,
1818 3222 1927 3262 ὥσπερ
1938 3221 1991 3252 καὶ
2013 3221 2178 3261 Παρθένιος

29 3275 48 3307 ὁ
59 3274 224 3314 Νικαιεὺς,
246 3275 299 3307 καὶ
314 3274 405 3307 ἄλλα.

71 3322 91 3363 §
109 3323 161 3354 47.
178 3321 297 3356 Eadem
313 3321 438 3362 plenius
453 3321 577 3354 Suidas.
594 3323 635 3353 V.
654 3321 772 3353 Xanthi
790 3321 825 3353 fr.
846 3322 901 3359 19,
915 3321 994 3353 tom.
1010 3323 1044 3361 Ι,
1062 3330 1094 3362 p.
1114 3322 1166 3352 40.
1935 3357 1953 3364 ..
2138 3355 2144 3361 .

72 3367 92 3408 §
107 3370 158 3401 48.
173 3370 254 3406 Quae
267 3369 300 3400 in
317 3368 421 3409 primo
439 3368 579 3410 segmine
591 3369 740 3410 leguntur
758 3367 865 3409 paullo
880 3367 972 3400 aliter
984 3368 1094 3400 narrat
1114 3365 1270 3407 Diogenes
1282 3365 1340 3404 lv,
1358 3366 1399 3404 8;
1415 3362 1528 3395 Suidas
1541 3370 1618 3395 vero
1635 3370 1660 3394 s.
1681 3369 1713 3393 v.
1729 3358 1922 3401 Ξενοκράτης
1934 3356 2044 3390 iisdem
2059 3355 2175 3395 verbis,

34 3414 148 3455 quibus
163 3417 274 3448 Noster
290 3416 403 3448 utitur.
