2372 3704
102 253 176 286 490

102 328 300 379 Ἀκταίονα,
311 325 517 380 βουλόμενόν
525 341 615 370 τινος
623 327 726 376 τιμῆς
737 325 926 372 ἀπονεῖμαι
938 320 1149 376 τῇθυγατρί,

103 390 247 427 Eadem
265 389 422 426 Photius
442 395 479 424 et
488 387 662 437 Apostol.
681 386 772 434 XX,
787 397 837 434 29
854 383 939 434 (ubi
965 380 1101 431 Κάμων
1119 380 1147 431 ).

365 493 446 545 ΕΧι
461 492 622 530 LIBRIS
652 489 890 528 INCERTIS.

608 591 646 629 3.

157 669 356 705 Athenaeus
371 669 479 714 XIV,
494 681 535 717 p.
548 667 639 714 637,
656 668 716 702 B:
735 662 888 703 Φοίνικα
899 660 934 700 δὲ
948 659 988 700 τὸ
1006 659 1152 713 ὄργανον

108 725 261 779 Ἔφορος
285 726 345 764 καὶ
372 725 528 776 Σκάμων
562 726 597 762 ἐν
628 724 697 765 τοῖς
731 722 822 772 Περὶ
853 720 1060 772 εὑρημάτων
1087 716 1154 756 υπὸ

105 784 283 824 Φοινίκων
305 783 483 836 ευρεθέντα
500 782 630 830 ταύτης
645 781 762 833 τυχεῖν
781 783 842 827 τῆς
862 776 1111 831 προσηγορίας.

611 881 649 920 [ι.

159 957 268 995 Idem
295 961 410 1004 XIV,
429 959 520 1004 637,
538 959 567 994 B
597 971 605 993 :
627 957 683 1007 Τῇ
715 952 883 1003 σαμὸύκῃ
904 951 1045 1003 πρώτην
1070 950 1156 1001 φησὶ

108 1016 310 1069 χρήσασθαι
328 1015 505 1055 Σίὸυλλαν
527 1014 682 1064 Σκάμων
703 1015 721 1050 ὃ
742 1009 1005 1064 προειρημένος·
1026 1010 1155 1060 ὄνομα-

107 1078 230 1122 σθῆναι
247 1074 275 1113 δ’
297 1073 406 1121 αὐτὴν
421 1073 617 1126 εὑρεθεῖσαν
632 1071 699 1110 ὑπὸ
711 1070 902 1121 Σάμὸυκος
919 1068 1020 1112 τινός.

613 1166 647 1204 5.

161 1246 449 1283 ClemensAlex.
462 1246 600 1282 Strom.
610 1245 644 1290 Ι,
663 1249 779 1294 74,p.
801 1245 954 1285 1328:
971 1243 1157 1295 Αἰγύπτιοι

111 1306 194 1353 γοῦν
227 1305 359 1355 πρῶτοι
386 1301 614 1354 ἀστρολογίαν
643 1302 691 1345 εἷς
724 1302 925 1353 ἀνθρώπους
959 1302 1159 1374 εξήνεγκανῗ,

107 1360 234 1410 ὁμοίως
267 1360 303 1399 δὲ
337 1377 396 1399 και
429 1361 616 1400 Χαλδαῖοι.
656 1359 845 1409 Αἰγύπτιοι
874 1359 1021 1412 λύχνους
1047 1376 1084 1398 τε
1115 1363 1158 1398 αὖ

108 1419 219 1458 καίειν
244 1422 376 1471 πρῶτοι
402 1418 602 1463 κατέδειξαν
624 1418 684 1456 και
702 1418 759 1456 τὸν
782 1419 939 1457 ενιαυτὸν
959 1421 1007 1463 εἷς
1025 1417 1158 1457 δώδεκα

112 1482 224 1528 μῆνας
245 1479 370 1516 διεῖλον
389 1477 449 1516 και
466 1479 501 1515 ἐν
521 1478 623 1529 ἱεροῖς
651 1476 836 1528 μίσγεσθαι
855 1475 1007 1528 γυναιξιν
1027 1476 1157 1514 ἐκώλυ-

110 1553 187 1583 σαν,
207 1536 288 1585 μηδ’
306 1538 351 1580 εἷς
371 1536 447 1588 ιερὰ
467 1535 610 1574 εἰσιέναι
625 1535 694 1573 ἀπὸ
713 1535 873 1586 γυναικὸς
888 1535 1100 1579 ἀλούστους’
1086 1551 1160 1573 ενο-

113 1594 327 1646 μοθέτησαν,
346 1595 562 1647 γεωμετρίας
589 1610 627 1632 τε
647 1589 692 1632 αῧ
717 1594 852 1646 εὑρεταὶ
872 1594 1067 1645 γεγόνασιν.
1093 1596 1160 1633 Εἰ·
1221 1596 1227 1602 ’

111 1654 164 1692 σὶν
184 1654 219 1692 δὲ
240 1653 273 1692 οἳ
293 1656 414 1706 Κᾶρας
433 1669 495 1699 την
518 1653 560 1690 δι’
589 1652 744 1704 ἀστέρων
763 1653 957 1705 πρόγνωσιν
980 1654 1161 1700 ἐπινενοη-

110 1712 207 1751 κέναι
238 1712 411 1763 λέγουσιν.
451 1711 604 1757 Πτήσεις
634 1710 670 1749 δὲ
694 1711 836 1763 ὀρνίθων
871 1711 1162 1764 παρεφυλάξαντο

112 1774 244 1823 πρῶτοι
265 1770 420 1823 Φρύγες·
436 1770 495 1808 καὶ
519 1769 659 1816 θυτικὴν
673 1769 875 1822 ἠκρίὸωσαν
894 1772 1046 1808 Touo-not
1066 1770 1163 1809 ³·1w

114 1829 191 1874 λίας
207 1829 369 1881 γείτονες.
389 1827 548 1881 Ἴσαυροι
565 1827 600 1866 δὲ
618 1828 677 1866 καὶ
702 1827 850 1881 ’Άραὸες
875 1827 1085 1876 ἐξεπόνησαν
1102 1828 1164 1875 τὴν

114 1889 394 1938 οἷωνιστικὴν,“’
369 1905 487 1942 ωσπερ
519 1891 708 1940 Τελμισεῖς
732 1889 795 1936 τὴν
816 1890 860 1927 δι’
878 1889 947 1927 ὀνε’
919 1905 1017 1941 ειρων
1040 1905 1163 1939 μαντι-

113 1949 194 1995 κήν.
213 1949 389 2002 Ἰυρρηνοὶ
407 1948 587 1998 σάλπιγγα
603 1948 796 1995 ἐπενόησαν
811 1963 871 1986 και
886 1947 1026 2000 Φρύγες
1042 1947 1160 1986 αὐλόν·

116 2007 258 2060 Φρύγες
277 2007 387 2059 γὰρ’
364 2023 474 2054 ηστην
491 2005 677 2056 Ὄλυμπός
700 2023 737 2045 τε
758 2007 817 2045 καὶ
837 2006 1026 2058 Μαρσύας.

167 2081 216 2106 75.
238 2066 381 2116 Κάδμος
394 2065 429 2103 δὲ
441 2060 602 2109 Φοῖνιξ
581 2081 619 2112 ην
634 2068 652 2103 ὁ
669 2067 737 2103 τῶν
752 2064 973 2117 γραμμάτων
993 2063 1166 2111 εΈλλησιν

621 2179 655 2211 3.

154 2234 340 2267 Phoenicem
369 2233 616 2265 instrumentum
643 2233 788 2273 Ephorus
803 2233 835 2264 et
861 2234 999 2265 Scamon
1020 2232 1050 2265 in
1068 2241 1164 2274 opere

113 2289 164 2319 De
177 2285 314 2317 inventis
327 2285 522 2325 appellatum
533 2293 601 2317 esse
613 2284 687 2316 inde
702 2284 850 2324 tradunt,
864 2283 952 2325 quod
968 2293 988 2316 a
1005 2285 1162 2317 Phoeuici-

115 2339 174 2370 bus
187 2338 228 2370 sit
242 2338 421 2369 inventum.

620 2387 656 2420 4.

156 2441 312 2481 Sambyce
339 2440 476 2480 primam
505 2448 595 2472 usam
626 2448 692 2471 esse
720 2439 875 2479 Sibyllam
903 2442 1040 2472 Scamon
1069 2439 1165 2472 modo

115 2493 264 2525 laudatus
277 2492 390 2531 resert3
402 2500 519 2523 nomen
530 2500 604 2523 vero
615 2491 761 2523 haberee
774 2491 932 2532 Sainbyce
942 2491 1096 2533 quodam,
1110 2491 1165 2532 qui

116 2554 187 2577 eam
204 2545 336 2576 invenci
338 2543 373 2575 it.
620 2586 641 2619 5

158 2641 257 2675 Primi
282 2640 418 2681 AEgyptii
447 2640 650 2680 astrologiam
674 2640 715 2672 ad
739 2641 884 2672 homines
909 2640 1084 2673 deduxere.
1114 2641 1165 2673 Si-

119 2695 239 2727 militer
263 2696 372 2726 autem
399 2693 495 2725 etiam
522 2693 678 2726 Chaldaei
711 2694 849 2734 AEgyptii
877 2702 988 2725 rursus
1021 2694 1168 2726 lucernas

118 2747 211 2788 primi
226 2746 398 2778 accendere
411 2745 600 2784 docuerunt,
614 2746 646 2777 et
661 2754 782 2777 annum
802 2746 834 2777 in
848 2754 973 2777 menses
995 2745 1167 2776 duodecim

118 2796 316 2838 diviserunt,
340 2799 372 2830 et
394 2798 426 2829 in
442 2797 570 2838 templis
584 2806 659 2829 cum
685 2798 870 2830 mulieribus
892 2798 980 2830 coire
996 2798 1168 2838 prohibue-

118 2852 213 2890 runt,
239 2859 343 2890 neque
366 2849 405 2881 ad
421 2858 511 2881 sacra
527 2849 568 2880 ab
585 2858 686 2881 uxore
701 2850 799 2882 illotis
817 2849 1002 2882 adeundum
1018 2858 1086 2881 esse
1102 2849 1169 2890 lege

118 2903 302 2933 sanxerunt.
322 2902 359 2932 Et
376 2909 485 2932 rursus
498 2901 680 2933 inventores
697 2902 786 2933 suere
796 2901 989 2942 geometriae.
1011 2902 1093 2933 Sunt
1109 2910 1169 2932 au-

121 2955 189 2985 tem
209 2953 265 2993 qui
289 2952 398 2983 dicant
419 2954 516 2984 Cares
541 2961 611 2984 eam
625 2961 699 2993 quae
717 2961 755 2984 ex
782 2954 876 2985 astris
890 2952 1062 2993 colligitur,
1079 2952 1169 2984 inve-

118 3005 202 3037 nisse
227 3003 469 3045 praescientiam.
489 3003 607 3036 Avium
629 3006 739 3036 autem
755 3005 884 3037 volatus
905 3004 1000 3045 primi
1030 3004 1170 3044 Phryges

119 3056 341 3088 observarunt.
363 3055 584 3095 Aruspicinam
597 3059 704 3087 autem
721 3065 777 3087 seu
797 3056 1018 3096 extispicinam
1031 3056 1171 3096 perfecte

118 3110 293 3141 tenuerunt
303 3107 396 3139 Tusci
410 3107 466 3147 qui
481 3108 568 3139 suere
581 3108 675 3139 vicini
697 3109 808 3140 ltaliae.
821 3109 921 3141 lsauri
934 3111 1042 3142 autem
1051 3110 1083 3141 et
1092 3111 1170 3140 Ara·

119 3161 176 3192 bes
189 3159 329 3200 auguriis
343 3159 512 3199 studuere,
527 3159 609 3191 sicut
626 3160 836 3193 Telmisenses
849 3161 875 3192 ei
894 3170 966 3201 quae
980 3170 1035 3202 per
1048 3161 1172 3192 somnia

122 3213 157 3245 nt
172 3211 369 3244 divinationi.
391 3212 518 3243 Etrusci
533 3212 662 3250 tubam,
682 3215 714 3245 et
729 3214 869 3254 Phryges
881 3213 994 3245 tibiam
1013 3214 1170 3254 excogita·

120 3273 209 3298 vere.
235 3265 373 3305 Phryges
400 3266 486 3297 enim
503 3267 593 3297 erant
608 3267 766 3307 Olympus
784 3268 817 3298 et
846 3269 998 3307 Marsyas.
1030 3267 1173 3300 cadmus

121 3318 229 3348 autem
243 3318 311 3348 erat
329 3316 460 3348 Phoenix
476 3317 557 3357 ,qui
572 3317 632 3349 suit
648 3318 768 3350 Graecis
781 3318 946 3350 literarum
963 3319 1122 3358 inventor,
1138 3320 1173 3350 ut

124 3367 169 3399 ait
180 3367 337 3408 Ephorus.
351 3367 441 3400 Unde
453 3368 551 3400 etiam
562 3369 672 3400 scribit
687 3369 866 3401 Herodotus
879 3370 986 3402 literas
1001 3371 1174 3411 appellatas

121 3419 216 3452 fuisse
227 3419 417 3452 Phoenicias.
435 3419 496 3452 Alii
509 3421 616 3452 autem
627 3420 758 3455 dicunt.
779 3421 944 3454 Phoenices
957 3423 988 3454 et
1001 3423 1097 3462 Syros
1111 3423 1171 3463 pri·

873 234 1127 277 SCAMONIS
1157 233 1478 283 MYTILENAEI,

1215 318 1375 372 εὑρετὴς,
1402 317 1449 363 ὥς
1478 334 1582 372 φησιν
1602 316 1778 372 Ἔφορος,
1808 317 1883 357 ὅθεν
1905 317 1966 356 καὶ
1997 317 2188 365 Φοινικήια
2214 318 2259 357 τὰ

1215 378 1410 430 γράμματα
1430 377 1615 431 Ἡρόδοτος
1631 378 1823 423 κεκλησθαι
1847 375 2055 428 γράφει.οἱ
2076 376 2110 415 δὲ
2138 376 2262 417 Φοίνι-

1215 452 1279 481 κας
1293 453 1353 475 και
1374 436 1508 488 Σύρους
1526 436 1728 509 γράμματα
1748 437 1931 482 ἐπινοῆσαι
1961 434 2118 488 πρώτους
2142 435 2262 487 λέγου-

1214 510 1282 534 σιν.
1303 494 1480 546 Ἰατρικὴν
1503 493 1539 532 δὲ
1561 497 1659 534 Ἆπιν
1677 493 1872 545 Αἰγύπτιον
1893 493 2086 546 αὐτόχθονα
2111 493 2193 546 πρὶν
2215 495 2263 538 εἰς

1214 553 1394 604 Αἴγυπτον
1412 551 1595 605 ἀφικέσθαι
1615 550 1678 599 τὴν
1698 551 1771 591 Ἰώ.
1792 550 1898 591 Μετὰ
1917 551 1953 589 δὲ
1975 567 2087 590 ταυτα
2107 551 2262 599 Ἀσκλη-

1214 610 1293 650 πιὸν
1312 627 1375 658 την
1401 610 1528 662 τέχνην
1547 609 1697 655 αὖξῆσαι
1724 609 1896 676 λέγουσιν.
1917 607 2045 653 Ἄτλας
2064 609 2099 648 δὲ
2121 612 2138 648 ὁ
2155 610 2264 654 Λίὸυς

1214 666 1350 715 πρῶτος
1365 678 1449 700 ναυν
1437 661 1732 734 ἐναυπηγήσατο
1749 660 1810 699 καὶ
1826 661 1889 708 τὴν
1904 661 2086 700 θάλασσαν
2099 661 2260 702 ἔπλευσε.

1216 721 1350 772 Κέλμις
1362 736 1398 759 τε
1414 724 1456 758 αὖ
1471 719 1530 758 καὶ
1547 717 1796 770 Δαμναμενευς
1808 720 1840 758 οἷ
1854 721 1923 758 τῶν
1939 718 2075 759 Ἰδαίων
2090 719 2266 760 Δάκτυλοι

1216 782 1350 832 πρῶτοι
1380 778 1526 839 σίδηρον
1549 773 1649 830 ευρον
1686 779 1721 816 ἐν
1756 777 1910 830 Κύπρῳ,
1946 777 2058 822 Δέλας
2091 776 2128 816 δὲ
2163 778 2268 823 ἄλλος

1216 838 1345 880 Ἰδαῖος
1365 841 1442 888 εὗρε
1461 838 1596 888 χαλκοῦ
1604 842 1760 909 muptiis-ut,
1780 839 1827 880 ὡς
1843 836 1879 874 δὲ
1895 835 2076 884 Ἡσίοδος,
2110 836 2264 885 Σκύθης.

1217 897 1290 937 Ναι
1309 895 1378 947 μὴν
1395 897 1535 949 Θρᾶκες
1551 897 1684 948 πρῶτοι
1700 895 1764 942 τὴν
1784 894 2003 945 καλουμένην
2018 893 2134 948 ἅρπην
2155 890 2267 949 εὗρον,

1218 955 1291 995 ἔστι
1321 956 1357 994 δὲ
1390 955 1551 1007 μάχαιρα
1571 953 1766 1005 καμπύλη,
1795 954 1856 993 καὶ
1879 956 2011 1007 πρῶτοι
2043 953 2187 998 πέλταις
2210 955 2269 994 ἐπὶ

1216 1017 1298 1053 τῶν
1309 1013 1427 1052 ἵππων
1448 1013 1658 1066 ἐχρήσαντο.
1682 1012 1836 1063 Ὁμοίως
1861 1010 1897 1051 δὲ
1926 1012 1986 1051 καὶ
2017 1007 2185 1066 Ἰλλύριοι
2204 1013 2266 1062 τὴν

1218 1071 1438 1128 καλουμένην
1467 1070 1600 1109 πέλταν
1629 1069 1778 1123 ἐξευρον.
1816 1069 1900 1110 Ἔτι
1932 1069 2019 1123 φασὶ
2047 1071 2271 1115 Τουσκανους

1218 1129 1282 1178 τὴν
1300 1112 1536 1175 πλαστικὴν’
1521 1131 1723 1176 επινοῆ·σαι,
1741 1127 1880 1168 Ἰτανόν
1897 1144 1932 1166 τε
1946 1151 2000 1157 —
2021 1128 2194 1176 Σαυνίτης
2213 1124 2270 1169 οὗ·

1204 1200 1274 1233 ’τος
1300 1192 1341 1236 ἠν
1362 1212 1415 1218 —
1433 1189 1570 1240 πρῶτον
1602 1186 1735 1272 θυρεὸν...
1747 1186 2024 1226 κατασκευάσαι.
2043 1186 2188 1238 Κάδμος
2185 1187 2271 1259 Ι..γὰρ

1219 1251 1236 1287 ὃ
1270 1246 1395 1292 Φοῖνιξ
1421 1246 1621 1295 λιθοτομίαν
1662 1246 1695 1284 ἐζ
1681 1249 1776 1318 ,εὗρε
1807 1245 1868 1284 καὶ
1889 1245 2047 1297 μέταλλα
2074 1249 2206 1299 χρυσοῦ
2225 1249 2270 1285 τὰ

1219 1306 1298 1359 περὶ
1324 1305 1363 1344 τὸ
1384 1305 1567 1356 Πάγγαιον
1591 1304 1777 1352 ἐπενόησεν
1807 1303 1896 1357 ὅρος.
1917 1302 2014 1351 Ἤδη
2036 1303 2072 1343 δὲ
2098 1304 2158 1343 καὶ
2185 1304 2272 1343 ἄλλο

1220 1365 1311 1408 ἔθνος
1334 1364 1569 1407 Καππάδοκες
1587 1366 1720 1435 πρῶτοι
1744 1366 1842 1415 εὖρον
1868 1362 1925 1401 τὸν
1939 1362 2072 1401 νάὸλαν
2093 1362 2270 1412 καλούμε-

1222 1439 1292 1471 νον,
1312 1423 1348 1462 ὃν
1368 1422 1497 1475 τρόπον
1517 1421 1577 1461 καὶ
1590 1422 1630 1460 τὸ
1649 1421 1808 1474 δίχορδον
1826 1421 2014 1473 Ἀσσύριοι.
2036 1421 2272 1476 Καρχηδόνιοι

1222 1482 1525 1535 (Χαλκηδόνιοιὲ)
1556 1480 1623 1533 γὰρ
1653 1483 1785 1533 πρῶτοι
1815 1480 1965 1533 τετρήρη
1995 1481 2272 1528 κατεσκεύασαν,

1229 1539 1452 1590 ἐναυπήγησε
1470 1538 1506 1577 δὲ
1521 1539 1629 1586 αὐτὴν
1647 1538 1826 1591 Βόσπορος
1840 1537 2078 1590 αὐτοσχέδιον.

1278 1611 1326 1638 76.
1351 1597 1491 1644 Μήδειά
1511 1599 1581 1643 τεή
1601 1596 1735 1644 Αιήτου
1748 1600 1770 1644 ἦ
1786 1596 1918 1649 Κολχις
1935 1596 2056 1649 πρώτη
2073 1597 2187 1651 βαφὴν
2201 1613 2273 1650 τρι·

1224 1672 1298 1708 χων
1307 1656 1504 1730 ἐπενόηρ-εν.
1514 1655 1574 1696 Ἀ)
1575 1655 1619 1694 λὰ
1629 1655 1688 1694 καὶ
1702 1655 1872 1707 Νώροπες
1885 1679 1939 1685 -
1961 1655 2053 1700 ἔθνος
2067 1656 2140 1694 εστὶ
2156 1657 2273 1695 Παιο-

1222 1715 1330 1763 νικὸν,
1339 1718 1398 1753 νῦν
1409 1716 1445 1753 δε
1433 1714 1614 1767 Νωρικοὶ
1628 1716 1817 1753 καλοῦνται
1830 1738 1884 1744 --
1895 1714 2170 1768 κατειργάσαντο
2186 1716 2275 1767 χαλ-

1229 1773 1289 1811 κὸν
1308 1788 1369 1811 και
1386 1773 1526 1825 σίδηρον
1546 1773 1717 1826 ἐκάθηραν
1737 1775 1882 1824 πρῶτοι.
1911 1772 2062 1822 Ἄμυκός
2092 1789 2129 1811 τε
2157 1775 2175 1811 ὁ
2208 1775 2272 1812 Βε-

1229 1832 1366 1885 6ρύκων
1386 1831 1572 1885 βασιλευςε
1563 1831 1710 1882 ιμάντας
1721 1847 1908 1875 πυκτικους
1925 1834 2060 1882 πρῶτος
2071 1835 2162 1905 εὗρε.
2186 1833 2276 1883 Περί

1225 1906 1261 1928 τε
1285 1889 1482 1939 μουσικὴν’
1485 1892 1654 1939 Ολυμπος
1675 1893 1693 1928 ὃ
1713 1890 1833 1934 Μυσὸς
1858 1889 1920 1936 τὴν
1949 1889 2077 1929 Λύδιον
2103 1890 2273 1941 ἁρμονίαν

1229 1948 1509 2001 ἐφιλοτέχνησεν.
1533 1949 1580 1987 Οἵ
1599 1963 1637 1986 τε
1667 1947 1919 2000 Τρωγλοδύται
1943 1947 2154 1997 καλούμενοι
2181 1963 2274 1997 σαμ«

1230 2007 1341 2054 ὅύκην
1362 2011 1458 2058 ευρον
1482 2006 1626 2059 ὄργανον
1647 2007 1826 2057 μουσικόν.
1847 2005 1948 2046 Φασὶ
1968 2005 2004 2044 δὲ
2023 2006 2083 2044 καὶ
2103 2005 2167 2053 τὴν
2182 2007 2276 2043 πλα-

1232 2064 1310 2117 γίαν
1339 2065 1487 2118 σύριγγα
1505 2064 1660 2118 Σάτυρον
1681 2081 1770 2119 ευρει
1757 2071 1789 2103 ’.ν
1821 2064 1878 2103 τὸν
1899 2064 2050 2118 Φρύγα·
2072 2064 2274 2118 [τρίχορδον

1225 2184 1293 2207 mos
1305 2176 1504 2216 excogitasse
1514 2176 1630 2208 literas
131 2146 2268 2208 ——w———w—M—-fflinam
1860 2176 1968 2207 autem
1985 2175 2077 2216 Apim
2091 2175 2276 2216 AEgyptium

1224 2228 1423 2269 indigenam,
1442 2230 1627 2271 priusquam
1644 2231 1680 2262 Io
1697 2229 1842 2261 veniret
1834 2238 1868 2260 in
1887 2229 2078 2269 AEgyptum;
2097 2230 2204 2269 postea
2217 2237 2278 2260 au

1223 2281 1291 2312 tem
1315 2281 1533 2322 AEsculapium
1557 2281 1669 2313 dicunt
1691 2282 1794 2313 artem
1810 2279 2031 2321 amplificasse.
2059 2281 2148 2312 Atlas
2168 2281 2278 2312 autem

1226 2333 1321 2373 Libys
1341 2333 1463 2373 primus
1486 2342 1601 2365 navem
1632 2335 1680 2365 est
1711 2333 1900 2372 fabricatus,
1930 2333 1962 2363 et
1988 2340 2077 2364 mare
2104 2331 2278 2372 navigavit.

1224 2387 1266 2418 Et
1284 2395 1394 2418 rursus
1415 2387 1533 2418 Celmis
1555 2387 1587 2418 et
1610 2389 1817 2418 Damnaneus
1835 2394 1876 2417 ex
1893 2384 1986 2417 ldaeis
2002 2384 2143 2424 Dactylis
2159 2384 2279 2416 serrum

1230 2439 1323 2478 primi
1336 2439 1547 2471 invenerunt
1538 2449 1570 2470 in
1584 2441 1702 2479 Cypro.
1719 2439 1807 2471 Alius
1821 2439 1930 2469 autem
1947 2436 2051 2469 ldaens
2067 2435 2142 2468 ferri
2157 2435 2282 2468 invenit

1225 2491 1495 2529 temperaturam,
1515 2492 1551 2522 ut
1578 2492 1687 2522 autem
1719 2489 1893 2528 HesioduS,
1919 2488 2047 2529 Scytha.
2072 2490 2120 2520 Ac
2140 2487 2281 2520 Thraces

1227 2541 1355 2580 quidem
1368 2542 1459 2582 primi
1474 2551 1543 2573 eam
1552 2551 1625 2582 quae
1635 2542 1717 2582 ἅρπη
1730 2542 1874 2580 vocatur,
1889 2539 2099 2572 invenerunt:
2112 2539 2159 2571 est
2168 2539 2279 2571 autem

1228 2593 1380 2625 incurvus
1393 2594 1534 2633 gladius;
1552 2595 1583 2625 et
1599 2593 1691 2634 peltis
1709 2592 1802 2632 primi
1819 2593 1868 2623 usi
1882 2592 1997 2623 suntin
2014 2590 2116 2631 equis.
2131 2590 2283 2623 Similiter

1227 2646 1336 2676 autem
1363 2645 1460 2685 lllyrii
1479 2654 1609 2685 quoque
1636 2645 1754 2685 peltam
1780 2643 1982 2674 invenerunt.
2010 2644 2172 2675 'tuscanos
2187 2641 2280 2674 aiunt

1229 2696 1378 2735 plasticen
1398 2697 1613 2737 excogitasse,
1633 2695 2016 2735 itanumqne(samn1tes
2032 2694 2057 2726 is
2077 2693 2160 2733 suit)
2175 2693 2279 2734 primo

1230 2746 1377 2786 clypeum
1402 2747 1523 2778 fecisse.
1550 2746 1693 2778 Cadmus
1715 2747 1824 2777 autem
1849 2745 1986 2777 Phoenix
2011 2745 2132 2785 primus
2158 2744 2283 2776 invenit

1229 2797 1456 2838 lapicidinam:
1475 2799 1507 2830 et
1523 2799 1555 2830 in
1571 2799 1680 2830 monte
1697 2801 1834 2838 Pangaeo
1853 2796 2044 2836 excogitavit
2058 2795 2127 2828 auri
2140 2795 2281 2827 metalla.

1230 2852 1302 2882 Jam
1315 2859 1392 2881 vero
1405 2850 1466 2881 alia
1479 2859 1608 2890 quoque
1621 2859 1716 2890 gens,
1734 2848 1957 2889 Cappadoces,
1975 2847 2070 2887 piimi
2090 2847 2284 2879 invenerunt

1232 2901 1262 2933 id
1276 2902 1363 2942 quod
1375 2901 1524 2934 Nablium
1541 2902 1731 2942 appellatur,
1742 2899 2015 2942 quemadmodum
2029 2899 2143 2939 Assyrii
2154 2907 2284 2939 quoque

1232 2955 1429 2987 Dichordon
1463 2955 1739 2994 Carthaginienses
1779 2955 1888 2985 autem
1916 2952 2010 2993 primi
2032 2953 2285 2984 construxerunt

1231 3006 1478 3047 quadriremem.
1495 3008 1573 3037 Eam
1590 3006 1697 3037 autem
1717 3014 1756 3036 ex
1770 3006 1913 3044 tempore
1935 3004 1967 3035 et
1991 3003 2111 3043 absque
2125 3003 2191 3035 ulla
2202 3011 2285 3044 prae·

1232 3058 1438 3090 meditatione
1461 3057 1634 3089 fabricatus
1656 3058 1704 3088 est
1729 3058 1901 3096 Bosporus.
1922 3055 2034 3087 Medea
2056 3056 2163 3086 autem
2181 3055 2284 3087 AEeiae

1233 3110 1319 3150 filia,
1338 3109 1484 3148 Colchis,
1498 3109 1600 3150 prima
1623 3109 1704 3149 pilos
1725 3108 1845 3147 tingere
1864 3105 2067 3146 excogitavit.
2083 3106 2169 3143 Quin
2185 3106 2283 3138 etiam

1236 3164 1378 3203 Noropes
1392 3162 1403 3203 (
1417 3163 1464 3194 est
1476 3163 1583 3193 autem
1597 3170 1672 3202 gens
1688 3160 1838 3199 Paeon1ae‚
1855 3168 1944 3191 nunc
1958 3159 2067 3190 autem
2081 3158 2284 3199 appellantur

1235 3214 1366 3254 Norici)
1391 3222 1435 3246 aes
1459 3213 1682 3253 elaborarunt,
1710 3213 1744 3244 et
1764 3211 1858 3252 primi
1881 3211 2002 3243 serrum
2027 3210 2231 3251 purgarunt:
2253 3211 2285 3242 et

1235 3271 1376 3307 Amycus
1394 3274 1451 3298 rex
1474 3265 1675 3305 Bebrycum,
1691 3264 1758 3295 lora
1781 3263 1943 3304 pugilum,
1962 3261 1994 3293 id
2011 3262 2059 3293 est
2082 3262 2203 3300 cestus,
2219 3261 2285 3302 pri-

1234 3327 1307 3350 mus
1323 3317 1539 3357 excogitavit:
1554 3318 1586 3348 et
1602 3316 1757 3356 Olympus
1771 3315 1889 3355 Mysius
1904 3315 1936 3345 in
1949 3313 2069 3344 musica
2083 3312 2283 3344 harmoniam

1235 3370 1366 3411 Lydiam
1385 3368 1554 3401 artificiose
1571 3367 1694 3399 invenit
1712 3379 1719 3398 z
1749 3368 1781 3398 et
1805 3365 1861 3407 qui
1887 3366 2045 3397 vocantur
2064 3364 2283 3405 Troglodytae,

1235 3421 1421 3455 sambucam
1438 3421 1686 3453 instrumentum
1707 3419 1858 3452 invenere
1877 3417 2045 3450 musicum.
2063 3417 2160 3450 Aiunt
2176 3417 2282 3449 autem
