2372 3704
1024 214 1356 254 FRAGMENTA.

104 320 206 357 μενος
224 305 291 344 ὑπό
306 319 414 355 τινος,
434 303 467 343 τί
482 303 629 356 πράττει
645 297 824 356 Ἀρχίππη
835 332 845 349 ,
866 301 1059 355 χαριέντως
1077 301 1155 353 ἔφη·

104 382 120 401 α
137 363 278 416 Ὥσπερ
293 365 330 402 αἱ
346 364 494 415 γλαῦκες
510 362 569 401 ἐπὶ
583 361 702 412 τάφων
717 361 882 408 κάθηται.
903 379 918 395 n

611 439 674 478 28.

156 511 264 549 Idem
279 512 395 557 XIII,
419 524 462 561 p.
487 510 562 555 584
578 539 588 556 ,
613 512 642 548 F
663 523 672 547 ι
695 508 898 560 Μετάνειρα
919 506 954 545 δὲ
971 510 994 553 ἡ
1019 506 1159 558 ἑταίρα,

108 568 333 620 Δημοκλέους
351 571 412 608 τοῦ
435 567 653 621 παρασίτου,
677 566 899 618 Λαγυνίωνος
918 565 1077 612 ἐπίκλην,
1094 580 1160 602 κα-

104 628 314 672 ταπεσόντος
339 627 373 666 ἔν
403 642 470 665 τινι
494 627 699 677 κονιάματι,
729 644 747 661 α
779 625 851 676 Καὶ
876 624 943 677 γὰρ
967 623 1031 672 σὺ,
1052 622 1160 676 φησὶ,

105 685 232 725 σαυτὸν
249 685 396 734 ἔδωκας,
410 680 448 724 οὗ
466 688 576 738 ψῆφοι
590 684 691 723 εἰσίν.
711 702 726 718 ¹³
742 683 993 730 Διαπηδῶντος
1007 681 1034 720 δ’
1055 683 1161 720 αὐτοῦ

105 745 166 784 ἐπὶ
184 745 248 792 τὴν
267 744 416 792 πλησίον
436 745 570 792 κλίνην,
590 762 606 778 «
622 742 802 797 Πρόσεχε,
820 740 927 796 φησὶ,
949 740 997 793 μὴ
1015 742 1163 793 ἀνατρα-

106 806 187 856 πῇς.
215 821 230 838 1·
247 806 364 844 Τοῦτο
377 805 510 856 ἱστορεῖ
527 802 783 855 Ἡγήσανδρος.

601 893 664 931 29.

159 950 269 987 Idem
287 951 358 995 111,
383 963 454 997 107
468 979 478 996 ,
500 952 530 987 E
551 962 560 988 :
583 948 670 989 εὈτι
689 949 719 987 δ’
736 948 809 992 ἔθος
826 950 874 1000 τῷ
893 947 1032 1000 ἐπίπλῳ
1060 961 1162 999 περι-

105 1007 345 1046 καλύπτεσθαι
375 1006 420 1046 τὰ
453 1008 589 1055 ἡπάτια
602 1038 612 1057 ,
650 1007 893 1061 ἹΙγήσανδρος
921 1010 940 1045 ὃ
971 1006 1105 1059 Δελφὸς
1126 1006 1161 1043 ἐν

106 1064 362 1116 εΥπομνήμασί
381 1081 466 1119 φησι
483 1066 698 1120 Μετάνειραν
718 1065 780 1113 τὴν
796 1066 951 1118 ἑταίραν,
972 1067 1017 1109 ὥς
1040 1067 1074 1103 ἐν
1092 1070 1163 1108 τοῖς

106 1124 382 1175 κεκαλυμμένοις
396 1123 557 1172 ἡπατίοις
571 1125 660 1172 αὐτὴ
675 1125 880 1176 πνευμόνιον
897 1124 1003 1164 ἔλαὸε
1016 1155 1027 1176 ,
1041 1123 1101 1163 καὶ
1118 1125 1164 1167 ὡς

107 1184 317 1238 περιελοῦσα
334 1183 374 1222 τὸ
390 1183 497 1236 στέαρ
514 1179 616 1232 εἶδεν,
637 1183 843 1237 ἀνέκραγεν·

189 1277 368 1318 Ἂπὸλωλα,
383 1277 509 1310 πέπλων
524 1278 557 1319 μ’
573 1278 694 1311 ὤλεσαν
710 1277 913 1320 περιπτυχαί.

574 1368 624 1404 29
653 1367 690 1391 a.

159 1431 367 1480 Hesychius
388 1442 397 1469 :
418 1429 700 1483 Ἀποφάρσις,
718 1432 740 1476 ἡ
760 1428 901 1480 ἑταίρα,
917 1430 963 1471 ὡς
981 1426 1165 1479 Ἡγήσαν-

105 1489 197 1542 δρος.
217 1506 235 1523 α
254 1490 443 1526 Meretrix
459 1490 571 1533 nuda,
590 1501 613 1525 a
626 1487 746 1540 φάρος.
762 1491 808 1527 V.
828 1487 994 1536 Hesych.
1010 1500 1048 1524 v.
1073 1484 1164 1538 ἀφά-

107 1562 227 1600 ρωνος.
244 1563 262 1581 υ
281 1549 386 1586 Voss.
398 1548 570 1585 Eustath.
588 1548 638 1584 ad
652 1549 696 1587 11.
715 1563 743 1585 π
759 1555 856 1585 extr.
871 1543 997 1592 δούλην
1017 1546 1094 1582 dici
1113 1546 1167 1581 ait

107 1604 316 1659 ἀποφράτην
336 1604 560 1658 (ἀποφάρτην
571 1606 588 1642 Ρ
599 1606 622 1655 ).

602 1669 665 1706 30.

158 1747 297 1784 Athen.
321 1747 386 1792 IV,
408 1759 448 1796 p.
471 1750 542 1794 174
556 1774 566 1793 ‚
585 1747 613 1784 A
631 1758 640 1785 :
658 1747 735 1785 Κάν
750 1743 885 1796 Κύπρῳ
902 1743 939 1781 δέ
955 1722 1041 1796 φησι
1058 1747 1162 1792 τιμᾶ·

106 1807 186 1843 σθαι
203 1802 447 1855 Ἡγήσανδρος
467 1806 485 1842 ὁ
510 1803 643 1857 Δελφὸς
670 1803 739 1843 Δία
765 1801 1017 1848 εἷλαπιναστήν
1040 1817 1079 1839 τε
1102 1800 1163 1838 καὶ

106 1862 410 1914 σπλαγχνοτόμον.

601 1923 664 1961 31.

159 1998 266 2034 Idem
293 1999 406 2044 VIII,
427 2011 469 2048 p.
492 1998 586 2046 365,
613 2001 647 2035 D
672 2012 680 2035 z
711 1999 857 2049 Ἀργεῖοι
889 1995 933 2046 δ’,
963 1997 1010 2039 ὡς
1030 1996 1064 2032 ἐν
1095 1995 1165 2038 τοῖς

107 2054 361 2107 Ὑπομνήμασί
393 2071 496 2108 φησιν
521 2055 778 2108 Ἡγήσανδρος,
810 2055 935 2108 γράφει
962 2054 991 2092 δ’
1031 2053 1161 2098 οὕτως·

2190 218 2265 250 419

1220 319 1235 336 «
1253 300 1330 346 Τὴν
1358 299 1539 351 συμὸολὴν
1559 299 1622 347 τὴν
1650 301 1696 343 εἷς
1718 299 1760 337 τὰ
1781 300 1959 350 συμπόσια
1978 299 2043 340 ὑπὸ
2069 303 2136 339 τῶν
2154 298 2276 339 πινόν-

1222 375 1287 398 των
1305 358 1550 413 εἰσφερομένην
1568 359 1714 410 Ἀργεῒοι
1738 360 1811 410 χῶν
1829 359 1988 407 καλοῦσι,
2007 359 2069 406 τὴν
2086 360 2122 398 δὲ
2149 358 2275 413 μερίδα

1221 433 1337 458 αισαν.
1363 437 1377 452 ¹»

1719 476 1781 514 32.

1275 554 1380 591 Idem
1395 555 1469 600 XI,
1491 566 1528 603 p.
1550 557 1570 596 4
1578 565 1640 601 79,
1661 554 1726 590 D.
1746 549 1988 602 Ἡγήσανδρος
2008 551 2074 588 δ’ὁ
2094 551 2255 604 Δελφὸς’
2240 568 2274 590 εν

1222 610 1512 661 Ὑπομνήμασιν,
1531 614 1579 649 ὧν
1591 609 1683 663 ἀρχὴ
1702 609 1774 649 Ἐν
1791 611 1843 661 τῇ
1865 608 2024 661 ἀρίστῃ
2049 610 2276 662 πολιτείᾳ,

1221 669 1348 723 φησίν·
1377 688 1392 704 «
1427 669 1472 708 ‘O
1500 667 1714 718 καλούμενος
1741 667 1910 711 κότταὸος
1939 668 2117 718 παρηλθεν
2151 670 2198 712 εἷς
2232 668 2277 707 τὰ

1221 728 1428 779 συμπόσια,
1459 730 1528 766 τῶν
1548 727 1629 779 περὶ
1655 726 1838 774 Σικελίαν,
1860 725 1906 769 ὥς
1931 741 2015 778 φησι
2044 726 2278 779 Δικαίαρχος,

1221 790 1359 841 πρῶτον
1375 786 1647 840 εἰσαγαγόντων.
1665 785 1834 833 Τοσαύτη
1850 783 1885 823 δὲ
1899 784 2034 837 ἐγένετο
2048 785 2181 831 σπουδὴ
2200 786 2280 839 περὶ

1221 845 1262 884 τὸ
1291 845 1536 897 ἐπιτήδευμα,
1564 845 1656 884 ὥστε
1689 846 1735 889 εἷς
1755 844 1798 883 τὰ
1815 843 2008 906 uouendum
2035 844 2279 918 παρεισφέρειν

1224 898 1313 943 ἆθλα
1339 904 1510 944 κοττάὸια
1544 904 1758 954 καλούμενα.
1788 897 1878 943 Εἶτα
1898 902 2035 947 κύλικες
2064 905 2099 940 αἱ
2129 903 2214 955 πρὸς
2241 903 2280 941 τὸ

1224 969 1373 1016 πρᾶγμα
1398 951 1575 1016 χρήσῖμαι
1605 963 1748 1014 μάλιστ’
1770 966 1858 1000 εἰναι
1879 962 2041 1000 δοκοῦσαι
2063 962 2278 1000 κατεσκευά·

1224 1024 1339 1071 ζοντο,
1369 1022 1585 1074 καλούμεναι
1616 1021 1832 1065 κοτταὸίδες.
1866 1020 1961 1074 Προς
1987 1020 2023 1059 δὲ
2042 1020 2176 1065 τούτοις
2194 1024 2281 1059 οἶκοι

1222 1080 1513 1127 κατεσκευάζοντο
1532 1082 1769 1132 κυκλοτερεῖς,
1790 1079 1849 1118 ἵνα
1873 1079 2020 1130 πάντες,
2042 1081 2088 1123 εἷς
2107 1079 2147 1118 τὸ
2170 1079 2279 1130 μέσον

1222 1143 1282 1178 τοῦ
1298 1141 1471 1179 κοττάὸου
1490 1140 1655 1188 τεθέντος,
1673 1139 1707 1185 ἐξ
1725 1138 1977 1189 ἀποστήματος
1990 1137 2067 1177 ἴσου
2085 1138 2146 1177 καὶ
2164 1138 2281 1176 τόπων

1223 1198 1351 1248 ὁμοίων
1374 1199 1594 1251 ἀγωνίζοιντο
1616 1199 1776 1252 περὶτῆς
1794 1198 1901 1245 νίκης.
1921 1199 1975 1238 Οὖ
1995 1197 2061 1250 γὰρ
2080 1197 2183 1248 μόνον
2205 1199 2281 1250 ἐφι-

1223 1260 1426 1308 λοτιμοῦντο
1448 1258 1589 1311 βάλλειν
1622 1258 1680 1297 ἐπὶ
1708 1258 1766 1296 τὸν
1793 1256 1934 1304 σκοπὸν,
1964 1255 2056 1294 ἀλλὰ
2081 1256 2142 1295 καὶ
2162 1258 2281 1300 καλῶς

1533 1315 1635 1356 ’Ἔδει
1664 1316 1732 1369 γὰρ
1765 1318 1812 1359 εἷς
1839 1315 1896 1354 τὸν
1925 1315 2106 1368 ἀριστερὸν
2138 1317 2281 1367 ἀγκῶνα

1225 1375 1404 1427 ἐρείσαντα
1418 1406 1428 1425 ,
1453 1375 1512 1414 καὶ
1527 1378 1570 1427 τῇ
1586 1375 1680 1428 δεξιᾷ
1696 1374 1926 1413 κυκλώσαντα
1942 1377 2053 1427 ὑγρῶς
2069 1376 2206 1427 ἀφεῖναι
2219 1373 2281 1421 τὴν

1224 1436 1363 1486 λάταγα
1377 1450 1386 1459 ·
1406 1433 1497 1473 οὕτω
1522 1434 1590 1487 γὰρ
1610 1434 1755 1473 ἐκάλουν
1770 1433 1810 1472 τὸ
1830 1435 1998 1472 ἐκπῖπτον
2013 1435 2052 1471 ἐκ
2068 1436 2129 1479 τῆς
2145 1431 2283 1477 κύλικος

1224 1493 1329 1545 ὑγρόν
1341 1509 1350 1517 ·
1364 1491 1455 1531 ὥστε
1471 1492 1554 1531 ἔνιοι
1565 1495 1680 1543 μεῖζον
1696 1491 1856 1545 ἐφρόνουν
1877 1491 1934 1529 ἐπὶ
1954 1493 2004 1544 τῷ
2018 1492 2133 1535 καλῶς
2149 1506 2276 1529 κοττα-

1227 1552 1346 1600 ῧίζειν,
1363 1554 1431 1590 τῶν
1449 1551 1507 1590 ἐπὶ
1523 1554 1572 1604 τῷ
1591 1551 1780 1597 ἀκοντίζειν
1803 1550 1893 1603 μέγα
1912 1550 2142 1603 φρονούντων.
2161 1569 2177 1584 ²·

1723 1629 1784 1665 33.

1280 1701 1388 1738 Idem
1415 1703 1454 1747 I,
1474 1714 1514 1750 p.
1541 1701 1602 1745 18,
1632 1703 1663 1737 A
1697 1714 1704 1735 2
1732 1698 1974 1751 Ἡγήσανδρος
1997 1698 2033 1736 δέ
2062 1713 2181 1751 φησιν,
2201 1697 2280 1744 οὐδὲ

1225 1757 1301 1802 ἔθος
1320 1752 1408 1796 εἶναι
1427 1759 1463 1796 ἐν
1484 1757 1687 1811 Μακεδονία
1705 1756 1975 1796 κατακλίνεσόαί
1991 1773 2069 1795 τινα
2086 1758 2121 1794 ἐν
2141 1757 2282 1810 δείπνῳ,

1228 1820 1257 1856 εἷ
1279 1817 1328 1868 μή
1350 1833 1399 1860 τις
1420 1816 1484 1862 ἔξω
1504 1817 1609 1855 λίνων
1630 1811 1673 1854 ’ὗν
1700 1815 1916 1862 κεντήσειεν·
1937 1815 2000 1860 ἕως
2019 1817 2055 1854 δὲ
2073 1815 2281 1863 τότεκαθή-

1227 1892 1323 1927 μενοι
1342 1876 1533 1916 ἐδείπνουν.
1556 1876 1762 1928 Κάσανδρος
1777 1880 1871 1927 γοῦν,
1891 1875 1996 1914 πέντε
2012 1875 2072 1914 καὶ
2090 1876 2279 1928 τριάκοντα

1223 1933 1271 1974 ὢν
1290 1937 1391 1983 ἐτων,
1414 1935 1562 1973 ἐδείπνει
1576 1934 1673 1986 παρὰ
1690 1937 1740 1989 τῷ
1759 1935 1867 2007 πατρὶ
1883 1934 2101 1985 καθήμενος,
2123 1937 2160 1973 οὐ
2182 1934 2284 1973 δυνά-

1225 2009 1325 2046 μενος
1343 1993 1382 2032 τὸ
1402 1988 1503 2032 ἀθλον
1525 1994 1725 2041 ἐκτελέσαι,
1743 1992 1869 2045 καίπερ
1886 1994 2038 2046 ἀνδρεῖος
2054 1992 2202 2044 γεγονὼς
2221 1993 2283 2032 καὶ

1224 2052 1370 2103 κυνηγὸς
1386 2052 1527 2103 ἀγαθός.

1224 1317 1356 1355 ἕκαστα
1381 1319 1510 1357 αὐτῶν.

127 2131 2267 2155 ——ffl—-r—-ffi--ss-—Q—

148 2224 306 2257 Metanira
317 2225 482 2265 meretrix,
496 2234 598 2267 quum
611 2226 776 2258 Democles
790 2224 960 2266 parasitus,
974 2223 1163 2265 cognomine

106 2276 289 2318 Lagynion,
315 2286 409 2318 super
433 2278 570 2310 tectorio
589 2287 684 2319 opere
700 2278 868 2319 prolapsus
892 2278 974 2308 esset
995 2290 1002 2307 :
1021 2276 1080 2308 Nil
1101 2277 1165 2307 mi·

105 2338 199 2365 rum,
209 2330 324 2370 inquit,
334 2339 443 2371 quum
455 2332 491 2363 in
504 2331 615 2364 locum
625 2333 656 2363 le
665 2332 851 2363 immiseris
860 2329 918 2362 ubi
931 2329 1061 2361 calculi¹
1069 2331 1161 2361 sunt.

107 2382 219 2414 Eidem
233 2383 265 2414 in
279 2383 495 2425 propinquum
512 2385 666 2416 lectulum
680 2384 856 2416 subsilienti
871 2393 879 2414 ε
894 2385 1003 2423 Cave,
1015 2382 1109 2422 dixit,
1123 2391 1164 2414 ne

107 2442 242 2467 eversus
257 2443 414 2469 corruas.
429 2439 498 2469 Hoc
513 2438 705 2470 memoravit
719 2437 930 2478 Hegesander.

607 2499 665 2531 29.

149 2550 233 2588 Quia
257 2551 355 2583 moris
370 2554 457 2592 erat,
473 2552 636 2592 iecuscula
649 2554 780 2585 omento
801 2553 946 2593 contegi,
963 2551 1165 2592 Hegesauder

107 2602 251 2643 Delphus
269 2604 302 2635 in
318 2605 566 2637 Commentariis
586 2607 714 2646 narrat,
731 2606 922 2638 Metaniram
942 2604 1144 2636 meretricem
1155 2627 1164 2642 ‚

108 2663 210 2694 quum
234 2655 267 2686 in
283 2655 402 2695 opertis
412 2656 583 2696 iecusculis
605 2658 673 2698 ipsa
687 2658 934 2699 pulmunculam
950 2658 1033 2690 esset
1048 2658 1143 2689 nacta
1154 2681 1163 2695 ‚

108 2707 141 2738 ct
160 2705 304 2738 detracto
327 2706 419 2747 adipe
435 2716 507 2740 eam
524 2708 674 2749 vidisset,
691 2710 888 2742 exclamasse
903 2719 912 2740 ε

145 2814 150 2819 ,
180 2778 278 2815 Perii}
289 2783 447 2820 peplorum
464 2791 511 2813 me
523 2784 651 2813 sinuosae
663 2784 749 2821 plicae
761 2784 970 2822 perdiderunt.

587 2862 633 2894 29
652 2869 685 2895 a.

154 2924 358 2967 Ἀποφάρσις,
373 2927 545 2968 meretrix,
561 2929 642 2960 teste
658 2929 872 2969 Hegesandro.

607 2995 665 3028 30.

154 3046 307 3079 Similiter
326 3047 360 3080 in
380 3050 488 3090 Cypro
508 3051 711 3091 Hegesander
729 3051 873 3093 Delphus
897 3052 941 3084 ait
963 3052 1025 3084 coli
1046 3055 1166 3086 Jovem

111 3100 330 3139 εἰλαπιναστὴν
347 3101 574 3144 (epulonem)
591 3105 621 3135 et
642 3105 902 3146 σπλαγχνοτόμον
918 3105 971 3144 (id
991 3107 1059 3146 est,
1075 3109 1168 3139 exlo-

114 3160 195 3184 rum
208 3154 405 3193 sectorem).

607 3206 665 3238 31.

154 3254 280 3295 Argivi,
301 3256 339 3288 ut
362 3256 407 3289 ait
428 3258 627 3299 Hegesander
654 3260 688 3292 in
710 3262 963 3302 commentaris,
990 3262 1082 3303 cujus
1102 3263 1168 3304 ipsa

115 3307 185 3337 hoec
198 3307 274 3338 sunt
291 3307 391 3340 verba
408 3321 416 3341 ε
435 3321 451 3336 «
475 3312 585 3351 Argivi
606 3312 804 3352 symbolam,
832 3307 905 3354 q¹uae
927 3314 968 3346 ad
986 3314 1135 3346 convivia
1150 3323 1168 3346 a

114 3359 374 3420 computantibus
391 3361 567 3404 confertur,
588 3367 653 3405 χῶν
670 3366 851 3406 appellant3
873 3367 1051 3407 portionem
1071 3376 1168 3408 vero,

114 3421 218 3442 «tow.
238 3424 252 3438 n

1695 2184 1709 2192 -
1723 2168 1782 2200 32.

1266 2222 1468 2263 Hegesander
1485 2223 1626 2263 Delphus
1641 2222 1674 2254 in
1685 2231 1723 2254 eo
1737 2222 2051 2255 Commentariorum
2070 2222 2163 2262 libro,
2175 2222 2231 2262 qui
2243 2222 2284 2254 ab

1222 2275 1272 2307 his
1281 2275 1387 2307 verbis
1398 2275 1521 2316 incipit,
1537 2277 1574 2307 In
1589 2276 1721 2316 optima
1730 2274 1931 2315 republica,
1949 2274 2060 2306 scribit
2075 2286 2083 2306 :
2100 2274 2285 2306 «Cottabus
2301 2282 2307 2286 ·

1222 2328 1278 2368 qui
1296 2328 1443 2366 vocatur,
1460 2327 1492 2358 in
1504 2326 1652 2358 convivia
1673 2326 1817 2366 transiit,
1834 2335 1853 2358 a
1871 2325 1986 2358 Siculis
2004 2326 2163 2366 primum,
2184 2327 2220 2357 ut
2237 2326 2283 2357 ait
2305 2316 2313 2324 ’

1224 2377 1448 2418 Dicaearchus,
1465 2378 1681 2410 introductus.
1699 2379 1839 2410 Tantum
1849 2387 1927 2410 vero
1943 2379 2011 2409 erat
2030 2377 2127 2418 hujus
2144 2378 2283 2410 instituti

1223 2430 1385 2472 studium,
1406 2431 1487 2463 utin
1508 2431 1658 2463 convivia
1676 2430 1917 2463 introducerent
1936 2431 2112 2462 certamina
2128 2430 2284 2462 cottabia

1224 2491 1298 2522 quae
1327 2484 1499 2515 vocantur.
1526 2482 1649 2515 Deinde
1676 2483 1808 2522 calices,
1828 2482 1885 2523 qui
1910 2482 2104 2514 videbantur
2120 2482 2161 2514 ad.
2195 2482 2283 2514 hunc

1224 2543 1319 2566 usum
1333 2535 1474 2566 maxime
1487 2543 1555 2567 esse
1572 2534 1696 2573 idonei,
1714 2534 1978 2574 conficiebantur,
1990 2543 2069 2574 quas
2082 2534 2283 2567 collabidas

1225 2591 1353 2618 vocant.
1373 2586 1422 2618 Ad
1449 2587 1536 2627 haec,
1551 2587 1717 2618 conclavia
1745 2587 2014 2619 construebantur
2039 2586 2199 2628 rotunda;
2227 2589 2283 2627 ut,

1226 2638 1355 2670 cottabo
1372 2638 1404 2670 in
1420 2638 1526 2671 medio
1540 2638 1660 2679 posito,
1675 2647 1786 2670 omnes
1799 2648 1838 2670 ex
1852 2648 1946 2679 aequo
1959 2639 2130 2671 intervallo
2144 2641 2175 2670 et
2188 2639 2285 2671 simili

1226 2700 1264 2723 ex
1275 2690 1413 2723 statione
1431 2692 1561 2732 possent
1574 2690 1614 2722 de
1628 2690 1763 2722 victoria
1776 2691 1982 2723 contendere.
2004 2693 2071 2724 Nec
2083 2691 2167 2723 enim
2182 2691 2213 2722 id
2235 2700 2285 2723 so·

1226 2745 1295 2776 lum
1312 2745 1400 2776 omni
1415 2745 1522 2777 studio
1536 2743 1797 2783 comitabantur,
1819 2745 1854 2776 ut
1868 2753 2002 2784 scopum
2019 2744 2162 2783 ferirent,
2179 2743 2234 2775 sed
2252 2744 2285 2775 et

1225 2797 1262 2827 ut
1283 2796 1444 2836 eleganter
1463 2790 1584 2828 'omnia
1614 2798 1812 2836 peragerent.
1845 2796 2021 2836 Oportebat
2045 2797 2131 2828 enim
2154 2797 2283 2829 sinistro

1226 2847 1335 2878 cubito
1349 2848 1522 2879 subnixum
1533 2871 1542 2888 ,
1557 2847 1671 2880 dextra
1684 2856 1782 2879 manu
1794 2847 1933 2881 molliter
1945 2847 1977 2878 in
1991 2848 2102 2879 orbem
2116 2856 2282 2886 conversa,

1227 2898 1381 2938 projicere
1407 2899 1560 2939 lalaqem
1586 2908 1596 2929 .·
1614 2899 1660 2930 sic
1677 2898 1763 2930 enim
1782 2898 1940 2930 vocabant
1968 2898 2126 2939 liquorem
2147 2908 2164 2931 e
2184 2900 2284 2931 calice

1227 2951 1405 2990 projectum
1419 2963 1427 2982 ι
1443 2951 1487 2981 ita
1494 2950 1626 2990 quidem
1637 2951 1675 2981 ut
1685 2950 1832 2982 nonnulli
1845 2951 1949 2982 multo
1962 2951 2062 2991 magis
2072 2951 2114 2983 ob
2127 2950 2283 2991 ejusmodi

1225 3000 1449 3032 dexteritatem
1463 3010 1560 3042 quam
1577 3001 1630 3033 alii
1647 3001 1689 3033 ob
1702 3001 1865 3042 jaculandi
1879 3002 2026 3043 peritiam
2039 3003 2251 3043 superbirent.
2265 3015 2280 3029 n

1736 3057 1794 3089 33.

1271 3110 1472 3151 Hegesander
1484 3111 1614 3151 scribit,
1628 3121 1687 3144 usu
1699 3114 1862 3153 receptum
1875 3113 1970 3145 fuisse
1980 3113 2066 3154 apud
2080 3113 2280 3150 Macedones,

1230 3163 1267 3194 ut
1290 3162 1320 3194 in
1345 3172 1436 3195 coena
1460 3172 1557 3196 nemo
1578 3166 1806 3206 accumberet,
1820 3166 1879 3198 nisi
1897 3166 1953 3206 qui
1967 3175 2081 3206 aprum
2098 3167 2187 3198 extra
2205 3166 2282 3197 retia

1227 3215 1440 3248 interemisset
1461 3229 1468 3248 :
1492 3217 1549 3257 qui
1566 3217 1596 3249 id
1623 3227 1687 3250 non
1713 3219 1878 3259 fecissent,
1897 3220 1954 3251 hos
1970 3219 2114 3251 sedentes
2128 3227 2280 3250 coenasse.

1228 3267 1330 3309 Igitur
1346 3268 1581 3310 cassandrum,
1607 3278 1708 3302 annos
1727 3270 1793 3310 jam
1816 3272 1960 3311 quinque
1974 3280 2071 3312 supra
2086 3270 2215 3311 triginta
2228 3279 2281 3301 na·

1229 3322 1299 3352 tum
1311 3344 1321 3361 ‚
1353 3321 1518 3354 sedentem
1536 3323 1710 3355 coenavisse
1736 3333 1810 3355 cum
1827 3326 1935 3365 patre,
1961 3324 2047 3365 quod
2064 3323 2205 3354 nondum
2225 3322 2281 3354 de-

1228 3371 1316 3412 fungi
1344 3381 1382 3404 eo
1400 3373 1576 3407 certamine
1603 3375 1779 3415 potuisset,
1803 3376 1950 3416 quamvis
1970 3377 2001 3407 et
2031 3376 2118 3406 fortis
2146 3375 2227 3405 esset
2249 3375 2280 3404 et

1233 3424 1353 3463 peritus
1368 3426 1512 3459 venator.

2129 3486 2173 3511 27.
