2372 3704
179 249 255 284 506

179 333 263 369 δωσι
280 332 392 379 Πηλεῖ
403 331 629 381 Φιλομήλαν.
647 331 719 371 Καὶ
739 332 846 376 οὕτως
858 334 1092 385 ἐπεκράτησεν
1108 338 1130 382 ἣ
1148 335 1215 389 φή-

178 405 226 439 μη
241 419 251 438 ,
273 389 325 427 ὅτι
342 388 403 435 τὴν
432 389 538 428 Θέτιν
570 388 690 441 ἔγημε.
704 393 854 428 ‘Eadem
872 394 1043 431 Eudocia
1066 408 1107 444 p.
1127 397 1216 434 226.

176 451 348 485 Musurus
365 450 443 486 haec
458 451 643 490 transtulit
658 451 698 485 in
713 451 829 489 schol.
842 452 966 487 Aldin.
982 454 1092 491 Arist.
1111 454 1212 492 Nub.

181 509 293 551 1064.

679 566 701 602 3

228 635 353 672 Schol.
370 635 478 671 Iliad.
497 635 546 681 Π,
571 634 641 680 175
673 647 682 672 ε
709 634 773 672 Ἐκ
791 633 879 678 τίνος
896 635 1035 682 Πηλεὺς
1054 636 1217 676 Πολυδώ-

177 706 239 742 ραν
259 690 383 742 ἔσχεν;
402 693 448 734 ὡς
468 690 529 741 μὲν
548 691 728 743 Στάφυλος
747 693 780 730 ἐν
795 695 838 743 τῇ
854 693 885 742 γ’
910 694 977 743 (al.
995 693 1048 745 ς’)
1070 697 1215 733 Θεσσα-

175 750 295 796 λικῶν,
314 749 348 793 ἐξ
364 749 556 800 Εὐρυδίκης
567 752 627 794 τ’ῆς
643 748 805 801 Ἄκτορος
819 751 994 804 θυγατρός
1010 752 1212 803 Φερεκύδης

176 807 211 844 δὲ
227 806 260 851 ἐξ
274 807 475 858 Ἀντιγόνης
497 810 556 853 τῆς
574 807 811 859 Εὐρυτίωνος,
834 808 933 846 ἄλλοι
955 808 1126 861 (Σουΐδας
1145 813 1212 862 D.)

177 864 212 903 δὲ
227 866 265 903 ἐκ
279 865 505 915 Λαοδαμείας
523 868 585 912 τῆς
601 865 849 916 Ἀλκμαίωνος.

678 947 715 985 li.

227 1011 506 1059 Harpocration
526 1022 535 1048 z
561 1008 734 1047 Πενέσται
753 1009 849 1061 παρὰ
860 1010 1052 1054 Θετταλοῖς
1064 1012 1213 1049 καλοῦν-

172 1082 231 1104 ται
260 1066 359 1119 οἵπερ
382 1067 478 1119 παρὰ
501 1067 787 1116 Λακεδαιμονίοις
808 1067 996 1112 Εἵλωτες...
1018 1068 1214 1107 Διείλεκται

173 1125 210 1163 δὲ
230 1125 308 1178 περὶ
335 1127 447 1163 αὐτῶν
462 1125 518 1163 ἐπὶ
534 1125 637 1163 πλέον
654 1126 836 1178 Στάφυλος
853 1130 888 1165 ἐν
900 1130 941 1178 τῇ
959 1127 991 1178 γ’
1009 1127 1099 1179 Περὶ
1117 1130 1212 1167 Θετ-

171 1185 299 1222 ταλῶν.
312 1185 364 1222 Οὐ
387 1183 488 1234 μόνον
523 1183 558 1221 δὲ
579 1184 700 1227 αὐτοὺς
722 1184 896 1229 Πενέστας
908 1186 1088 1224 καλεῖσθαί
1106 1201 1211 1238 φησι,

174 1241 266 1279 ἀλλὰ
288 1241 347 1279 καὶ
363 1242 653 1286 Θετταλοικέτας.
671 1246 744 1280 Pro
762 1242 793 1294 γ’
814 1245 902 1281 cod.
918 1248 964 1284 A.
977 1246 1093 1282 habet
1106 1243 1152 1284 δ’.
1165 1267 1213 1273 -

171 1300 447 1344 Θετταλοικέτας
482 1303 569 1339 cod.
607 1305 656 1349 B,
682 1303 918 1346 Θετταλικάς,
935 1306 983 1342 D.
1006 1307 1063 1341 De
1088 1317 1129 1341 re
1160 1305 1208 1341 cf.

171 1362 303 1411 fragm.
319 1362 538 1398 Philocratis
558 1370 595 1398 et
613 1364 759 1400 Muller.
783 1365 871 1400 Dor.
894 1364 943 1409 II,
963 1376 1002 1412 p.
1022 1363 1086 1400 66.

221 1508 444 1555 Argument.
473 1508 562 1543 Eur.
588 1507 728 1544 Medeae
762 1520 770 1543 z
794 1505 975 1558 Στάφυλος
1003 1507 1039 1544 δέ
1054 1522 1138 1559 φησι
1153 1507 1211 1545 τὸν

169 1561 311 1600 Ἰάσονα
341 1562 470 1614 τρόπον
501 1562 577 1600 τινὰ
605 1563 750 1610 ὑπὸτῆς
778 1563 937 1610 Μηδείας
972 1565 1208 1616 ἀναιρεθῆναι·

170 1621 440 1670 ἐγκελεύσασθαι
460 1620 525 1672 γὰρ
546 1620 651 1667 αὐτὴν
677 1622 744 1659 ὑπὸ
763 1625 805 1674 τῇ
828 1621 968 1674 πρύμνῃ
992 1626 1052 1669 τῆς
1072 1623 1210 1674 Ἀργοῦς

170 1678 274 1716 αὐτὸν
290 1682 611 1730 κατακοιμηθῆναι,
629 1680 822 1729 μελλούσης
840 1683 901 1727 τῆς
914 1680 996 1724 νεὼς
1007 1681 1208 1719 διαλύεσθαι

167 1737 235 1775 ὑπὸ
255 1743 314 1776 τοῦ
331 1738 476 1791 χρόνου·
512 1738 744 1786 ἐπιπεσούσης
777 1743 859 1790 γοῦν
886 1742 947 1786 τ’ῆς
982 1738 1138 1792 πρύμνης
1163 1743 1211 1793 τῷ

168 1796 315 1845 Ἰάσονι,
336 1798 541 1844 τελευτῆσαι
557 1797 673 1838 αὐτόν.

476 1908 622 1946 ΠΕΡΙ
651 1907 911 1946 ΑΘΗΝΩΝ.

497 2012 524 2046 Ε
541 2012 690 2047 LIBRO
710 2011 878 2049 PRIMO.

666 2091 705 2127 6.

919 246 1174 287 STAPHYLI
1203 249 1550 292 NAUCRlTATAE
1562 281 1573 303 ,

1279 338 1331 377 σὶν
1361 337 1484 383 οὕτως·
1513 358 1529 374 κ
1550 339 1635 379 Ἐὰν
1655 340 1692 379 δέ
1707 357 1758 385 τις
1780 345 1823 395 τῇ
1850 342 1974 399 Ἀθηνᾷ
1999 345 2062 397 θύῃ
2092 349 2185 399 βοῦν,
2205 349 2313 401 ἀναγ·

1278 397 1375 436 καῖόν
1396 400 1469 436 ἐστι
1493 398 1553 437 καὶ
1576 402 1620 450 τῇ
1643 400 1836 454 Πανδρόσῳ
1865 401 1954 440 θύειν
1979 403 2045 454 ὄϊν,
2070 405 2129 443 καὶ
2160 407 2315 446 ἐκαλεῖτο

1277 455 1316 493 τὸ
1332 459 1426 506 θῦμα
1447 457 1614 496 ἐπίδοιον.
1651 476 1668 492 υ
1691 458 1842 510 Ὁμοίως
1861 460 1921 499 καὶ
1939 462 2119 515 Στάφυλος
2142 466 2176 502 ἐν
2197 465 2229 503 α’
2246 467 2314 504 τῶν

1278 514 1367 567 Περὶ
1386 514 1545 561 Ἀθηνῶν.

1604 604 1725 643 ΠΕΡΙ
1753 605 1993 646 ΑΙΟΛΕΩΝ.

1780 712 1814 744 7.

1330 770 1610 817 Harpocration
1632 784 1672 809 v.
1701 771 1858 824 Προναία
1878 787 1887 810 :
1916 773 2133 824 Ὠνομάζετό
2151 792 2202 821 τις
2217 779 2314 832 παρὰ

1276 825 1420 875 Δελφοῖς
1442 825 1565 873 Ἀθηνᾶ
1584 829 1741 879 Προναία
1762 829 1818 867 διὰ
1851 830 1890 869 τὸ
1924 831 1992 883 πρὸ
2017 836 2078 871 τοῦ
2108 837 2190 872 ναοῦ
2211 836 2311 888 ἱδρῦ-

1277 885 1369 923 σθαι,
1404 882 1547 931 Ταύτην
1568 884 1604 923 δὲ
1631 885 1814 938 Ἡρόδοτος
1839 889 1874 926 ἐν
1897 892 1940 942 τῇ
1961 889 1994 938 η’
2015 891 2067 944 (c.
2094 893 2188 944 135)
2209 895 2314 947 Προ-

1277 940 1376 986 νηΐην
1407 942 1582 992 ὀνομάζει.
1611 943 1834 997 Ἱστορήκασι
1860 946 1895 985 δὲ
1917 949 1997 1002 περὶ
2017 951 2123 998 αὐτῆς
2154 951 2252 990 ἄλλοι
2276 969 2314 992 τε

1277 999 1336 1037 καὶ
1351 1000 1530 1052 Στάφυλος
1547 1003 1580 1040 ἐν
1597 1005 1646 1055 τῷ
1664 1004 1752 1056 Περὶ
1766 1005 1935 1046 Αἰολέων.

1330 1059 1488 1110 Προναία
1509 1061 1596 1098 cod.
1620 1064 1668 1099 D.
1689 1062 1842 1114 Πρόνοια
1859 1066 1988 1106 ceteri,

1583 1167 1707 1205 ΠΕΡΙ
1744 1167 1999 1210 ΑΡΚΑΔΩΝ.

1327 1334 1458 1369 Sextus
1475 1335 1685 1383 Empiricus
1701 1336 1743 1374 C.
1757 1338 1872 1375 math.
1882 1350 1920 1389 p.
1938 1337 2041 1384 51,E
2058 1338 2262 1392 εΣτάφυλος
2273 1339 2311 1379 δὲ

1275 1391 1308 1426 ἐν
1328 1393 1378 1441 τῷ
1398 1390 1486 1442 Περὶ
1505 1391 1681 1444 Ἀρκάδων
1701 1395 1771 1443 (sc.
1795 1393 2001 1441 Ἀσκληπιὸν
2027 1399 2307 1448 κεκεραυνῶσθαι

1273 1446 1384 1499 λέγει)
1401 1477 1412 1498 ‚
1433 1447 1485 1486 ὅτι
1508 1448 1714 1488 Ἱππόλυτον
1733 1451 1942 1502 ἐθεράπευσε
1961 1453 2129 1506 φεύγοντα
2148 1457 2187 1493 ἐκ
2205 1456 2310 1507 Τροι-

1274 1507 1392 1553 ζῆνος,
1424 1506 1515 1544 κατὰ
1543 1507 1605 1551 τὰς
1637 1510 1922 1561 παραδεδομένας
1950 1511 2026 1549 κατ’
2046 1513 2152 1550 αὐτοῦ
2183 1514 2218 1550 ἐν
2240 1518 2313 1557 τοῖς

1273 1564 1569 1616 τραγῳδουμένοις
1598 1565 1730 1618 φήμας.
1752 1567 1943 1621 Φύλαρχος
1963 1568 1998 1606 δὲ
2021 1569 2093 1620 (fr.
2117 1568 2185 1623 17)
2204 1571 2284 1610 κτλ.

1678 1674 1902 1711 INCERTA.

1768 1773 1806 1808 9.

1327 1833 1527 1870 Athenaeus
1546 1835 1598 1879 ΙΙ,
1615 1848 1656 1883 p.
1681 1834 1729 1878 45
1741 1863 1750 1881 ‚
1769 1836 1811 1874 C:
1833 1833 2014 1887 Στάφυλος
2029 1835 2066 1873 δέ
2077 1836 2233 1888 φησιτὴν
2249 1841 2309 1877 τοῦ

1273 1888 1363 1927 οἴνου
1375 1890 1459 1942 πρὸς
1475 1891 1514 1928 τὸ
1533 1890 1625 1943 ὕδωρ
1637 1897 1759 1943 κρᾶσιν
1781 1892 2004 1942 Μελάμποδα
2020 1896 2157 1946 πρῶτον
2178 1897 2303 1949 εὑρεῖν.

1763 1981 1821 2005 ιο.

1325 2043 1440 2080 Clem.
1452 2043 1511 2081 Al.
1527 2045 1652 2080 Protr.
1668 2057 1701 2080 c.
1717 2057 1755 2090 2,
1770 2057 1811 2094 p.
1829 2057 1843 2080 1
1855 2058 1890 2090 1,
1901 2057 1949 2081 20
1958 2046 2062 2094 Sylb.
2078 2044 2127 2098 (1,
2141 2046 2189 2084 32
2202 2047 2306 2098 Kl.):

1273 2099 1515 2150 Ἀγαμέμνονα
1534 2105 1615 2151 γοῦν
1631 2116 1707 2139 τινα
1727 2101 1794 2141 Δία
1813 2103 1848 2139 ἐν
1859 2102 2007 2155 Σπάρτῃ
2027 2107 2196 2154 τιμᾶσθαι
2209 2105 2304 2146 Στά-

217 2159 501 2207 Harpocration
518 2170 527 2196 ε
547 2156 773 2198 Ἐπίὸοιον...
792 2158 991 2210 Φιλόχορος
1011 2159 1044 2196 ἓν
1071 2158 1103 2210 β’
1131 2173 1207 2210 φη-
1271 2160 1375 2211 φυλος
1394 2161 1539 2211 ἱστορεῖ.

672 2282 704 2314 3.

204 2358 253 2387 Ex
268 2363 407 2396 quanam
418 2354 550 2386 muliere
563 2354 675 2386 Peleus
690 2355 884 2396 Polydoram
900 2355 1061 2396 suscepit?
1079 2356 1120 2386 Ut
1133 2356 1206 2387 Sta-

162 2408 277 2448 phylus
289 2408 334 2439 ait
347 2408 440 2439 tertio
454 2407 708 2439 Thessalicorum
718 2431 727 2446 ,
755 2417 795 2438 ex
812 2408 971 2448 Eurydice
986 2408 1111 2440 Actoris
1124 2408 1203 2448 filia3

162 2459 338 2491 secundum
353 2459 566 2499 Pherecydem
577 2484 585 2499 ‚
598 2469 639 2491 ex
650 2461 806 2500 Antigona
818 2461 998 2500 Eurytionis
1014 2460 1096 2502 filia3
1109 2461 1205 2494 suida

161 2514 305 2552 auctore,
314 2521 352 2544 ex
366 2512 539 2544 Laodamia
555 2513 746 2545 Alcmaeonis
761 2512 837 2544 filia.

665 2596 700 2628 4.

203 2665 345 2696 Penestae
358 2664 442 2705 apud
456 2664 622 2697 Thessalos
641 2666 809 2709 yocantilr,
823 2663 878 2703 qui
897 2663 980 2703 apud
1000 2663 1203 2695 Lacedaemo·

160 2717 229 2749 nios
245 2717 444 2757 appellantur
461 2717 598 2748 Helotes.
625 2717 737 2748 Fusius
755 2716 794 2747 de
807 2716 845 2747 iis
866 2715 1013 2747 disseruit
1035 2716 1204 2756 Staphylus

162 2769 240 2800 libro
256 2769 347 2800 tertio
371 2771 416 2800 De
430 2769 606 2807 Thessalis3
626 2776 685 2800 nec
711 2767 816 2799 solum
844 2769 989 2798 Penestas
1001 2790 1009 2806 ,
1035 2766 1091 2799 sed
1107 2767 1203 2798 etiam

160 2821 408 2852 Thessaloecetas
420 2821 527 2852 vocari
543 2820 597 2852 ait.

662 2899 697 2930 5.

202 2969 374 3010 Staphylus
391 2969 435 3000 ait
446 2971 588 3000 Iasonem
609 2967 848 3008 quodammodo
861 2975 880 2998 a
893 2966 1002 2998 Medea
1013 2974 1081 2998 esse
1096 2966 1194 2997 inter·

160 3021 291 3052 sectum.
304 3022 383 3052 Nam
393 3020 520 3059 jussisse
533 3028 603 3051 eam
613 3020 672 3051 suh
693 3019 790 3059 puppi
812 3019 915 3057 Argus
933 3019 1022 3049 navis
1036 3026 1111 3049 eum
1129 3017 1201 3048 dor-

160 3072 258 3111 mire,
272 3080 373 3112 quum
399 3072 488 3103 navis
502 3080 566 3110 prae
580 3071 741 3102 vetustate
758 3070 824 3110 jam
841 3069 1073 3101 dissolveretur.
1087 3069 1200 3109 ltaque

158 3131 265 3164 puppe
277 3123 310 3154 in
325 3124 469 3154 Iasonem
482 3121 647 3153 decidente
662 3122 864 3153 intersectum
880 3129 957 3152 esse.

519 3219 584 3256 DE
603 3218 838 3256 ATHENIS.

661 3318 695 3350 6.

201 3390 407 3423 Philochorus
418 3389 499 3420 libro
509 3388 649 3420 secundo
665 3398 672 3419 z
687 3400 702 3415 «
714 3388 745 3420 Si
758 3388 841 3428 quis,
853 3389 909 3427 ait,
922 3388 1071 3420 Minervae
1082 3387 1195 3418 bovem

159 3444 294 3483 mactat,
308 3440 519 3474 necessarium
533 3441 579 3472 est
594 3439 678 3472 idem
691 3440 785 3472 etiam
802 3440 960 3471 Pandroso
973 3447 1067 3471 ovem
1079 3438 1196 3470 sacrifi-

1267 2271 1335 2307 cet,
1361 2270 1459 2310 atque
1476 2269 1652 2302 vocabatur
1663 2270 1726 2302 hoc
1744 2271 1935 2302 sacrificium
1958 2271 2109 2304 ἑπίὸοιον.
2123 2284 2141 2301 ν
2158 2273 2310 2308 Similiter

1266 2320 1435 2361 Staphylus
1450 2330 1580 2362 quoque
1592 2321 1690 2353 tradit
1703 2321 1784 2353 libro
1800 2321 1903 2362 primo
1916 2324 1964 2354 De
1981 2322 2122 2356 Athenis.

1617 2408 1685 2447 DE
1713 2395 1962 2448 AEOLIBU‘S.

1770 2495 1806 2526 7.

1306 2560 1491 2592 Vocabatur
1517 2560 1664 2601 quaedam
1692 2561 1776 2601 apud
1810 2561 1950 2602 Delphos
1978 2561 2120 2594 Minerva
2152 2563 2304 2605 Pronaea,

1265 2611 1351 2651 quod
1364 2614 1438 2643 ante
1450 2612 1605 2652 templum
1615 2613 1801 2644 consecrata
1819 2615 1914 2644 esset.
1930 2613 2021 2644 Hanc
2033 2613 2213 2646 Herodotus
2224 2614 2307 2647 libro

1265 2664 1379 2694 octavo
1396 2664 1548 2703 Προνηῐην
1562 2663 1710 2703 appellat.
1734 2665 1957 2703 Exposuerunt
1978 2663 2019 2696 de
2033 2672 2070 2696 ea
2093 2666 2209 2704 praeter
2227 2666 2305 2698 alios

1264 2714 1434 2754 Staphylus
1446 2715 1478 2745 iu
1494 2714 1575 2746 libro
1592 2716 1638 2746 De
1654 2714 1808 2747 AEolibus.

1587 2808 1652 2846 DE
1681 2806 1977 2846 ARCADIBUS.

1763 2891 1798 2923 8.

1303 2956 1476 2996 Staphylus
1491 2956 1523 2987 in
1537 2955 1617 2987 libro
1631 2958 1678 2987 De
1701 2954 1877 2987 Arcadibus
1890 2953 2107 2994 AEsculapium
2132 2953 2223 2986 Jovis
2238 2954 2300 2987 rul-

1261 3008 1345 3038 miue
1358 3007 1455 3038 ictum
1475 3016 1543 3038 esse
1558 3007 1635 3038 dicit
1652 3008 1818 3046 propterea
1831 3005 1918 3046 quod
1940 3004 2144 3045 Hippolytum
2160 3005 2234 3038 vitae
2252 3014 2300 3038 re·

1260 3059 1398 3090 stituerit
1410 3067 1447 3090 ex
1461 3060 1613 3090 Troezene
1629 3057 1799 3097 fugientem
1809 3081 1818 3096 ‚
1834 3058 1870 3088 ut
1885 3056 1924 3088 de
1940 3065 1977 3089 eo
1990 3057 2073 3088 sama
2089 3056 2241 3089 traditum
2253 3059 2300 3090 est

1259 3111 1291 3142 in
1301 3110 1493 3151 argumentis
1505 3109 1743 3149 tragoediarum.
1754 3159 1776 3191 9

1300 3226 1472 3267 Staphylus
1485 3224 1529 3256 ait
1547 3224 1611 3256 vini
1628 3232 1711 3264 aqua
1728 3223 1927 3265 temperandi
1949 3225 2051 3255 artem
2065 3230 2084 3254 a
2100 3221 2300 3263 Melampode

1257 3279 1418 3311 inventam
1435 3285 1512 3309 esse.
1748 3320 1792 3352 10

1297 3386 1565 3423 Agamemnonem
1587 3379 1745 3422 quendam
1762 3382 1876 3413 ,Iovem
1900 3378 2130 3412 Lacedaemone
2145 3376 2207 3409 coli
2224 3376 2295 3408 sta-

1256 3435 1370 3477 phylus
1379 3436 1495 3467 narrat.
