2372 3704
173 215 248 247 658

171 310 274 344 νυμος
293 294 474 347 ἵστόρησεν
489 322 498 340 ,
515 295 548 331 ἐν
566 297 608 346 τῇ
626 292 842 332 Ναὸαταίων
860 292 962 345 χώρᾳ
976 294 1043 329 τῶν
1058 291 1216 344 Ἀράὸων

171 347 258 390 εἶναι
279 353 405 403 λίμνην
420 351 568 403 πικρὰν,
591 355 624 390 ἐν
641 347 664 404 ἧ
684 350 762 392 οὔτε
782 353 878 403 ἰχθῦς
899 350 976 389 οὔτε
993 350 1079 389 ἄλλο
1096 366 1130 389 τι
1149 353 1216 388 τῶν

171 411 319 463 ἐνύδρων
340 411 435 456 ζώων
456 411 630 461 γίνεσθαι,
645 411 823 463 ἀσφάλτου
837 410 872 447 δὲ
889 409 1048 452 πλίνθους
1065 409 1098 453 ἐξ
1113 411 1218 455 αὐτῆς

172 471 329 523 αἴρεσθαι
349 470 415 508 ὑπὸ
431 472 499 508 τῶν
514 470 722 522 ἐπιχωρίων.
745 473 830 519 Ipse
845 471 1098 518 Hieronymus
1117 471 1218 505 lacus

174 531 285 577 hujus
299 531 478 566 custodiae
487 530 684 578 praefectus
701 530 783 567 fuit.
802 529 895 566 Vide
909 529 1070 565 Diodor.
1088 529 1215 575 (XIX,

176 604 245 626 100
262 603 346 638 sqq.
365 589 397 640 )‚
421 591 487 638 qui
507 590 736 625 uberrimam
761 588 839 635 ejus
869 589 942 637 (ex
963 587 1216 635 Hieronymo)

171 649 277 685 dedit
297 649 602 698 descriptionem.

226 707 319 756 Pag.
345 708 433 751 461.
460 729 511 734 --
533 706 624 742 Post
650 706 859 754 fragmenta
879 705 1103 751 Hieronymi
1123 704 1217 740 Car-

133 774 148 783 *
175 767 278 802 diani
294 767 430 806 vellem
448 767 679 801 mentionem
699 764 905 811 injecissem
923 764 1116 798 Stratoclis
1132 773 1214 796 ora-

171 826 276 869 toris,
292 825 434 873 quippe
452 825 517 871 qui
529 824 641 859 etiam
654 823 830 858 historica
840 821 1012 870 quaedam
1026 820 1218 868 scripsisse

169 882 332 928 videtur,
356 881 667 930 quandoquidem
684 881 816 916 Cicero
837 882 941 916 Brut.
961 892 997 916 0.
1023 891 1038 914 1
1051 892 1064 914 1
1089 879 1218 913 :Hunc

176 941 471 980 Themistoclem,
499 940 634 987 inquit,
658 942 720 974 isu'
747 938 810 986 (sc.
834 938 1044 975 Clitarchus
1064 944 1100 972 et·
1120 937 1219 972 Stra-

171 1000 297 1046 tocles)
315 1004 430 1043 (ciunt,
452 1011 562 1046 quum
578 1006 723 1032 taurum
737 998 1014 1039 immolavisset,
1032 997 1218 1042 excepisse

169 1062 388 1104 sanguinem
398 1065 551 1105 patera,
578 1064 613 1091 et
632 1069 672 1091 eo
687 1064 776 1104 poto
803 1063 981 1090 mortuum
1001 1053 1216 1089 concidisse.

170 1117 278 1150 Hauc
291 1120 389 1150 cuim
409 1123 560 1150 mortem
575 1114 756 1149 rhetorice
776 1123 811 1149 et
828 1117 971 1160 tragice
995 1124 1128 1148 ornare
1138 1124 1218 1158 po-

170 1181 334 1217 tuerunt;
362 1175 431 1209 illa
459 1186 555 1208 mors
589 1172 767 1221 (qualem
795 1171 1037 1218 Thucydides
1066 1166 1218 1219 narrat)

170 1234 340 1279 vulgaris
362 1234 504 1267 nullam
525 1232 723 1279 proebebat
741 1234 940 1266 materiam
966 1230 1214 1264 adornatum.

174 1290 230 1326 Cf.
253 1291 430 1326 Clitarchi
461 1290 594 1338 fragm.
617 1291 655 1324 in
675 1290 819 1337 scriptt.
839 1291 929 1326 Rer.
956 1289 1060 1324 Alex.
1089 1301 1129 1336 p.
1154 1287 1216 1333 76.

168 1351 226 1385 De
247 1351 432 1385 Stratocle
454 1356 605 1384 oratore
625 1349 769 1396 vilique
788 1349 968 1395 Antigoni
985 1354 1021 1383 et
1039 1348 1221 1383 Demetrii

173 1409 397 1444 Poliorcetae
428 1408 625 1444 adulatore
656 1421 692 1444 v.
724 1407 926 1442 Ruhnken.
960 1406 1008 1441 ad
1036 1406 1221 1441 Rutilium

171 1469 270 1514 Lup.
290 1469 322 1512 I,
346 1480 392 1514 93
424 1468 704 1503 VVestermann.
730 1465 860 1502 Gcsclz.
889 1466 958 1500 der
981 1477 1037 1512 gr.
1067 1465 1218 1499 Bereds.

170 1524 285 1573 §54³
305 1529 368 1567 24.
395 1539 467 1571 72,
495 1538 538 1560 12
561 1538 645 1572 sqq.

224 1582 317 1632 Pag.
341 1584 431 1628 462,
450 1584 612 1618 Proxeni
627 1583 674 1618 fr.
700 1581 720 1618 5
736 1595 774 1619 a.
791 1603 844 1609 —
857 1582 982 1617 Schol.
999 1583 1129 1617 Venet.
1146 1582 1222 1616 Eu·-

171 1643 245 1689 rip.
266 1642 452 1679 Androm.
471 1646 536 1688 24,
557 1642 604 1677 (10
619 1642 756 1688 Pyrrhi
770 1642 933 1689 Epirotae
948 1640 1088 1676 liberis.
1103 1641 1222 1686 Quem

171 1701 297 1735 locum
316 1701 404 1736 vide
423 1702 463 1736 in
479 1700 694 1748 Lysimachi
708 1700 753 1736 fr.
775 1700 842 1743 13,
863 1706 952 1734 toni.
974 1699 1051 1742 111,
1070 1711 1110 1746 p.
1130 1698 1220 1733 338.

225 1758 316 1808 Pag.
337 1760 424 1803 363,
445 1759 494 1794 ad
517 1760 563 1796 fr.
594 1773 630 1805 7.
655 1780 706 1785 —-
729 1758 870 1794 Eadem
899 1758 910 1807 (
930 1771 975 1794 ex
1004 1758 1222 1805 Stephano)

169 1818 286 1853 habes
307 1830 367 1866 ap.
386 1820 555 1853 Tzetzem
573 1818 612 1852 in
627 1818 747 1854 schol.
773 1817 821 1852 ad
838 1816 1012 1864 Thucyd.
1037 1818 1101 1861 Vl,
1126 1821 1162 1858 4.
1187 1815 1222 1852 3.

174 1877 272 1912 Vide
288 1876 475 1912 Addenda
496 1876 544 1911 ad
565 1877 751 1911 IIellanici
769 1876 815 1914 fr,
841 1884 928 1918 104.

228 1935 321 1984 pag.
343 1934 417 1978 465
433 1963 442 1979 ,
462 1935 508 1971 fr.
530 1937 553 1972 5
569 1948 607 1972 (1.
629 1957 681 1962 —
694 1937 738 1970 In
751 1935 876 1971 latinis
897 1947 969 1983 pro
985 1935 1223 1971 Deucalion&

164 1995 259 2043 filia
281 1996 361 2043 lege
381 2007 389 2031 :
407 1995 650 2029 Deucalionis
664 2007 791 2029 uxore.

229 2051 320 2100 Pag.
355 2051 446 2097 465,
478 2052 602 2088 Suidae
633 2052 680 2090 fr.
701 2055 723 2090 5
751 2054 785 2090 b.
804 2073 856 2079 —
873 2052 1000 2089 schol.
1033 2055 1161 2090 Venet.
1185 2053 1222 2087 in

177 2113 308 2159 Eurip.
330 2112 517 2148 Androm.
546 2111 609 2156 18,
641 2111 687 2147 de
717 2113 828 2147 Peleo
846 2124 931 2147 cum
953 2111 1110 2147 Thetide
1131 2124 1224 2147 con-

173 2183 298 2217 gresso
319 2183 364 2206 eo
384 2171 470 2217 loco
485 2197 494 2214 ‚
516 2171 582 2218 qui
602 2170 820 2206 Thetidium
841 2178 1012 2208 vocatur.
1035 2170 1129 2207 Vide
1147 2171 1222 2207 Ad-

174 2228 300 2264 denda
320 2229 366 2264 ad
385 2229 614 2277 Pherecydis
633 2229 679 2264 sr.
706 2230 764 2267 16.

228 2289 289 2323 Fr.
316 2287 336 2323 5
353 2301 384 2326 c.
405 2310 458 2315 —
472 2289 599 2326 Schol.
621 2290 666 2326 Il.
686 2303 732 2334 π,
761 2288 831 2335 175
857 2302 865 2324 ε
886 2286 952 2327 Ἐκ
971 2287 1061 2330 τίνος
1083 2286 1223 2334 Πηλεὺς

177 2343 389 2396 Πολυδώραν
410 2344 534 2396 ἔσχεν,
567 2348 611 2389 ὣς
634 2345 694 2396 μὲν
716 2345 899 2398 Στάφυλός
919 2361 1021 2398 φησιν
1041 2347 1082 2397 ’ἐν
1114 2348 1158 2398 τῇ
1183 2345 1216 2383 α’

891 206 1134 245 ADDENDA
1164 206 1228 244 ET
1264 205 1595 246 CORRIGENDA

1279 292 1289 345 (
1307 295 1332 331 l.
1353 291 1409 340 ς’,
1426 294 1459 330 ἐν
1480 295 1523 343 υῇ
1541 291 1572 343 γ’
1592 294 1672 329 sch.
1694 293 1848 341 Didym.
1869 291 1880 342 )
1902 291 2132 330 Θεσσαλικῶν
2153 289 2187 335 ἐξ
2208 291 2324 344 Εὔρυ-

1278 351 1374 397 δίκης
1393 354 1454 397 τ’ἦς
1474 349 1637 403 Ἄκτορος
1660 349 1839 401 θυγατρός·
1873 348 2077 400 Φερεκύδης
2093 347 2129 386 δὲ
2149 350 2221 398 (fr.
2257 362 2320 397 17,

1276 424 1317 459 p.
1340 411 1387 458 73
1405 410 1414 461 )
1433 409 1466 454 ἐξ
1495 408 1691 460 Ἀντιγόνης
1721 411 1783 454 τῆς
1806 407 2022 459 Εὐρυτίωνος
2035 437 2045 456 ,
2068 406 2167 444 ἄλλοι
2187 405 2323 457 (Σουΐ-

1278 469 1337 511 δας
1363 470 1449 506 cod.
1466 471 1560 506 Ven.
1580 469 1590 516 )
1617 466 1652 504 δὲ
1672 468 1711 504 ἐκ
1742 465 1967 516 Λαοδαμείας
1986 469 2046 512 τῆς
2066 463 2317 514 Ἀλκμαίωνος.

1332 526 1422 576 Pag.
1444 526 1518 569 482
1535 556 1544 571 ,
1563 527 1610 564 fr.
1633 526 1700 572 52,
1716 526 1784 563 lin.
1808 539 1846 565 2.
1865 547 1916 554 -
1935 528 1980 562 111
1998 527 2065 562 lat.
2085 525 2290 574 legendum
2312 537 2324 562 t

1277 587 1497 632 Examya...
1544 585 1786 620 leelidarum
1828 597 1901 633 pro
1942 585 2162 630 Examyo...
2201 582 2327 619 Thesi-

1277 646 1423 681 (larum.

1331 701 1425 750 Pag,
1448 701 1539 748 487,
1562 701 1607 736 fr.
1646 699 1693 746 76
1714 701 1780 738 lin.
1808 700 1879 738 ult.
1906 719 1954 727 —-
1972 699 2073 748 Lege
2103 712 2112 735 :
2148 699 2328 736 Herodor.

1270 759 1331 807 fr.
1355 759 1418 795 28.

1333 817 1428 866 Pag.
1454 817 1526 860 504
1550 830 1588 860 a,
1607 817 1676 854 lin.
1699 829 1759 854 11.
1782 836 1836 844 —
1864 817 1938 852 Pro
1960 815 2035 859 243
2067 815 2149 864 lege

1281 877 1429 913 Ibidem
1444 876 1527 912 dele
1546 882 1676 911 notam
1696 874 1745 910 ad
1759 874 1808 912 fr.
1831 886 1872 910 11
1896 886 1936 912 a.

1332 937 1423 987 Pag.
1448 937 1537 986 509.
1556 958 1607 963 -
1627 937 1673 972 In
1688 948 1822 985 regum
1838 935 1966 972 tabula
1990 935 2245 973 Senecharibo
2265 934 2332 972 ad-

1279 997 1411 1045 scripti
1427 1003 1513 1032 sunt
1530 995 1619 1031 anni
1637 995 1682 1030 81
1697 1008 1706 1039 ;
1730 996 1812 1043 lege
1828 1006 1892 1032 an.
1916 993 1979 1033 18.

1333 1053 1427 1102 Pag.
1467 1053 1555 1099 510,
1589 1053 1635 1089 fr.
1670 1065 1718 1089 22
1742 1054 1811 1091 lin.
1845 1055 1885 1090 5.
1905 1074 1956 1080 —
1974 1054 2104 1102 Lege:
2129 1051 2334 1089 CCCCX&

1279 1125 1350 1162 pro
1374 1113 1542 1150 CCCXC.

1333 1176 1426 1227 Pag.
1448 1175 1524 1213 520
1553 1177 1590 1226 b,
1610 1177 1678 1212 lin.
1705 1175 1770 1212 25.
1789 1197 1838 1203 —-
1855 1176 1930 1211 Pro
1957 1187 1966 1212 ε
1991 1175 2226 1223 Quamquam
2241 1175 2332 1210 Βω-

1280 1237 1414 1272 οᾸ·Ῐιὶα.1-
1431 1249 1472 1284 p.
1496 1235 1587 1273 36...
1608 1243 1745 1279 censet,
1772 1235 1855 1283 lege
1879 1247 1886 1269 ε
1909 1234 2146 1282 Quamquam
2163 1234 2336 1269 nonnulli

1283 1293 1294 1344 (
1310 1307 1348 1330 v.
1362 1293 1561 1330 Boecklztus
1570 1306 1612 1341 p.
1632 1293 1679 1329 36
1694 1294 1750 1342 )...
1770 1287 1930 1331 censent.

1334 1352 1429 1401 Pag.
1451 1351 1541 1397 501,
1560 1352 1608 1389 fr.
1627 1365 1665 1398 7,
1687 1353 1755 1389 lin.
1778 1351 1814 1387 3.
1831 1351 2076 1387 -Inlatinis
2085 1349 2239 1386 Eusebii
2253 1349 2336 1399 lege

1286 1411 1445 1447 Ottartoe
1458 1423 1530 1458 pro
1549 1411 1695 1447 Otirtoe.

1336 1468 1427 1518 Pag.
1448 1467 1540 1517 561,
1556 1469 1604 1507 fr.
1620 1468 1682 1515 37,
1695 1469 1762 1504 lin.
1785 1482 1818 1507 1.
1835 1490 1883 1496 —-
1895 1469 1968 1504 Pro
1987 1463 2201 1516 Σταμμένης
2217 1467 2301 1517 lege
2323 1479 2334 1503 ε

1286 1528 1560 1576 Σταμμενεμῆς.
1858 1548 1860 1550 v

1336 1585 1430 1635 Pag.
1453 1586 1525 1632 577
1542 1588 1583 1631 b,
1603 1587 1671 1624 lin.
1692 1599 1727 1625 1.
1755 1606 1801 1612 --
1816 1587 1908 1622 Dele
1922 1598 2057 1622 vocem
2076 1587 2255 1633 suspicor.

1340 1644 1433 1694 Pag.
1458 1644 1532 1681 615
1550 1673 1560 1691 ,
1586 1645 1633 1681 fr.
1665 1658 1709 1680 12
1727 1652 1809 1680 not.
1833 1666 1885 1671 —
1912 1645 2102 1692 Corrupta
2125 1644 2190 1679 illa
2208 1640 2271 1688 τὴν
2300 1640 2336 1680 δὲ

1290 1703 1402 1756 ἀρχὴν
1429 1703 1470 1749 ἣν
1490 1702 1699 1755 ἽΞρμιπτι-ος
1716 1705 1734 1740 ὁ
1752 1701 2016 1754 ἀστρολογικὸς,
2037 1703 2084 1744 ὡς
2097 1703 2114 1738 ὃ
2133 1699 2262 1751 κόσμος
2280 1702 2339 1737 in-

1288 1764 1440 1812 geniose
1472 1763 1686 1799 emendavit
1718 1763 1927 1799 Creuzerus
1959 1763 1999 1798 in
2014 1762 2186 1810 Dionyso
2204 1773 2247 1810 p.
2270 1760 2340 1807 263

1288 1823 1389 1858 hunc
1419 1823 1458 1857 in
1477 1822 1634 1858 modum
1660 1835 1668 1856 z
1699 1818 1772 1866 τὴν.
1792 1818 1827 1857 δὲ
1855 1817 1967 1871 ἀρχὴν
1998 1813 2040 1866 ἦν
2074 1817 2212 1870 Ἑρμοῦ
2243 1816 2341 1862 ἴπνος

1286 1878 1542 1931 ἀστρολογικὸς,
1557 1881 1601 1924 ὡς
1611 1881 1629 1917 ὁ
1649 1895 1685 1920 κ.
1702 1878 1712 1930 (
1725 1897 1740 1914 «
1755 1879 1920 1928 Anfangs
1932 1891 2013 1916 war
2027 1877 2168 1930 (dieses
2181 1877 2341 1928 Gefaess)

1286 1939 1379 1975 aber
1399 1939 1465 1976 des
1491 1942 1651 1976 Hermes
1671 1939 1942 1987 astrologische
1959 1938 2120 1975 Laterne
2141 1933 2315 1987 (Spieg'el
2327 1963 2340 1982 ,

1288 1997 1470 2047 Becher),
1488 2006 1560 2036 010.
1580 1997 1614 2047 ιι)
1629 1998 1750 2046 Quam
1763 1996 2212 2046 conjecturamprobasse
2227 1996 2342 2032 etiam

1286 2057 1535 2092 Toelkensium
1562 2069 1631 2092 nec
1663 2069 1742 2092 non
1761 2055 2143 2104 SchweighaeuSemm
2161 2054 2221 2090 vir
2235 2066 2342 2094 sum-

1285 2127 1367 2150 mus
1384 2122 1513 2151 monet
1533 2116 1572 2150 in
1591 2114 1802 2150 Miiucltner
1822 2113 1989 2151 Gelelzrt.
2007 2115 2200 2160 Anzeigen
2223 2111 2339 2160 1849.

1284 2174 1332 2208 Ν.
1364 2185 1435 2218 172
1452 2200 1461 2217 ,
1484 2186 1525 2221 p.
1551 2172 1624 2215 342
1637 2200 1647 2217 ,
1667 2173 1789 2220 deque
1817 2184 1859 2208 re
1879 2171 2046 2208 conferri
2059 2170 2171 2218 jubet
2188 2169 2342 2215 Symbo-

1287 2230 1338 2265 lik
1356 2232 1405 2276 II,
1429 2244 1470 2279 p.
1495 2243 1567 2278 109
1593 2243 1677 2278 sqq.
1700 2230 1762 2268 ed.
1790 2237 1876 2267 tert.

2168 781 2260 858 234.
2281 835 2332 842 -

1338 2288 1431 2338 Pag.
1457 2289 1520 2334 26,
1542 2290 1589 2327 fr.
1610 2289 1647 2325 8.
1671 2311 1716 2317 —-
1735 2289 1791 2327 Cf.
1814 2295 1895 2327 not.
1917 2287 1966 2325 ad
1982 2288 2154 2326 Ariaethae
2172 2287 2343 2336 Tegeatae

1286 2347 1422 2397 fragm.
1449 2348 1486 2392 5,
1507 2355 1597 2386 10111.
1619 2349 1682 2394 IV,
1701 2360 1738 2397 p.
1758 2341 1847 2396 319.

1127 2506 1399 2523 —406—

1014 2625 1372 2684 VOLUMEN
1412 2627 1503 2681 111.

232 2755 324 2806 Pag.
350 2758 410 2802 26,
429 2757 476 2794 ad
496 2758 541 2794 fr.
575 2771 612 2806 9.
633 2778 683 2785 ——
703 2759 837 2793 Nescio
867 2770 914 2793 an
935 2758 1054 2794 Diniae
1084 2759 1227 2794 mentio

179 2817 292 2851 lateat
312 2817 413 2864 apud
435 2817 589 2852 Suidani
613 2830 650 2852 v.
675 2814 752 2854 οὐδὲ
775 2814 954 2866 ἹΙρακλῆς
976 2815 1060 2867 πρὸς
1082 2815 1164 2864 δύο,
1184 2817 1230 2852 (10

181 2887 258 2921 quo
280 2874 487 2922 proverbio
501 2875 678 2910 laudatur
697 2873 788 2911 Δίων
810 2875 843 2911 ἐν
863 2872 1011 2926 δευτέρῳ
1026 2877 1086 2920 τ’ἧς
1111 2873 1226 2911 δευτέ-

182 2946 242 2982 ρας
260 2929 450 2974 συντάξεως
471 2932 531 2980 (v.
550 2934 709 2968 Dinonis
722 2933 766 2969 fr.
784 2938 820 2978 4,
841 2940 933 2968 tom.
952 2934 1011 2978 ΙΙ,
1024 2947 1062 2982 p.
1081 2946 1130 2982 9ο
1143 2941 1165 2979 ).
1178 2955 1229 2960 -

182 2992 365 3026 Praeterea
390 2992 599 3027 Meinekius
627 2993 666 3026 in
706 2993 800 3028 Hist.
823 2992 908 3027 crit.
940 3005 1039 3027 com.
1074 3004 1114 3040 p.
1138 2990 1228 3037 385,

182 3050 302 3085 Diniae
331 3062 471 3084 nomen
494 3050 755 3098 reponendum
787 3063 863 3086 esse
894 3052 1108 3099 suspicatur
1127 3050 1230 3099 apud

185 3110 354 3146 Cramer.
389 3108 530 3145 Anecd.
551 3111 632 3153 111,
671 3122 710 3156 p.
743 3108 833 3153 351,
864 3109 931 3144 ubi
953 3111 1093 3146 citatur
1109 3107 1231 3151 Αἰνεάς

185 3165 219 3201 ἐν
240 3164 432 3213 Σαμιακοῖς
454 3164 565 3214 λόγοις
584 3178 592 3203 :
613 3167 658 3202 de
680 3180 756 3214 quo
771 3167 858 3202 loco
879 3180 915 3202 v.
939 3175 1020 3203 not.
1043 3169 1091 3205 ad
1105 3169 1231 3205 Aban-

185 3226 247 3262 tis,
263 3224 309 3259 fr.
333 3231 426 3259 tom.
443 3225 513 3269 IV,
530 3237 567 3272 p.
589 3226 678 3271 278.

239 3282 330 3332 Pag.
348 3283 391 3319 31
406 3312 416 3330 ,
434 3282 480 3318 fr.
509 3296 568 3328 17.
589 3305 639 3310 -—
659 3282 800 3334 ἰσχυρὸν
813 3283 946 3334 δίνῃσιν
958 3285 1057 3335 κτλ.]
1076 3287 1233 3334 Egregie

186 3344 286 3378 1111110
304 3343 430 3378 10011111
448 3342 656 3378 emendavit
672 3344 872 3379 Dubnerus
889 3356 992 3380 meus
1006 3346 1041 3379 in
1058 3345 1163 3393 praef.
1185 3345 1233 3381 ad

190 3402 396 3437 Himerium
423 3415 463 3450 p.
484 3413 598 3446 xxvi,
629 3401 694 3436 ubi
715 3402 792 3437 haec
824 3415 830 3436 ε
860 3418 874 3434 «
914 3404 1087 3450 Optimus
1113 3404 1233 3439 codex

1290 2761 1441 2803 Tzetzae‚
1456 2759 1503 2794 de
1520 2771 1596 2805 quo
1613 2757 1788 2806 pluribus
1810 2756 1924 2792 retuli
1941 2756 1981 2791 in
1990 2755 2121 2792 Museo
2137 2754 2340 2798 Rhenano,

1291 2830 1399 2853 versu
1416 2817 1436 2853 3
1459 2824 1560 2852 recte
1588 2815 1710 2867 ἐχθρὸν
1730 2822 1766 2851 01
1788 2812 1806 2850 ὃ
1836 2821 1873 2850 01
1891 2811 2048 2859 τινάξαι,
2077 2826 2112 2849 v.
2134 2818 2156 2858 4
2185 2810 2338 2864 ῥηϊδίως.

1291 2877 1419 2911 Restat
1436 2873 1528 2924 δίνῃς
1543 2876 1657 2925 τῇσιν,
1671 2873 1778 2923 quod
1792 2873 1990 2920 saepissime
2001 2884 2088 2907 cum
2102 2871 2342 2919 diphthongo

1291 2933 1474 2970 scribitur
1507 2930 1912 2976 AEINHICTHICIN‚
1952 2930 1993 2966 id
2035 2937 2092 2966 est
2130 2928 2344 2967 AEINHK-

1291 2992 1494 3030 THlCIN:

1395 3061 1502 3101 ἐχθρὸν
1515 3060 1562 3091 ἀεὶ
1582 3060 1742 3100 νήκτῃσιν·
1761 3059 1778 3090 ὃ
1799 3059 1866 3098 πρὶν
1879 3057 1954 3089 ποσὶ
1973 3059 2075 3099 παῦρα
2089 3056 2208 3094 τινάξαι

1393 3107 1515 3149 ῥηιδίως
1529 3107 1618 3147 ξηρὴν
1636 3107 1751 3145 ἤλασεν
1765 3105 1794 3141 ἐς
1808 3103 1963 3146 ψάμαθον.
1982 3116 1998 3132 ³:

1346 3167 1437 3216 Pag.
1458 3166 1522 3213 53,
1550 3167 1597 3203 fr.
1622 3166 1670 3212 76
1686 3193 1696 3212 ‚
1726 3172 1808 3201 not.
1827 3185 1881 3192 —-
1896 3165 1988 3200 Dele
2008 3163 2123 3200 verba
2143 3163 2344 3199 Dal1‘onem

1294 3235 1418 3262 autem
1435 3229 1581 3261 vixisse
1609 3233 1694 3274 post
1714 3223 1982 3260 Timosthenem
2009 3229 2082 3260 010.
2108 3221 2165 3259 Cf.
2198 3221 2344 3258 Aristo-

1295 3285 1458 3322 creontis
1478 3284 1610 3332 fragm.
1628 3297 1649 3319 2
1663 3311 1672 3328 ,
1697 3290 1789 3319 tom.
1810 3283 1882 3329 IV,
1899 3295 1940 3331 p.
1963 3280 2053 3319 333.
2351 3317 2361 3324 ,

1349 3343 1441 3392 Pag.
1479 3341 1551 3388 54,
1574 3343 1619 3380 sr.
1649 3342 1712 3378 81.
1748 3363 1795 3369 —
1820 3340 1910 3378 Vide
1936 3352 2048 3388 supra
2078 3337 2265 3376 Addenda
2292 3337 2342 3375 ad

1298 3404 1466 3448 10111.11,
1483 3415 1523 3450 p.
1545 3400 1636 3439 615.
