2326 3724
973 241 1302 281 FRAGMENTA.

62 339 218 384 Iotages
229 347 319 385 mgo
335 333 473 371 Euseb.
486 355 539 360 --
550 330 616 369 Ἔν
628 329 671 368 εύ
683 329 705 368 ὃ
716 331 791 369 ουλ
802 344 819 368 ο
831 330 871 380 ς]
895 327 1112 371 Ἔνάὸουλος

63 393 366 443 Scaliger.—E·.’›
377 407 393 429 ε
403 391 508 443 δωρέ
519 405 574 442 σχ
583 390 650 441 ου]
663 389 803 441 Ἀεδωρ.
815 390 1010 438 Scaliger.;
1023 389 1115 424 Ero-

62 453 232 491 danclzus
242 453 377 489 Euseb.
389 453 429 487 in
443 452 572 487 Berosi
584 450 632 488 fr.
648 450 669 486 5
683 461 694 500 3
706 446 933 500 Εὗερώδαχος
945 447 1110 495 Syncell.

64 515 105 550 in
117 512 244 551 Berosi
261 512 308 551 fr.
332 511 372 551 6.
384 532 438 538 —
451 507 554 547 Ἀνώ
566 509 645 560 δαφ
655 522 672 545 ο
683 507 721 558 ς]
737 506 823 546 Ἀνῶ
844 505 961 558 Δᾶφος
974 506 1111 551 G0a1·.;

62 571 225 610 Ὠδᾶκων
244 583 306 620 ap.
333 569 500 618 Syncell.
522 569 561 603 in
580 569 710 603 Berosi
732 567 777 605 fr.
796 568 834 606 6.
862 566 1023 603 Odacon
1036 577 1110 600 sec.

63 631 245 668 Berosum
259 627 376 666 πάντα
393 624 437 664 τὰ
455 624 521 663 ὑπὸ
536 623 683 664 Ὠοίννου
699 624 948 674 κεφαλαιωδῶς
966 621 1114 674 ρηθέντα

67 687 160 726 κατὰ
175 687 278 740 μέρος
297 684 536 737 ἐξηγήσασθαι
557 686 711 722 dicitur.
738 682 827 735 Περι
852 681 997 727 τούτου,
1019 683 1116 730 Syn—

65 749 180 786 cellus
210 747 336 792 addit,
364 742 550 790 Ἀὅυδηνὸς
568 742 665 781 οὐδὲν
690 745 798 780 εἶπεν.
825 762 878 770 —-
905 739 1027 779 Ἄλλοι
1043 738 1115 789 τε]

63 805 166 844 ἄλλοι
185 804 239 844 τοὶ
260 802 299 843 τὲ
319 804 408 841 cod.
425 806 479 849 A3
508 801 609 840 ἄλλοι
627 799 687 839 δύο
712 816 750 838 τε
774 801 941 838 correxit
961 800 1115 847 Anony-

62 879 159 902 mus.
181 887 235 893 -—
252 863 402 902 Ἄλλοι
437 862 556 905 τινὲς
583 862 660 899 κτλ.
680 859 693 914 j
726 861 819 898 Inde
838 861 886 896 ab
915 860 973 895 his
991 859 1116 894 verbis

62 925 195 962 eadem
228 923 408 961 exhibent
443 922 627 958 Eusebius
654 922 694 956 in
723 921 765 959 P.
807 921 848 956 E.
878 932 920 968 p.
952 923 1048 966 414,
1081 919 1115 954 D

68 984 186 1031 (tom.
216 985 274 1028 ΙΙ,
304 995 344 1031 p.
373 981 447 1018 363
481 981 543 1017 ed.
575 980 681 1018 Gsfd.
712 979 722 1028 )
761 993 768 1014 :
806 975 901 1027 Ἐγὼ
935 974 971 1014 δὲ
998 974 1053 1014 σοὶ
1072 973 1115 1012 τὰ

41 1040 47 1043 ’
65 1043 102 1080 Μ
116 1039 252 1087 ηδικὰ
279 1039 358 1078 καὶ
386 1037 599 1090 Ἀσσύρια
617 1036 759 1076 διελθὼν
780 1038 820 1074 ἐκ
840 1038 902 1083 τῆς
922 1034 1113 1081 Ἀὅυδηνοῦ

63 1101 243 1151 γραφῆς...
264 1097 370 1136 τάσδε
397 1100 458 1135 τοῦ
478 1095 599 1148 ἀνδρὸς
617 1094 872 1147 παραθήσομαι
899 1092 961 1136 τὰς
990 1091 1115 1137 λέξεις·

69 1176 84 1190 κ
109 1159 199 1196 Μεθ’
219 1155 257 1195 ὃν
278 1156 379 1195 ἄλλοι
394 1154 482 1198 τινὲς
501 1156 580 1194 κτλ.
601 1163 639 1192 et
655 1155 819 1203 Cyrillus
843 1154 884 1190 C.
912 1154 986 1190 Jul.
1010 1154 1049 1198 1,
1079 1165 1111 1190 1.

65 1217 220 1266 Repetit
235 1224 272 1253 et
292 1215 569 1253 commentario
589 1215 792 1250 illustravit
812 1212 1057 1249 casaubonus
1075 1212 1116 1246 in

64 1278 146 1314 Vet.
162 1276 296 1313 histor.
317 1275 453 1323 fragm.
469 1274 632 1322 select.p
670 1286 689 1319 7
708 1285 792 1321 sqq.
808 1272 857 1308 ad
870 1272 1013 1308 calcem
1026 1270 1116 1321 libri

63 1336 120 1370 De
140 1334 331 1370 emendat.
354 1340 499 1381 tempp.

117 1393 259 1430 Chron.
293 1391 453 1430 Barber.
489 1402 552 1439 ap.
584 1391 674 1425 Mai.
709 1392 810 1426 Vett.
844 1389 992 1437 scriptt.
1021 1400 1113 1423 nov.

65 1452 154 1488 coll.
178 1441 272 1487 tom.
290 1451 401 1495 VIII,
420 1463 461 1498 p.
484 1462 504 1496 7
530 1461 539 1486 :
564 1445 718 1499 Πρώτην
734 1448 859 1484 πασῶν
878 1444 1117 1498 ἀναγράφουσι

64 1509 126 1556 τὴν
141 1506 333 1548 Χαλδαίων
350 1506 529 1559 βασιλείαν
546 1506 664 1558 ἄνδρες
680 1508 715 1544 ἐν
730 1504 911 1543 παιδεύσει
926 1503 1113 1557 γνώριμοι,

65 1567 284 1620 Ἀλέξανδρος
304 1569 323 1605 ὁ
338 1563 561 1618 Πολυΐστωρ,
578 1563 767 1618 Βηρωσσὸς
780 1564 840 1602 καὶ
857 1563 1044 1610 Ἀὅυδηνὸς
1057 1562 1117 1601 καὶ

65 1626 336 1679 Ἀπολλόδωρος.
356 1629 401 1665 V.
418 1627 548 1663 Berosi
566 1626 613 1662 fr.
639 1639 653 1661 1
673 1653 683 1671 ,
706 1633 800 1661 tom.
823 1627 885 1670 11,
905 1638 946 1673 p.
970 1623 1059 1673 498.

569 1748 605 1771 2.

99 1838 302 1876 ‘Eusebius
331 1838 436 1875 Arm.
460 1850 501 1885 p.
524 1849 572 1873 22
594 1837 655 1873 ed.
671 1837 762 1881 Mai,
781 1843 988 1885 postquam
1005 1835 1117 1874 Chal-

66 1899 236 1935 daeorum
248 1898 445 1933 historiam
458 1908 478 1932 e
492 1897 634 1932 Beroso
650 1895 855 1932 Alexandri
870 1896 1119 1943 Polyhistoris

66 1957 236 1993 narravit
254 1956 308 2005 (v.
324 1955 454 1991 Berosi
469 1954 513 1990 fr.
541 1954 632 2001 12),
652 1955 802 2002 pergit:
826 1955 923 2000 Quoe
940 1954 1118 1989 hactenus

65 2018 169 2052 <licta
193 2023 295 2059 sunt,
323 2015 524 2061 Abydenus
551 2017 666 2049 etiam
686 2017 777 2049 satis
794 2021 1061 2049 consentaneus
1081 2017 1119 2049 in

68 2075 333 2113 Chaldaeorum
358 2073 513 2109 historia
536 2076 669 2108 recitat
689 2086 700 2107 .·
723 2085 883 2120 namque
898 2075 1031 2120 etipse
1045 2085 1118 2108 non

66 2134 275 2171 absimilem
295 2132 526 2181 Polyhistori
540 2135 796 2167 narrationem
819 2132 1035 2180 ingreditur.

69 2236 286 2274 ABYDENI
299 2235 366 2271 DE
380 2234 537 2271 PRIMO
550 2233 913 2271 CHALDAEORUM
932 2232 1115 2269 REGNO.

120 2344 176 2378 De
202 2340 463 2378 Chaldaeorum
492 2342 679 2387 sapientia
710 2338 901 2374 hactenus.
945 2340 1034 2374 Jam
1068 2340 1123 2374 ad

69 2402 233 2448 ejusdem
253 2402 415 2449 regionis
437 2399 642 2434 dominium
663 2399 763 2446 quod
779 2401 936 2433 attinet:
955 2402 1118 2446 primum

68 2460 218 2508 quidem
240 2459 396 2494 Alorum
424 2461 635 2504 regnavisse
661 2460 789 2500 aiunt,·
812 2458 859 2492 de
874 2470 943 2505 qno
967 2457 1120 2492 homine

68 2518 168 2554 nihil
180 2517 364 2565 referunt,
379 2525 640 2566 proeterquam
664 2518 765 2565 quod
778 2529 860 2552 eum
870 2518 1120 2565 providentis-

67 2581 179 2614 simus
197 2578 288 2612 deus
307 2578 526 2625 populorum
554 2583 742 2624 pastorem
772 2579 920 2613 creavit.
955 2578 995 2611 Is
1024 2579 1121 2611 saris

69 2638 195 2672 decem
211 2638 445 2672 dominatum
463 2638 591 2670 tenuit.
612 2636 769 2671 Constat
784 2643 907 2670 autem
930 2648 1036 2670 sarus
1052 2648 1120 2670 an·

70 2699 198 2731 nister
210 2696 312 2730 mille
321 2688 522 2737 sea'centis,
544 2707 653 2730 nerus
664 2697 862 2737 sexcentis,
881 2706 999 2728 sossus
1008 2706 1120 2729 sexa·

70 2758 193 2802 ginta.
210 2755 354 2790 Deinde
366 2755 403 2789 A
408 2755 563 2802 laparus
576 2754 790 2792 dominatus
803 2760 855 2788 est
872 2765 882 2786 :
900 2760 975 2787 tam
992 2754 1026 2787 A
1030 2753 1120 2787 lme-

73 2816 133 2850 lon
147 2827 196 2850 ex
209 2815 297 2850 urbe
310 2814 544 2857 Pantibiblis‚
562 2814 629 2848 sub
643 2826 715 2861 quo
730 2813 911 2848 secundus
921 2813 1123 2847 Anidostus

74 2873 173 2922 (sic)
207 2877 304 2909 mari
330 2876 482 2908 emersit
511 2873 634 2908 Oanni
667 2873 824 2917 similis,
858 2875 963 2917 cujus
987 2871 1122 2919 figura

71 2941 155 2968 erat
174 2933 342 2969 semidei.
375 2933 467 2967 Tum
489 2933 711 2974 Ammenon,
753 2939 827 2966 tum
843 2931 1113 2977 Amegalarus,

72 3001 146 3028 tum
161 2994 333 3028 Davonus
349 3001 488 3040 pastor,
519 3005 587 3039 quo
612 2999 795 3038 regnante
817 2998 991 3050 quattuor
1008 2987 1120 3035 bifor-

15 3074 18 3078 ·
72 3061 149 3089 fles
172 3065 193 3088 e
217 3055 313 3087 mari
337 3055 373 3087 in
400 3055 536 3087 siccum
562 3059 677 3086 semet
703 3055 903 3097 ejecerunt,
940 3052 1114 3096 Iotagus,

3 3146 6 3147 γ
38 3110 334 3166 &eugamus‚
358 3109 547 3146 Enebulus
559 3118 598 3146 et
611 3113 868 3146 Anementus:
891 3116 927 3144 et
943 3109 1009 3143 sub
1022 3109 1121 3143 Edo-

18 3182 35 3192 2
64 3169 214 3214 melio,
245 3173 309 3218 qui
329 3177 461 3217 postea
480 3182 539 3216 re„
524 3172 664 3212 enavit,
697 3167 962 3215 A.nodaplzus
959 3179 965 3186 ·
987 3167 1123 3202 deinde

72 3223 125 3264 ἃ
133 3230 202 3264 αἱὶἱ
230 3229 413 3264 dominati
438 3236 525 3263 sunt
543 3229 763 3274 demumque
791 3228 835 3261 X
834 3225 1006 3263 muthrus
1039 3226 1124 3271 Qua

35 3286 289 3332 ”minione
305 3287 496 3323 historicus
507 3287 569 3322 bic
576 3286 807 3333 Polyhistori
820 3292 1009 3320 cons.onat
1033 3286 1122 3319 Tum

39 3343 186 3387 elhm
200 3347 247 3381 de
265 3347 398 3381 diluvio
417 3345 490 3380 bac
506 3349 652 3380 ratione
670 3345 820 3380 scribit:
847 3343 1058 3392 (v.f1.3.)

114 3407 296 3451 ,qutages
332 3412 403 3441 etc.
431 3402 444 3454 j
470 3419 485 3435 α
512 3406 569 3439 Ita
593 3405 631 3438 in
655 3404 824 3451 malgine
853 3401 1016 3447 codicis,
1041 3414 1124 3448 quae

77 3465 232 3500 nomina
250 3465 287 3498 in
316 3471 419 3499 textu
439 3464 570 3512 paullo
595 3464 835 3510 corruptiora
862 3462 1088 3497 exhibentur
1113 3472 1121 3498 :

2140 256 2210 289 281

1175 330 1333 365 Iodocus
1347 337 1383 364 et
1392 331 1599 365 Damosnes
1612 337 1650 365 et
1665 331 1777 365 Bolus
1793 339 1831 365 et
1841 331 2076 368 Anementus.
2093 348 2108 365 υ
2122 334 2219 370 MAI.

1173 409 1226 415 —
1253 403 1268 419 α
1293 386 1385 425 Post
1409 388 1620 425 Erodesclzo
1647 389 1782 424 lacuna
1806 397 1859 425 est
1883 390 1922 425 in
1944 391 2078 428 codice
2110 393 2221 428 unius

1174 447 1403 485 vocabuli.'»
1426 448 1519 483 ΜΔι.

1629 562 1635 567 ,
1679 529 1714 567 3.

1417 620 1637 659 ABYDENI
1665 622 1731 657 DE
1759 621 1983 660 DILUVIO.

1229 718 1367 754 Euseb.
1387 719 1415 756 l.
1431 718 1457 753 l.
1478 730 1487 753 :
1512 719 1659 753 Deinde
1678 719 1747 753 alii
1759 718 1914 766 quidam
1930 718 2112 754 dominati
2127 728 2220 764 sunt,

1177 777 1403 824 tandemque
1429 777 1475 812 X
1473 775 1656 820 isufflras,
1682 779 1743 811 cui
1755 777 1939 824 proedixit
1957 776 2139 812 Saturnus
2158 777 2229 824 fu-

1178 844 1299 871 turam
1330 848 1410 871 esse
1438 833 1608 871 imbrium
1636 838 1784 883 copiam
1813 836 1877 870 die
1902 838 2031 883 quinta
2056 835 2230 885 (decima

1176 898 1305 943 quinta
1322 907 1394 931 sec.
1411 895 1576 942 Syncell.
1599 893 1610 943 )
1629 898 1765 930 mensis
1787 895 1917 929 Daesii
1928 906 1939 938 ,·
1971 896 2228 943 mandavitque

1176 962 1216 989 ut
1235 955 1347 989 libros
1361 966 1488 990 omnes
1516 957 1553 988 in
1569 953 1666 989 Solis
1698 953 1786 988 urbe
1805 954 1951 1001 Siparis
1973 954 2157 988 conderet.
2181 957 2230 990 Ia

1176 1014 1237 1048 ubi
1254 1013 1432 1049 Sisitltrus
1451 1012 1523 1062 (sic
1540 1013 1577 1049 h.
1594 1013 1620 1050 l.
1635 1010 1643 1061 )
1655 1015 1843 1060 proestitit,
1859 1025 2065 1061 parmisque
2081 1015 2180 1048 velis
2192 1017 2230 1048 in

1175 1074 1391 1108 Armeniam
1409 1085 1552 1107 cursum
1569 1072 1724 1115 direxit,
1751 1074 1876 1107 statim
1900 1071 1970 1107 deo
1976 1069 2136 1116 favente
2160 1085 2228 1106 na-

1178 1135 1248 1166 vim
1265 1133 1354 1166 illuc
1366 1133 1527 1180 appulit.
1549 1132 1644 1166 Mox
1660 1133 1763 1165 tertio
1779 1131 1843 1165 die
1858 1143 1968 1178 quum
1986 1131 2159 1166 imbrium
2174 1135 2232 1166 vis

1176 1193 1397 1237 quiesceret,
1416 1193 1518 1225 misit
1530 1202 1614 1224 aves
1630 1191 1773 1236 aliquot
1783 1190 2007 1237 explorandi
2019 1202 2134 1225 causa
2143 1201 2230 1225 num

1178 1250 1286 1283 tellus
1309 1250 1419 1284 undis
1438 1256 1655 1298 emergeret.
1685 1250 1710 1283 I
1711 1249 1775 1283 llae
1798 1251 2015 1283 inunensum
2043 1256 2233 1285 tranantes

1176 1311 1461 1356 continuumque
1486 1316 1524 1343 et
1535 1307 1728 1354 fluctuans
1742 1308 1927 1355 pelagus,
1953 1308 2059 1342 nulla
2083 1310 2232 1343 inventa

1175 1367 1278 1411 sede,
1308 1380 1382 1415 qua
1396 1379 1465 1415 pes
1479 1367 1702 1410 subsisteret,
1726 1366 1781 1401 ad
1792 1366 2105 1412 Sisitlzrumslexo
2125 1379 2232 1402 cursu

1176 1439 1330 1462 reversoe
1359 1434 1456 1462 sunt.
1494 1427 1583 1461 Tres
1612 1426 1749 1461 deinde
1782 1426 1861 1460 dies
1892 1433 2075 1470 moratus,
2111 1427 2232 1463 denuo

1177 1487 1327 1522 easdem
1342 1486 1512 1521 mittebat
1523 1498 1534 1519 :
1547 1497 1631 1533 quoe
1637 1485 1753 1533 pedes
1768 1486 1857 1520 limo
1868 1485 2000 1520 oblitos
2009 1496 2165 1519 reversoe
2178 1498 2232 1521 re·

1181 1545 1355 1580 tulerunt.
1386 1543 1639 1590 Continuoque
1666 1543 1770 1577 illum
1791 1543 1846 1577 dii
1862 1554 1911 1577 ex
1933 1541 2121 1577 hominum
2144 1555 2232 1579 con-

1178 1611 1302 1651 spectu
1318 1603 1543 1651 eripiebant:
1561 1604 1666 1637 navis
1677 1609 1801 1636 autem
1815 1605 1853 1636 in
1866 1603 2046 1636 Armenia
2059 1603 2224 1646 sistebat,

1181 1663 1358 1710 lignoque
1373 1675 1438 1697 suo
1453 1663 1655 1697 salutarem
1681 1661 1867 1696 medelam
1888 1663 2048 1709 regionis
2074 1664 2153 1707 ejus
2175 1664 2233 1696 in*

1180 1723 1271 1757 colis
1302 1721 1516 1758 exhibebat.
1555 1742 1606 1746 —
1636 1721 1761 1767 Atque
1787 1719 1847 1755 his
1879 1732 1964 1767 quoe
1991 1719 2091 1754 (licta
2125 1729 2224 1763 sunt,

1183 1781 1399 1828 Abydenum
1412 1808 1421 1826 ‚
1438 1781 1492 1815 acl
1501 1780 1677 1815 diluvium
1693 1779 1794 1826 quod
1804 1781 1958 1822 attinet,
1974 1791 2055 1813 cum
2076 1778 2233 1815 historia

1179 1841 1419 1875 Hebraeorum
1442 1840 1496 1874 ad
1526 1841 1702 1874 amussim
1734 1850 1950 1885 congruere,
1987 1841 2126 1872 cunctis
2156 1851 2234 1874 esse

1180 1901 1417 1947 eoeploratam
1438 1898 1600 1945 confido.
1627 1899 1717 1933 Jam
1744 1897 1846 1944 quod
1862 1896 1902 1931 lu·
1919 1896 2099 1940 historici,
2122 1905 2234 1943 gente

1182 1959 1302 1993 Groeci
1321 1965 1386 1992 aut
1409 1957 1601 2000 Chaldaei,
1626 1955 1823 1992 Noaclzum
1842 1957 1917 1991 alio
1935 1959 2106 2000 nomine,
2123 1956 2164 1990 id
2179 1964 2235 1991 est

1181 2017 1224 2050 X
1224 2015 1708 2064 isutbrumappellaverint,
1738 2015 1780 2049 id
1794 2015 1941 2062 quidem
1963 2027 2009 2049 ne
2025 2026 2151 2062 quoeso
2170 2018 2234 2049 mi-

1179 2087 1304 2110 remur
1318 2088 1328 2109 :
1345 2079 1502 2122 itemque
1518 2074 1620 2121 quod
1639 2075 1715 2109 Deo
1735 2086 1836 2109 more
1852 2086 1917 2108 suo
1933 2074 2082 2108 deorum
2100 2085 2233 2108 nomen

1180 2137 1442 2182 appinxerint,
1461 2141 1499 2168 et
1515 2133 1723 2168 columbam
1742 2133 1888 2167 silentio
1904 2135 2123 2179 presserint,
2138 2145 2232 2179 pro—

1180 2205 1249 2240 que
1282 2205 1328 2227 ea
1364 2192 1558 2238 indefinite
1591 2204 1676 2226 aves
1705 2191 1888 2233 disrerint3
1919 2190 2019 2234 baec,
2057 2194 2230 2238 inquam,

1181 2264 1407 2300 magnopere
1424 2264 1497 2286 non
1518 2259 1607 2285 sunt
1621 2251 1809 2285 miranda.
1835 2249 1896 2285 Sic
1914 2250 1962 2284 (Ie
1981 2250 2121 2285 diluvio
2137 2250 2235 2296 Aby-

1179 2311 1295 2345 denus
1320 2313 1357 2345 in
1385 2309 1653 2345 Chaldaeorum
1673 2308 1847 2345 historia.
1869 2309 1978 2343 Idem
1998 2316 2037 2343 et
2057 2309 2105 2343 de
2124 2312 2234 2343 turris

1181 2370 1343 2418 aedificio
1374 2372 1617 2417 congruentia
1645 2381 1727 2403 cum
1760 2369 1882 2403 Mosis
1914 2371 2132 2403 narratione
2164 2367 2233 2403 hoc

1174 2437 1291 2478 pacto
1310 2426 1435 2464 scribit
1455 2430 1516 2477 (v.
1535 2427 1582 2466 fr.
1605 2427 1668 2475 6).
1689 2427 1745 2463 Cf.
1768 2427 1897 2462 Berosi
1919 2425 1965 2461 fr.
1991 2439 2027 2472 7.

1691 2533 1727 2570 1,.

1235 2633 1357 2670 Moses
1381 2633 1611 2672 Chorenens.
1633 2624 1671 2677 Ῐ,
1697 2632 1717 2668 3
1742 2645 1749 2666 ι
1778 2633 1835 2666 De
1864 2633 1971 2666 totius
1991 2632 2142 2677 generis
2161 2629 2232 2664 liu-

1182 2697 1285 2729 mani
1310 2694 1482 2731 radice...
1509 2695 1640 2741 paucis
1657 2698 1794 2739 oportet
1814 2691 1977 2725 indicari
1997 2689 2232 2737 quamobrem

1181 2766 1205 2788 a
1221 2756 1339 2788 sacris
1355 2754 1473 2788 literis
1489 2753 1557 2786 alii
1572 2754 1769 2798 scriptores
1787 2749 2013 2784 dissentiant
2022 2761 2036 2791 ‚·
2053 2749 2230 2798 Bet-*osum

1181 2813 1263 2847 dico
1289 2812 1505 2847 historicum
1538 2811 1832 2845 literatissimum
1853 2815 1962 2855 atque
1988 2807 2229 2853 Abydenum;

1182 2879 1250 2906 aut
1273 2883 1339 2905 cur
1370 2874 1448 2918 ipse
1474 2868 1678 2916 Abydenus
1705 2868 1753 2902 de
1783 2870 1928 2913 navigii
1958 2866 2224 2913 aedificatione,

1182 2933 1383 2977 ceterisque
1401 2927 1643 2974 familiarum
1662 2926 1892 2977 principibus
1918 2937 1991 2960 non
2011 2925 2118 2960 modo
2136 2925 2235 2972 quod

1183 2991 1237 3024 ad
1258 2992 1409 3024 nomina
1434 2991 1565 3022 attinet
1584 2994 1621 3021 et
1642 2994 1831 3034 tempora,
1863 2985 1931 3020 sed
1957 2987 2068 3019 etiam
2099 2987 2138 3018 in
2168 2995 2229 3027 ee,

1183 3049 1282 3096 quod
1303 3060 1422 3094 genus
1449 3047 1652 3081 humanum
1675 3046 1724 3080 ab
1744 3045 1876 3080 eadem
1896 3046 2009 3091 stirpe
2029 3055 2101 3077 non
2122 3054 2229 3089 repe-

1184 3114 1278 3144 tant.
1295 3107 1350 3141 De
1363 3118 1409 3141 ea
1425 3118 1464 3140 re
1478 3108 1574 3140 enim
1590 3108 1645 3139 ita
1658 3104 1859 3151 Abydenus
1868 3105 2012 3151 pariter
2021 3114 2066 3136 ac
2079 3103 2203 3135 coeteri
2218 3114 2229 3134 .-

1183 3181 1198 3197 «
1215 3167 1314 3200 Deus
1329 3165 1476 3212 quidem
1486 3164 1831 3213 providentissimus
1843 3169 2032 3210 pastorem
2047 3162 2232 3195 constituit

1184 3236 1264 3259 eum
1286 3231 1321 3258 et
1335 3231 1511 3259 rectorem
1526 3223 1673 3271 populi.
1689 3237 1704 3254 ν
1719 3221 1866 3256 Deinde
1879 3221 1994 3254 dicit:
2016 3235 2031 3249 «
2050 3219 2230 3265 Regnavit

1184 3285 1218 3318 A
1222 3285 1318 3318 lorus
1334 3294 1438 3317 saros
1449 3283 1595 3326 decem,
1612 3284 1675 3329 qui
1688 3292 1805 3315 annos
1818 3279 2013 3323 conficiunt
2030 3276 2186 3324 36,ooo.
2210 3292 2224 3306 υ

1184 3342 1363 3377 Similiter
1386 3341 1440 3375 ad
1466 3342 1588 3376 Noam
1608 3340 1786 3374 diversum
1807 3337 1986 3372 adhibent
2003 3346 2155 3378 nomen,
2184 3346 2229 3367 ac

1186 3409 1328 3448 tempus
1360 3403 1576 3434 immensum
1587 3425 1597 3441 ,
1633 3409 1845 3445 quanquam
1867 3396 1914 3430 de
1943 3404 2121 3441 aquarum
2150 3394 2228 3425 vio-

1188 3461 1303 3494 lentia
1329 3467 1363 3493 et
1383 3467 1491 3493 terrie
1508 3460 1739 3505 corruptione
1756 3467 1836 3489 cum
1862 3456 1978 3488 sacris
2005 3453 2119 3486 literis
2137 3462 2226 3484 con-
