2372 3704
927 250 980 290 IN
1013 243 1286 290 VOLU'MINE
1317 252 1387 290 111.

84 348 161 379 tam
178 341 343 379 secunda
358 354 432 378 usae
447 348 535 378 sunt
549 340 702 377 fortuna
712 368 722 387 ‚
736 349 780 379 ut
797 342 1029 390 posteriores
1042 342 1134 378 scri-

82 408 214 450 ptores
231 414 338 451 paene
358 413 508 448 omnes,
531 407 660 450 spreto
676 400 897 446 Herodoto,
920 401 1048 437 Ctesias
1067 413 1134 436 ve-

83 461 202 509 stigiis
212 461 438 496 insisterent.
457 461 588 507 Neque
600 467 727 495 tamen
741 460 927 495 seriorum
947 460 1134 508 quispiam

81 519 243 568 capitale
259 519 376 564 illud,
394 520 425 555 si
438 518 586 567 fuisset,
605 519 652 555 de
666 519 754 554 Nini
768 519 840 554 situ
859 519 957 555 inter
974 519 1135 555 Ctesiam

80 586 116 616 et
146 578 388 615 Herodotum
423 578 619 614 dissidium
646 578 707 615 vel
733 591 812 614 uno
843 578 963 614 verbo
996 579 1132 626 attigit.

80 638 186 674 Inter
201 638 358 674 comites
373 637 580 673 Alexandri
596 638 789 673 Nearchus
808 637 842 673 ἐν
862 634 1049 687 Παράπλῳ
1073 649 1135 686 ap.

79 697 232 733 Arrian.
248 696 261 733 Ι
266 696 331 733 nd.
350 701 398 740 42
414 697 551 732 Ninum
569 695 618 732 ad
629 697 761 744 Tigrin
776 703 976 734 memorat.
992 695 1137 731 Eodem

80 754 187 791 ducit
206 755 403 792 Diodorus
437 754 585 804 (XVII,
618 753 665 791 53
682 754 716 804 )‚
741 767 852 802 quem
875 755 914 790 in
930 754 1138 791 Alexandri

81 814 237 850 historia
266 815 500 852 Clitarchum
535 815 642 862 sequi
675 820 834 850 constat.
863 815 898 849 Is
926 814 1027 850 enim
1060 815 1135 850 Da-

31 886 56 920 s
79 873 181 908 rium
199 873 295 909 dicit
318 875 513 921 Babylone
540 873 757 921 profectum
776 873 875 908 inter
906 873 1138 921 Euphratem

80 939 119 967 et
134 932 278 981 Tigrim
294 945 363 980 per
379 933 693 980 Mesopotamiam
708 931 944 968 adscendisse
954 961 963 977 ,
978 938 1020 966 ut
1035 943 1135 967 exer-

80 992 199 1027 eitum
217 991 257 1026 in
283 1004 437 1040 campos
468 992 644 1037 duceret,
674 992 743 1039 qui
764 992 864 1027 circa
894 991 1035 1027 Ninum
1065 990 1139 1026 late

79 1057 251 1099 patentes
270 1052 367 1086 aciei
397 1050 633 1099 explicandae
653 1050 893 1086 accommodi
911 1056 1053 1096 essent,
1076 1061 1138 1085 ca-

79 1118 234 1159 straque
244 1111 292 1147 ad
303 1111 443 1147 Arbela
455 1111 621 1159 posuisse
632 1139 642 1156 ‚
653 1110 721 1145 ubi
732 1110 909 1158 proelium
923 1116 1140 1157 exspectans

79 1170 218 1206 milites
252 1170 492 1207 exercuisset.
530 1169 598 1204 His
631 1168 730 1205 adde
770 1168 996 1204 Strabonem
1031 1167 1137 1212 XVI,

81 1241 119 1278 p.
145 1228 221 1273 738
243 1236 280 1264 et
298 1229 464 1264 Plinium
480 1229 530 1265 VI
545 1255 555 1273 ,
580 1227 625 1263 13
647 1234 685 1263 et
704 1228 769 1274 qui
786 1228 926 1263 Ninum
945 1226 1140 1262 recentio-

80 1299 164 1324 rem
182 1295 414 1333 memorant,
431 1288 602 1323 Tacitum
615 1288 686 1322 An.
699 1286 794 1331 XII,
817 1285 879 1333 13,
898 1285 1141 1321 Ptolemaeum

83 1347 133 1383 vl
146 1373 156 1391 ‚
194 1359 208 1381 1
226 1373 236 1392 ,
266 1347 530 1382 Marcellinum
550 1346 703 1389 XXIII,
737 1345 759 1380 6
792 1352 829 1381 et
856 1358 902 1390 ·7‚
932 1345 1141 1392 Theopha-

83 1416 172 1440 nem
191 1405 225 1453 Ι,
246 1417 286 1453 p.
326 1409 426 1453 494,
459 1405 671 1442 Cedrenum
698 1406 731 1450 Ι,
754 1417 795 1453 p.
824 1403 898 1449 730
925 1403 986 1440 ed.
1015 1404 1138 1440 Bonn.

83 1462 218 1512 (Quos
253 1464 360 1499 locos
387 1463 477 1499 vide
511 1475 574 1512 ap.
598 1462 744 1500 Hoefer.
767 1463 937 1498 Premier
967 1463 1143 1496 me'moire

82 1534 148 1558 sur·
168 1523 221 1557 les
239 1525 365 1558 ruines
379 1523 428 1557 de
457 1523 607 1558 Ninive.
636 1522 724 1557 Par.
750 1519 866 1558 1850.
899 1520 1008 1555 Mitto
1026 1520 1142 1555 aiium

82 1580 213 1617 locum
233 1581 445 1618 Marcellini
477 1581 583 1629 xlv,
614 1579 654 1625 8,
683 1593 717 1626 7,
748 1580 878 1616 collat.
914 1579 1142 1614 Philostrato

83 1642 126 1678 V.
152 1641 224 1689 Ap.
248 1640 282 1685 1,
304 1639 340 1685 3,
360 1639 428 1675 ubi
441 1640 659 1688 Hieropolis
669 1637 761 1674 urbs
779 1634 892 1674 Vetus
911 1639 1034 1674 Ninus
1051 1649 1144 1671 nun-

83 1706 257 1748 cupatur.
284 1700 380 1735 Nam
405 1699 485 1734 haec
502 1698 551 1734 ad
577 1706 746 1734 nostram
772 1698 1019 1745 quaestionem
1048 1696 1143 1731 nihil

86 1759 292 1806 pertinent.
310 1756 337 1806 ).
360 1778 414 1785 —
432 1759 476 1792 In
500 1757 575 1793 hoc
595 1758 713 1805 igitur
733 1763 930 1792 auctorum
956 1762 1144 1791 concentu

85 1827 164 1853 una
195 1817 348 1852 dissona
380 1829 457 1851 vox
491 1816 675 1861 Diodori,
714 1828 799 1863 quae
813 1843 822 1860 ‚
854 1817 885 1850 si
912 1813 1143 1850 numeranda

85 1882 173 1911 sunt
190 1876 424 1919 testimonia,
439 1875 586 1909 minimi
600 1882 675 1919 est,
698 1875 756 1909 sin
769 1881 870 1909 recte
880 1872 1142 1922 ponderanda,

84 1934 227 1969 nullius
245 1934 358 1982 plane
378 1934 576 1968 momenti.
599 1935 656 1968 De
676 1932 825 1968 duabus
852 1932 1017 1979 denique
1037 1931 1143 1966 urbi-

85 1992 178 2038 bus,
198 2005 360 2040 quarum
383 1993 501 2027 altera
520 2005 540 2026 a
557 1993 657 2028 Nino
680 1992 727 2028 ad
748 1992 1000 2040 Euphratem,
1029 1991 1144 2026 altera

84 2059 172 2100 post
191 2052 377 2087 Arbacem
397 2051 554 2087 condita
582 2052 630 2087 sit
644 2079 654 2097 ,
686 2051 814 2086 sanior
836 2050 952 2086 hodie
979 2050 1144 2098 cogitare

85 2111 232 2158 nequit.
254 2111 350 2145 Nam
371 2109 471 2145 istud
490 2109 681 2156 majorum
701 2116 922 2145 nostrorum
951 2121 1144 2144 commen—

87 2176 168 2204 tum
198 2168 246 2204 de
268 2168 421 2204 duobus
446 2170 688 2216 Assyriorum
708 2169 878 2218 imperiis
892 2196 901 2213 ‚
923 2180 999 2215 quo
1031 2168 1143 2202 chro-

87 2228 332 2276 nologiarum
350 2227 624 2276 discrepantias
643 2227 930 2275 componendas
951 2238 1028 2262 esse
1056 2239 1143 2262 cen-

87 2288 200 2323 seban
207 2295 231 2333 t,
248 2287 417 2323 severior
430 2288 535 2322 crisis
549 2287 696 2329 dudum
708 2287 939 2334 repudiavit.
964 2286 1145 2321 Praeterea

87 2346 300 2382 cavendum
320 2353 394 2390 est,
420 2358 469 2381 ne
488 2346 621 2381 in·hac
642 2345 905 2393 disquisitione
932 2345 1144 2380 Lucianum

90 2413 224 2441 testem
254 2405 506 2451 advocemus;
539 2405 580 2440 id
609 2404 716 2452 quod
737 2405 828 2439 olim
855 2404 1010 2439 incauto
1027 2404 1143 2448 mihi,

89 2464 165 2514 (ad
193 2465 240 2503 fr.
265 2465 392 2500 Ctesiae
408 2477 448 2512 p.
478 2463 521 2500 15
540 2463 550 2512 )
567 2491 578 2510 ,
608 2464 720 2499 sicuti
742 2463 867 2512 nuper
898 2462 1053 2498 Hoefero
1073 2464 1098 2501 l.
1117 2464 1142 2498 l.

87 2523 242 2559 accidit.
268 2524 416 2558 Etenim
439 2524 477 2558 in
498 2523 688 2559 Charonte
708 2523 861 2571 dialogo
885 2535 917 2559 e.
943 2522 990 2558 23
1004 2551 1014 2570 ,
1034 2535 1147 2570 quem

90 2583 194 2618 circa
208 2595 269 2620 an.
294 2580 366 2627 547
391 2594 425 2617 a.
449 2581 492 2620 C.
513 2581 523 2630 (
543 2594 620 2629 quo
638 2589 809 2629 tempore
831 2580 1046 2628 Othryades
1061 2594 1148 2617 con-

88 2649 148 2678 tra
164 2642 324 2690 Argivos
339 2642 543 2689 pugnavit,
574 2654 607 2676 c.
631 2646 679 2684 24
702 2642 788 2679 coll.
808 2653 841 2677 c.
862 2638 909 2690 8)
936 2641 1148 2676 institutum

89 2713 166 2737 esse
187 2701 377 2737 Lucianus
391 2699 500 2748 fingit
511 2728 521 2745 ,
540 2701 750 2735 Mercurius
763 2700 809 2735 de
823 2712 948 2735 rerum
963 2699 1145 2735 humana-

89 2772 175 2796 rum
202 2760 368 2794 vanitate
393 2765 431 2794 et
450 2759 712 2794 imbecillitate
733 2758 850 2794 verba
870 2757 1024 2802 faciens,
1049 2758 1149 2793 inter

90 2819 164 2855 alia
188 2818 373 2854 docturus
393 2824 447 2853 est
474 2817 571 2864 ipsas
590 2818 700 2853 etiarn
714 2817 827 2852 urbes
846 2817 1026 2852 maximas
1045 2817 1148 2852 haud

92 2889 200 2913 secus
228 2888 343 2924 quam
362 2877 529 2925 singulos
548 2876 722 2911 homines
742 2877 848 2924 quasi
879 2876 1011 2911 emori.
1037 2877 1082 2910 In
1102 2888 1147 2911 eo

89 2936 205 2984 igitur
226 2942 448 2984 argumento
465 2947 635 2980 versans,
653 2937 673 2979 ἡ
691 2933 794 2975 Νίνος
812 2932 895 2983 μὲν,
912 2935 1046 2982 inquit,
1064 2933 1147 2970 ἀπό-

90 2994 203 3031 λωλεν
224 2993 294 3040 ἤδη
308 3021 318 3039 ,
341 2991 401 3030 καὶ
431 2991 508 3029 οὐδὲ
534 2991 629 3043 ἴχνος
650 2991 700 3029 ἔτι
723 2992 844 3030 λοιπὸν
875 2993 994 3038 αὐτῆς·
1014 2992 1085 3029 οὐδ’
1106 2991 1146 3029 ἂν

92 3051 200 3094 εἴποις
214 3049 300 3089 ὅπου
321 3052 397 3089 ποτ’
418 3044 476 3097 ἦν.
497 3054 585 3088 Haec
606 3065 699 3088 vero
717 3054 747 3089 si
767 3053 850 3100 quis
865 3052 1057 3100 putaverit
1070 3065 1147 3086 non

93 3112 285 3148 dicturum
299 3111 410 3146 fuisse
426 3112 657 3159 Lucianum,
678 3112 749 3147 nisi
769 3111 891 3159 probe
910 3117 1146 3157 compertum

92 3171 300 3215 habuisset,
320 3181 450 3217 reapse
470 3171 664 3218 sexaginta
683 3176 771 3217 post
791 3169 1024 3204 eversionem
1041 3168 1147 3202 annis

92 3241 141 3266 ne
159 3229 359 3277 vestigium
374 3226 529 3275 quidem
543 3227 646 3263 urbis
665 3227 825 3275 ingentis
838 3226 1063 3274 superfuisse
1077 3237 1146 3260 nec

95 3287 144 3323 de
166 3288 239 3322 situ
258 3286 338 3333 ejus
367 3285 528 3332 amplius
560 3286 791 3329 constitisse,
827 3284 925 3319 adeo
944 3291 987 3318 ut
1009 3290 1146 3318 cuncta

94 3353 223 3381 nostra
235 3346 467 3392 antiquitatis
480 3344 610 3380 dehac
619 3356 661 3379 re
675 3343 891 3379 testimonia
904 3343 1015 3377 meris
1023 3342 1144 3376 nitan-

96 3412 159 3440 tur
175 3403 404 3450 conjecturis
428 3417 435 3439 :
468 3405 520 3447 is,
539 3404 717 3450 inquam,
747 3402 885 3436 mirum
916 3401 956 3435 in
988 3400 1144 3435 modum

96 3464 266 3500 Luciano
297 3462 530 3509 abuteretur,
553 3468 665 3513 atque
693 3461 818 3496 verbis
841 3473 859 3494 a
883 3460 1039 3500 rhetore
1062 3458 1148 3494 fusis

2164 263 2240 296 663

1195 341 1379 389 majorem
1389 355 1502 390 quam
1511 343 1560 390 jej
1567 356 1647 379 unae
1659 345 1823 381 historiae
1837 347 1914 381 vim
1931 347 2135 392 tribueret,
2152 361 2246 396 prae-

1195 402 1323 436 sertim
1347 414 1464 449 quum
1481 403 1566 438 satis
1583 403 1736 439 abunde
1756 412 1919 450 constet,
1936 413 2075 452 quanta
2088 407 2247 442 Luciani

1197 459 1294 494 circa
1316 460 1567 507 geographica
1586 466 1622 496 et
1651 461 1831 498 historica
1850 463 1896 497 sit
1926 463 2066 499 levitas.
2094 465 2175 511 Sic,
2205 472 2249 500 ut

1196 529 1314 552 unuln
1334 517 1525 565 proferam
1540 544 1550 562 ,
1583 519 1694 553 simili
1721 519 1838 553 modo
1863 532 1906 555 ac
1926 521 2139 566 Diodorus,
2172 524 2250 558 Eu-

1195 576 1370 624 phratem
1388 589 1474 612 cum
1503 577 1657 625 Tigride
1677 577 1895 623 confundit,
1924 579 2039 626 idque
2067 581 2145 628 ipse
2172 583 2249 617 Eu-

1197 634 1406 684 phratensis
1422 637 1552 672 homo.
1572 638 1719 672 'Etenim
1733 637 1941 673 Seleuciam
1953 666 1962 682 ‚
1977 639 2111 674 urbem
2126 641 2249 687 Baby-

1199 694 1310 730 loniae
1346 696 1458 744 longe
1490 695 1777 731 celeberrimam
1791 725 1802 745 ,
1833 709 1911 732 non
1941 709 2062 744 prope
2085 699 2247 746 Tigrim,

1198 753 1263 789 sed
1295 753 1343 789 ad
1364 754 1594 801 Euphratem
1616 754 1810 789 conditam
1830 767 1905 790 esse
1935 755 2051 791 refert
2080 754 2162 803 (De
2182 756 2251 792 dea

1199 813 1283 860 Syr.
1318 826 1350 850 c.
1388 812 1432 848 18
1451 812 1475 856 “).
1507 814 1592 859 Quo
1627 813 1721 860 quid
1745 813 1822 848 dici
1849 815 1977 862 potuit
2011 815 2248 850 oscitantius!

1200 871 1259 906 Sic
1293 870 1403 907 flocci
1434 871 1523 907 facit
1552 871 1748 907 historiam
1769 873 1807 907 in
1841 874 2132 921 Icaromenippo
2145 901 2153 916 ‚
2185 874 2253 908 ubi

1200 930 1336 966 eodem
1353 932 1536 979 temporis
1552 938 1746 967 momento
1766 932 1930 967 evenisse
1950 932 2042 967 dicit
2056 945 2138 980 quae
2160 932 2253 968 dua-

1199 1002 1284 1024 rum
1303 989 1381 1025 fere
1401 991 1688 1038 generationum
1710 990 1911 1025 intervallo
1938 998 2109 1039 separata
2130 999 2250 1028 erant.

1201 1048 1274 1084 Sed
1290 1061 1337 1083 ne
1354 1049 1600 1084 immoremur
1622 1049 1677 1084 rei
1700 1047 1923 1098 profligatae.
1944 1051 2040 1086 Nam
2060 1051 2118 1086 vel
2141 1051 2165 1085 ii
2186 1051 2252 1098 qui

1201 1114 1286 1154 post
1299 1106 1526 1143 Dahlmanni
1543 1106 1555 1156 (
1569 1107 1830 1154 Forsclztmgen
1847 1110 1879 1152 Ι,
1896 1121 1936 1156 p.
1961 1108 2077 1154 12-37
2094 1109 2104 1156 )
2118 1109 2165 1144 de
2178 1111 2252 1145 Lu-

1202 1166 1310 1202 ciano
1320 1165 1507 1212 judicium
1520 1167 1649 1214 paullo
1662 1167 1822 1202 severius
1838 1168 1934 1203 tueri
1952 1174 2147 1202 auctorem
2165 1167 2252 1203 data

1203 1236 1319 1272 opera
1340 1224 1588 1268 studuerunt,
1612 1225 1774 1273 ingenue
1802 1232 1926 1261 tamen
1954 1225 2119 1261 fatentur
2148 1238 2250 1270 eum,

1202 1290 1336 1331 utpote
1355 1291 1521 1331 poetam,
1538 1284 1702 1319 historiae
1719 1285 1915 1320 veritatem
1928 1297 2063 1332 parum
2079 1297 2224 1328 curasse
2241 1313 2251 1329 ‚

1204 1354 1362 1390 eamque
1377 1355 1447 1390 pro
1466 1355 1506 1378 re
1522 1350 1608 1378 nata
1625 1343 1783 1390 poeticis
1792 1344 1865 1378 suis
1874 1344 1934 1378 vei
1944 1344 2141 1379 rhetoricis
2157 1355 2249 1379 con-

1202 1402 1291 1436 siliis
1300 1401 1616 1438 accommodasse.
1632 1403 1692 1448 (V.
1703 1403 1866 1450 Kriiger.
1881 1402 1966 1439 Leb.
1979 1403 2014 1438 d.
2027 1402 2139 1438 Thac.
2151 1415 2189 1450 p.
2209 1415 2251 1438 12

1206 1471 1290 1506 sqq.
1310 1460 1467 1507 Heysius
1481 1459 1618 1506 Quaest.
1637 1459 1782 1496 Herod.
1800 1472 1835 1507 p.
1852 1459 1897 1505 37
1910 1460 2127 1507 sqq.)Nihil
2140 1462 2255 1509 igitur

1208 1518 1348 1553 mirum
1369 1518 1565 1553 rhetorem
1586 1518 1712 1553 dicere
1730 1519 1818 1553 Nini
1837 1519 1942 1554 urbis
1960 1531 2007 1554 ne
2026 1520 2255 1554 levissimum

1208 1577 1360 1625 quidem
1374 1577 1573 1625 vestigium
1593 1577 1681 1624 Cyri
1701 1577 1935 1624 temporibus
1951 1577 2189 1625 superfuisse.
2210 1578 2255 1613 Id

1205 1637 1305 1671 enim
1326 1635 1374 1671 ad
1398 1648 1441 1671 ea
1458 1648 1540 1683 quae
1561 1635 1727 1683 probare
1745 1636 1865 1671 voluit
1884 1637 2006 1683 aptius
2026 1643 2123 1681 erat,
2143 1649 2255 1684 quam

1207 1695 1237 1730 si
1258 1707 1344 1730 cum
1371 1694 1544 1730 Diodore
1565 1695 1642 1744 (ΙΙ,
1666 1694 1703 1739 8,
1730 1694 1776 1743 3)
1799 1701 2038 1730 memorasset
2056 1695 2144 1730 Nini
2160 1696 2257 1743 regis

1206 1754 1414 1798 tumulum,
1435 1766 1653 1801 quanquam
1670 1766 1797 1789 eversa
1812 1753 1925 1798 urbe,
1943 1753 2065 1788 adhuc
2081 1755 2256 1801 supersti-

1207 1820 1281 1848 tem
1297 1813 1354 1849 vel
1370 1813 1399 1848 si
1415 1814 1535 1848 simile
1555 1812 1814 1860 Sardanapalli
1829 1818 2118 1847 monumentum
2134 1819 2257 1847 osten-

1206 1872 1318 1907 disset
1330 1900 1339 1916 ,
1355 1872 1461 1919 quod
1475 1870 1682 1907 Alexandri
1701 1872 1857 1919 aequales
1870 1870 2047 1906 viderunt
2073 1871 2256 1906 Choerilus

1205 1931 1362 1967 Iasensis
1380 1937 1417 1966 et
1435 1932 1624 1978 AmyntaS.

1258 1988 1349 2037 Pag.
1369 1987 1458 2037 359,
1481 1989 1508 2025 l.
1528 2001 1566 2036 9.
1586 2010 1637 2015 ——
1653 1985 1743 2025 Τόδε
1763 1991 1846 2036 μοι]
1864 1985 1940 2024 τόδε
1959 1985 2027 2037 [δέ]
2045 2001 2102 2034 μοι
2117 1987 2251 2022 Feder.

1206 2055 1242 2084 et
1254 2049 1425 2084 Diibner.
1450 2069 1499 2074 -—
1519 2048 1544 2084 1.
1571 2049 1630 2084 13.
1652 2060 1705 2083 σοι
1726 2045 1883 2096 ἐπῆλθε]
1905 2060 1965 2082 σου
1985 2046 2013 2082 ἐ.
2036 2045 2168 2081 Feder.
2193 2059 2255 2081 ne-

1205 2107 1282 2142 scio
1294 2119 1370 2154 quo
1386 2107 1522 2154 lapsus.
1538 2127 1588 2132 -—
1603 2107 1628 2144 l.
1646 2106 1709 2143 26.
1725 2107 1825 2154 Lege
1841 2102 2020 2141 ἀδυνάτων
2039 2101 2142 2140 αὐτὸν
2160 2103 2254 2154 ἐρᾶν,

1204 2171 1247 2200 ut
1271 2165 1423 2200 Piccolo
1445 2172 1482 2200 et
1501 2164 1632 2201 Feder.

1259 2222 1352 2272 Pag.
1374 2223 1499 2268 366‚1.
1519 2223 1554 2261 5.
1571 2244 1623 2273 .-
1639 2224 1738 2271 Lege
1759 2220 1959 2273 πάσχοι...
1976 2219 2109 2272 μόνῃ...
2123 2213 2252 2271 εῗρκτα,

1206 2290 1385 2318 monente
1408 2282 1850 2328 numera—Ejusdem
1877 2281 2011 2329 fragm,
2028 2282 2096 2317 lin.
2123 2282 2254 2317 ultima

1207 2349 1292 2377 ante
1303 2339 1436 2392 μητέρα
1449 2341 1590 2377 excidit
1600 2338 1662 2386 τὴν
1672 2341 1852 2376 articulus
1865 2353 1875 2385 ;
1888 2341 2111 2375 habetenim
2120 2340 2253 2385 codex,

1208 2412 1330 2448 eoque
1347 2413 1442 2450 opus
1462 2408 1525 2435 est.
1545 2400 1687 2438 Contra
1705 2401 1742 2437 in
1764 2400 1828 2436 lin.
1850 2412 1888 2443 2,
1911 2399 2044 2447 fragm.
2068 2398 2112 2434 15
2131 2399 2255 2435 Fede-

1207 2472 1270 2495 rus
1288 2460 1436 2507 scripsit
1462 2457 1524 2503 τὴν
1550 2457 1788 2509 Ἐπικάστην,
1806 2458 1873 2493 ubi
1908 2458 2030 2493 codex
2057 2458 2254 2493 articulum

1208 2531 1287 2554 non
1302 2519 1466 2566 praebet,
1484 2530 1609 2565 neque
1639 2530 1684 2553 eo
1714 2529 1809 2565 opus
1826 2523 1892 2553 est.
1913 2516 2061 2551 Ibidem
2088 2528 2161 2563 pro
2182 2514 2253 2564 ἐγί-

1209 2591 1319 2622 νοντο,
1329 2577 1437 2625 quod
1445 2578 1649 2612 rectissime
1661 2576 1782 2612 codex
1794 2575 1958 2619 exhibet,
1971 2575 2136 2610 Federus
2148 2576 2255 2622 ponit

1209 2635 1364 2685 ἐγένοντο
1376 2664 1385 2680 ,
1403 2644 1439 2671 et
1459 2637 1587 2684 paullo
1605 2642 1691 2684 post
1718 2647 1790 2682 pro
1807 2632 1940 2683 γίνεται
1960 2633 2068 2668 dedit
2085 2631 2252 2682 γίγνεται.

1210 2715 1260 2722 -
1279 2696 1363 2731 Lin.
1380 2695 1402 2730 6
1425 2695 1463 2729 ἰη
1480 2695 1617 2730 nostris
1632 2694 1728 2728 male
1746 2699 1798 2728 est
1813 2689 1964 2736 ἐπέθετο,
1980 2692 2062 2740 lege
2077 2689 2253 2736 ἀπέθεντο,

1210 2753 1316 2801 quod
1331 2766 1410 2791 non
1429 2753 1613 2788 debebam
1632 2753 1740 2787 tacite
1758 2758 1920 2787 mutare.

1263 2811 1357 2860 Pag.
1396 2811 1484 2857 367,
1515 2811 1562 2848 fr.
1602 2810 1645 2846 15
1680 2811 1746 2848 lin.
1786 2817 1870 2845 ante
1897 2810 2043 2857 penult.
2073 2806 2253 2858 Ἀγαγών]

1211 2868 1303 2920 ἄγων
1334 2870 1426 2907 Fed.
1449 2890 1502 2897 -—
1526 2870 1610 2906 Lin.
1636 2869 1782 2916 penult.
1806 2866 1978 2916 λευκαδί]
2014 2868 2161 2915 typoth.
2192 2879 2254 2902 er-

1208 2942 1295 2965 rore
1319 2941 1391 2977 pro
1424 2926 1584 2972 λευκίδα,
1604 2928 1643 2962 in
1664 2934 1753 2962 nota
1777 2927 1865 2962 item
1888 2927 1970 2975 lege
2001 2939 2008 2961 ε
2034 2923 2175 2961 λευκίδα
2195 2938 2254 2960 co-

1209 2991 1294 3024 dez.
1334 3005 1347 3020 u
1379 2988 1621 3034 Conjecturas
1659 2986 1797 3024 Feder.
1815 2987 1958 3034 promit
1998 2986 2063 3020 has
2098 2997 2106 3020 :
2149 2982 2252 3029 ληίδα

1209 3044 1359 3097 συχνὴν,
1389 3048 1447 3082 vel
1475 3043 1664 3081 παλλακίδι
1685 3046 1804 3090 συνῆν.
1837 3045 1917 3090 vel,
1940 3043 2046 3091 quod
2079 3043 2250 3091 praefert,

1210 3103 1384 3145 ἐνοικίδιος
1400 3105 1503 3148 συνῆν
1522 3094 1644 3142 -ἙΓ,
1667 3116 1726 3149 17,
1746 3103 1810 3140 lin.
1834 3102 1870 3141 3.
1885 3122 1937 3130 —-
1950 3104 2041 3150 Leg.
2059 3099 2116 3136 τὸν
2134 3097 2253 3148 Τρωὸς

1208 3171 1251 3199 ut
1271 3163 1362 3199 Fed.

1261 3220 1350 3269 Pag.
1375 3220 1461 3266 368,
1488 3220 1533 3257 fr.
1568 3233 1629 3267 17,
1648 3221 1673 3255 l.
1695 3220 1717 3255 6
1739 3220 1785 3256 ab
1803 3221 1871 3255 ult.
1892 3241 1936 3246 —
1956 3215 2114 3265 ἐκείνην]
2131 3229 2167 3251 τε
2185 3215 2249 3250 ad-

1209 3277 1298 3316 dere
1317 3280 1459 3327 placuit
1476 3279 1638 3316 Federo.

1260 3338 1353 3387 Pag.
1372 3338 1459 3386 369,
1475 3339 1521 3377 fr.
1543 3352 1604 3384 20,
1621 3339 1646 3375 l.
1665 3352 1684 3384 7
1706 3338 1753 3374 ab
1767 3339 1836 3372 ult.
1854 3358 1899 3363 —
1916 3332 2124 3383 ἐναγόντων]
2144 3343 2249 3380 προσ-

1209 3396 1397 3434 εναυόντων
1420 3397 1521 3444 conj.
1545 3398 1708 3432 Piccolo,

1262 3456 1350 3505 Pag.
1367 3456 1411 3501 37
1424 3463 1544 3501 1,not.
1560 3457 1625 3493 lin.
1641 3468 1674 3500 7.
1689 3475 1739 3482 ·-
1752 3456 1868 3501 Lege:
1887 3451 2040 3486 fluvium
2053 3446 2249 3497 significari
