2326 3724
943 236 1277 276 FRAGMENTA.

28 319 116 378 post
133 328 234 364 hunc
265 326 557 375 Sardanapallus
572 326 648 361 sive
668 325 839 364 Saracus.
863 325 1075 374 Sammugis

27 389 130 425 nulla
145 387 249 437 apud
267 389 443 423 Nostrum
455 384 499 421 fit
513 386 678 431 menti03
700 383 782 432 ejus
798 384 885 420 loco
902 385 998 433 poni
1017 385 1073 420 vi-

29 445 139 483 detur
149 445 453 494 Sardanapallus,
464 443 532 492 qui
545 443 646 479 idem
657 454 735 479 esse
746 442 860 478 debet
871 455 958 478 cum
969 443 1074 479 Sara·

28 517 90 541 co.
106 506 366 541 Annotaverat
378 502 551 551 quidam,
560 509 603 538 ut
614 501 911 551 puto‚Saracum
918 503 1076 537 eundem

28 575 107 600 esse
122 564 189 612 qui
209 563 324 612 vulgo
344 561 485 598 dicitur
498 561 818 609 Sardanapallus.
842 560 990 597 Deinde
1003 573 1076 596 no-

25 634 114 659 men
131 621 393 671 Sardanapalli
411 621 536 657 alieno
553 621 641 656 loco
659 621 699 655 in
715 626 860 656 textum
878 627 1077 668 receptum

27 689 103 728 est,
125 678 185 718 ‘ita
210 689 254 718 ut
278 680 509 729 Sammugis,
539 692 620 715 non
646 691 739 715 vero
769 679 899 715 Saraci
929 679 1076 715 nomini

26 739 328 778 substitueretur.
341 760 394 767 —
402 739 665 774 Busalussorus
676 744 730 774 est
738 737 1058 787 Nabopalassarus
1064 766 1073 776 .

27 818 80 828 ———
89 796 301 847 Evoritam]
318 813 332 830 (ι
347 798 394 833 In
405 797 638 833 Armeniaco
651 803 755 832 textu
770 802 823 832 est
836 808 942 833 mma
953 807 1077 832 ARNER

27 868 238 894 zsncnums
262 868 446 893 Evomns.
461 856 481 891 J
486 867 547 891 am
565 867 656 890 vero
678 867 784 891 iinon
799 867 876 890 vox
895 855 1077 890 hactenus

25 915 137 951 nobis
168 914 363 959 inaudita,
403 912 511 960 cujus
544 914 818 962 etymologiam
847 914 1077 962 investigan-

27 973 127 1010 tibus
144 973 370 1010 occurrebat
388 985 489 1018 nun,
514 975 627 1020 ignis.
647 971 863 1010 Dicendum
879 979 935 1008 est
954 984 1046 1020 ergo
1066 985 1073 1008 ε

27 1032 199 1068 incendio
236 1032 411 1067 tradebat
438 1032 582 1080 regiam
619 1032 653 1067 E
656 1034 809 1067 veritam
838 1043 867 1068 s.
902 1031 1073 1069 Evoritoe.

27 1091 124 1127 Tum
157 1090 204 1127 de
235 1097 430 1140 postremo
462 1091 538 1126 hoc
572 1090 763 1125 vocabulo
797 1091 949 1126 Evorita
986 1089 1078 1126 dum

27 1148 309 1198 cogitabamus,
336 1148 514 1185 veniebat
538 1149 650 1184 nobis
674 1149 714 1183 in
738 1155 904 1184 mentem
924 1150 1076 1183 Aroiten

25 1220 167 1244 nomen
184 1219 257 1256 pro
275 1207 453 1251 Amuleia,
478 1207 585 1255 quod
597 1207 785 1243 vidimus
776 1219 816 1242 in
835 1213 939 1242 textu
952 1218 1076 1255 graeco

27 1266 109 1316 (ap.
122 1267 286 1314 Syncell.
298 1279 340 1316 p.
354 1278 447 1311 210,
458 1267 501 1305 Β.
511 1265 597 1303 Vid.
613 1273 695 1304 not.
707 1265 893 1303 adBeros.
908 1265 953 1303 fr.
971 1264 1075 1315 12).»

25 1326 118 1361 Mu.
148 1326 271 1374 Igitur
297 1326 372 1362 hoc
404 1337 561 1374 quoque
592 1325 681 1360 loco
714 1325 837 1373 glossa
866 1331 1006 1360 temere
1038 1325 1078 1359 in

27 1383 203 1420 ordinem
222 1385 429 1421 verborum
447 1391 603 1432 recepta
622 1390 691 1420 est.

531 1465 569 1500 8.

80 1560 266 1599 Eusebius
294 1560 402 1598 Arm.
428 1574 469 1610 p.
504 1562 554 1598 26
588 1562 651 1599 ed.
683 1563 760 1598 Mai
786 1574 795 1600 :
825 1564 1003 1600 Amnum
1030 1576 1080 1599 nn

31 1621 435 1660 NABucnoDonosono.
459 1621 805 1658 Nabucodrossorus
819 1629 986 1670 suscepto
1007 1624 1080 1657 im-

25 1683 131 1728 perio
153 1680 385 1726 Babylonem
409 1683 509 1716 intra
530 1679 739 1728 quindecim
748 1678 880 1727 ferme
898 1682 980 1716 dies
998 1684 1076 1716 cin·

26 1737 144 1786 gebat
156 1739 338 1775 moenibus
353 1747 393 1775 et
406 1740 548 1789 triplici
563 1751 704 1788 aggere
725 1752 738 1775 .·
750 1740 983 1788 fluviumque
1002 1743 1078 1775 Ar-

29 1798 212 1833 maealem
243 1798 293 1833 ab
327 1800 504 1834 Arazane
534 1799 732 1847 promebat
761 1811 770 1835 .·
805 1807 956 1847 puteum
990 1802 1077 1835 item

29 1857 176 1892 excelso
201 1857 281 1892 loco
303 1858 407 1905 apud
434 1857 572 1906 Sipara
603 1858 729 1893 urbem
752 1856 947 1904 fodiebat,
980 1871 1078 1906 qua-

27 1915 207 1964 draginta
221 1928 464 1963 parasangas
491 1918 610 1952 latum
623 1944 633 1962 ‚
659 1925 695 1952 et
710 1919 820 1952 ulnas
835 1920 977 1964 viginti
989 1930 1080 1965 pro-

31 1972 198 2012 fundum.
217 1975 311 2009 Huic
327 1983 450 2010 autem
473 1976 641 2011 claustra
664 1977 894 2024 apponenda
912 1980 1077 2021 curavit,

29 2031 164 2081 quibus
178 2035 331 2069 reclusis
351 2038 521 2070 universa
536 2036 718 2083 planities
736 2039 937 2083 rigaretur.
962 2035 1080 2071 Clau—

28 2099 184 2127 strorum
215 2104 349 2127 nomen
386 2090 743 2143 ἐχετογνώμονας
783 2102 936 2138 vocant,
975 2098 1082 2142 quasi

30 2162 77 2186 ea
93 2152 288 2187 voluntate
303 2153 468 2200 quadam
483 2155 724 2201 ingenitaque
741 2155 982 2190 inclinatione
1007 2157 1084 2189 sint

26 2210 205 2257 proedita.
227 2211 330 2245 Litus
344 2219 532 2259 proeterea
552 2212 669 2247 Rubri
686 2215 803 2247 maris
821 2213 995 2248 adversus
1011 2216 1080 2248 im-

27 2276 154 2316 petum
154 2268 340 2315 fluctuum
352 2273 608 2306 communivit:
626 2278 700 2306 tum
714 2274 752 2306 in
764 2272 892 2307 limine
903 2271 1082 2307 Arabicoe

31 2330 191 2374 regionis
213 2328 436 2364 Teredonem
454 2329 580 2364 urbem
586 2326 792 2374 fundavit:
813 2333 918 2378 regia
929 2331 1083 2377 palatia

33 2386 238 2422 recentibus
253 2387 431 2422 arborum
454 2388 613 2421 surculis
637 2391 846 2431 exornavit,
882 2401 1086 2436 nomenque

33 2443 94 2480 his
110 2443 211 2492 ficit
235 2447 424 2481 viridaria
440 2447 613 2494 pensilia.
642 2447 738 2482 Mox
765 2455 940 2482 accurate
968 2451 1083 2483 etiam

33 2504 204 2540 edisserit
230 2517 404 2552 quaenam
435 2506 539 2540 dicta
569 2507 643 2540 sint
674 2506 867 2541 viridaria
894 2508 1077 2554 pensilia,

34 2563 236 2611 eademque
251 2566 310 2598 ait
322 2576 348 2598 a
366 2564 506 2599 Groeeis
519 2576 662 2612 quoque
679 2567 717 2599 in
735 2572 875 2627 septem
891 2568 1084 2613 speciosis·

33 2623 137 2656 simis
155 2623 349 2657 miraculis
366 2626 572 2660 numerari.

86 2681 221 2715 Rursus
236 2682 313 2716 alio
327 2683 403 2716 loco
419 2683 516 2718 idem
530 2681 640 2718 homo
651 2685 705 2718 sic
726 2684 904 2731 loquitur:
926 2684 1078 2728 Cuncta,

36 2742 166 2788 inquit,
191 2741 281 2776 olim
295 2744 402 2788 aquis
417 2739 655 2786 tenebantur;
679 2742 789 2790 idque
814 2754 918 2778 mare
936 2743 1083 2778 diceba·

35 2805 94 2846 tur
111 2811 125 2849 5·
145 2800 245 2847 quod
261 2800 408 2847 quidem
433 2801 547 2836 Belus
564 2804 799 2849 compescuit,
830 2809 868 2837 et
883 2814 986 2837 suum
1006 2805 1087 2837 cui-

35 2869 106 2904 que
123 2861 179 2892 rei
204 2859 321 2894 locum
349 2860 488 2897 tribuit.
519 2861 629 2895 Idem
649 2861 881 2907 Babylonem
908 2861 1087 2897 maenibus

36 2913 204 2952 ambiens
232 2921 485 2964 communivit,
517 2932 605 2967 quoe
637 2921 880 2956 diuturnitate
913 2925 1088 2969 temporis

28 2974 159 3010 diruta
188 2976 531 3012 Nabucodrossorus
560 2979 710 3014 demum
741 2982 896 3014 restituit
929 2992 940 3013 :
970 2991 1087 3027 eaque

2112 243 2185 275 283

1136 333 1351 374 supererant
1382 337 1494 374 usque
1525 327 1577 361 acl
1605 330 1797 374 imperium
1836 329 2084 364 Macedonum
2114 341 2187 364 non

1137 387 1217 419 sine
1230 385 1352 419 valvis
1369 396 1445 419 cere
1462 384 1648 431 conflatis.
1669 386 1804 420 Omnia
1825 384 2022 432 Abydenus
2036 388 2189 423 Danieli

1140 455 1298 479 consona
1337 451 1484 486 narrat,
1523 444 1629 491 apud
1665 455 1772 491 quem
1808 444 2190 481 Nabuclzoclonosorus

1140 503 1314 550 superbia
1333 502 1496 537 tumidus
1521 504 1573 536 ita
1597 502 1783 537 inducitur
1807 503 1956 550 loquens
1980 516 1988 538 ,-
2016 520 2029 534 ¹«
2057 505 2190 539 Nonne

1141 558 1225 596 ἧκες
1238 569 1293 596 est
1305 561 1478 608 Babylon
1494 572 1645 607 magna,
1672 573 1784 608 quam
1798 572 1868 608 ego
1887 561 2072 608 (edificavi
2089 570 2130 596 ut
2142 566 2192 603 sit

1139 622 1248 667 regni
1267 621 1387 663 sedes,
1415 623 1552 655 virtute
1563 617 1804 666 fortitudinis
1821 631 1931 663 meae,
1957 627 1993 654 et
2014 623 2051 655 in
2072 620 2190 655 hono-

1139 691 1216 714 rem
1235 681 1373 726 glos-ite
1396 690 1491 714 meoe
1511 678 1567 727 (c.
1590 681 1628 722 4,
1651 678 1720 728 27)
1739 678 1746 713 i
1772 694 1786 710 υ

1191 739 1220 773 J
1219 751 1281 774 am
1301 739 1402 786 quod
1410 741 1558 787 imperii
1570 741 1649 784 ejus
1654 735 1883 783 felicitatem
1899 745 2048 772 testetur
2055 738 2190 772 Danie1

1138 796 1199 847 his
1219 798 1358 841 verbis,
1390 797 1522 845 quibus
1547 798 1595 832 de
1620 796 1979 834 Nabuchodonosoro
2008 796 2191 843 loquitur;

1139 857 1230 891 audi
1249 865 1287 892 et
1301 857 1524 904 Abydenum
1541 869 1553 890 :
1573 856 1749 900 Hercule,
1779 858 1904 903 inquit,
1923 853 2065 901 fortior
2089 862 2191 898 erat;

1144 915 1255 963 idque
1270 917 1426 963 exponit
1439 907 1513 949 hac
1525 916 1669 950 ratione
1686 917 1878 949 sermonis.
1898 915 2187 955 Potentissimus,

1139 979 1210 1018 ait,
1247 975 1607 1017 Nabucodrossorus,
1638 976 1701 1021 qui
1727 981 1765 1008 et
1780 976 1852 1021 ipsi
1872 973 2022 1008 Herculi
2031 970 2194 1018 sortitu-

1139 1033 1228 1068 dine
1248 1036 1438 1081 praestitit,
1474 1036 1513 1068 in
1539 1033 1696 1079 Libyam
1725 1039 1835 1080 atque
1863 1032 2029 1067 Iberiam
2050 1034 2196 1078 magnis

1139 1095 1258 1140 copiis
1272 1093 1547 1140 expeditionem
1558 1093 1746 1139 suscepit.
1761 1091 1890 1138 quibus
1899 1090 2110 1139 regionibus
2127 1090 2195 1124 de-

1141 1151 1301 1196 bellatis,
1320 1153 1525 1187 incolarum
1537 1157 1685 1198 partem
1704 1153 1742 1185 in
1763 1150 1871 1185 Ponti
1882 1150 2076 1184 dexteram
2090 1161 2194 1184 oram

1141 1211 1343 1245 transtulit.
1375 1210 1521 1245 Deinde
1539 1208 1715 1245 Chaldaei
1743 1209 1907 1252 tradunt,
1937 1216 2094 1243 mentem
2117 1211 2196 1253 esus

1140 1269 1195 1303 ad
1204 1272 1349 1316 regiam
1361 1269 1502 1304 reducis
1509 1269 1661 1304 deorum
1672 1268 1914 1316 quorumdam
1928 1265 2065 1313 afflatu
2070 1264 2196 1312 fuisse

1139 1336 1376 1375 occupatam,
1401 1332 1455 1363 ita
1473 1335 1514 1362 ut
1544 1330 1582 1363 in
1602 1327 1687 1362 hoec
1706 1328 1825 1362 verba
1855 1334 2061 1374 erumperet
2081 1338 2094 1360 .·
2112 1326 2195 1372 Ego

1144 1386 1502 1429 Nabueodrossorus,
1544 1398 1566 1421 o
1581 1388 1721 1420 strenui
1746 1386 1962 1433 Babylonii,
2001 1396 2195 1432 superven-

1144 1451 1247 1479 turas
1264 1445 1374 1480 vobis
1395 1456 1587 1480 oerumnas
1602 1444 1826 1491 prwdicam.
1852 1444 1942 1478 Tum
1962 1443 2044 1478 alia
2064 1443 2106 1477 id
2128 1454 2196 1491 ge·-

1142 1515 1211 1538 nus
1224 1511 1397 1539 accurate
1409 1511 1554 1538 narrat.
1570 1503 1777 1550 Rursusque
1787 1503 1883 1537 idem
1898 1504 2054 1549 scriptor
2061 1501 2189 1535 addit:

1142 1574 1235 1606 eum,
1262 1565 1326 1610 qui
1342 1570 1445 1598 tanto
1460 1563 1581 1597 elutus
1586 1559 1699 1607 fastu
1719 1559 1936 1609 imperabat,
1963 1572 1984 1595 e
2003 1567 2197 1607 conspectu

1142 1629 1293 1669 repente
1317 1629 1482 1669 ereptum
1499 1623 1702 1657 evanuisse.
1730 1621 1830 1655 Hinc
1841 1619 1950 1669 filius
1966 1623 2046 1665 eJ'us
2065 1617 2194 1655 Amil-

1143 1679 1393 1715 marodachus
1411 1683 1588 1727 regnavit,
1621 1691 1729 1727 quem
1747 1679 1844 1714 brevi
1858 1679 1898 1714 N
1897 1678 2067 1724 iglisares
2079 1687 2199 1723 gener

1141 1739 1287 1774 occidit.
1313 1738 1497 1774 Successit
1519 1746 1660 1782 autem,
1688 1740 1752 1786 qui
1772 1749 1865 1772 unus
1883 1726 2098 1784 supererat,
2121 1736 2195 1770 La-

1142 1798 1354 1834 bossoracus
1364 1797 1470 1845 filius
1495 1810 1508 1831 .·
1527 1800 1588 1845 qui
1603 1797 1770 1832 violento
1794 1799 1880 1831 item
1892 1793 1986 1840 fato
2012 1806 2122 1842 quum
2149 1793 2198 1828 ab

1141 1857 1269 1892 eodem
1292 1857 1460 1892 sublatus
1475 1854 1633 1902 fuisset,
1666 1853 2090 1891 Nabonedochusunullo
2108 1857 2198 1898 jure

1141 1913 1261 1956 fretus
1273 1916 1327 1951 ad
1339 1919 1447 1963 regni
1456 1916 1581 1951 sedem
1595 1915 1771 1950 accedere
1777 1918 1901 1961 Jussus
1915 1921 1971 1948 est
1980 1925 1992 1947 :
2005 1915 2036 1947 is
2047 1922 2189 1959 nempe,

1141 1978 1203 2010 cui
1222 1975 1355 2022 Cyrus,
1380 1982 1493 2023 capta
1513 1974 1598 2009 dein
1622 1973 1832 2020 Babylone,
1861 1972 2078 2008 Carmaniae
2099 1983 2198 2018 proe-

1133 2031 1328 2080 feeturam
1356 2035 1534 2069 concessit
1562 2046 1573 2067 .·
1592 2045 1628 2072 ,α
1654 2033 1772 2067 Dario
1799 2038 1922 2066 autem
1947 2042 2036 2077 rege
2064 2029 2195 2064 eadem

1140 2095 1329 2140 provincia
1336 2093 1470 2140 pulsus
1489 2100 1554 2128 est.

1196 2274 1380 2310 Eusebius
1398 2275 1438 2310 P.
1455 2275 1496 2310 E.
1514 2274 1587 2321 IX,
1604 2278 1669 2319 41,
1690 2285 1731 2322 p.
1755 2271 1903 2317 456,D
1923 2269 1970 2320 (t.
1991 2271 2043 2318 ΙΙ,
2062 2282 2102 2319 p.
2120 2274 2197 2312 440

1147 2333 1211 2371 ed.
1243 2331 1367 2382 Gsfd.)
1393 2345 1401 2368 :
1435 2324 1547 2382 Εἶρον
1580 2328 1617 2367 δὲ
1657 2328 1718 2367 καὶ
1743 2330 1778 2367 ἓν
1809 2330 1853 2380 τῇ
1883 2327 2073 2373 Ἀὅυδηνοῦ
2108 2325 2197 2379 Περὶ

1147 2389 1335 2441 Ἀσσυρίων
1349 2392 1467 2442 γραφῇ
1482 2387 1562 2441 περὶ
1582 2391 1643 2427 τοῦ
1659 2386 1973 2440 Ναὸουχοδονᾶσορ
1987 2389 2114 2423 ταῦτα·

1200 2467 1216 2484 «
1248 2448 1473 2500 Μεγασθένης
1494 2447 1531 2486 δέ
1552 2463 1637 2501 φησι
1653 2445 1986 2498 Ναὸουκοδρόσορον
2005 2443 2198 2496 Ἡρακλέος

1148 2506 1385 2560 ἀλκιμώτερον
1420 2506 1587 2558 γεγονότα
1626 2506 1683 2544 ἐπί
1711 2521 1748 2544 τε
1781 2503 1917 2551 Λιὸύην
1949 2503 2009 2541 καὶ
2041 2502 2197 2555 Ἰὅηρίην

1147 2582 1375 2620 στρατευσαι·
1394 2565 1524 2609 ταύτας
1553 2564 1587 2603 δὲ
1607 2563 1882 2618 χειρωσάμενον,
1906 2562 2109 2612 ἀπόδασμον
2132 2562 2198 2598 αὐ-

1147 2626 1233 2664 τέων
1251 2627 1297 2669 εἰς
1320 2624 1364 2663 τὰ
1394 2623 1486 2669 δεξιὰ
1512 2628 1572 2663 τοῦ
1597 2624 1730 2663 Πόντου
1759 2624 1982 2668 κατοικῆσαι.
2009 2618 2111 2659 Μετὰ
2136 2620 2196 2668 δὲ,

1147 2684 1285 2736 λέγεται
1305 2683 1390 2736 πρὸς
1410 2682 1618 2732 Χαλδαίων,
1649 2685 1694 2726 ὡς
1723 2680 1854 2724 ἂναὸὰς
1880 2679 1937 2718 ἐπι
1962 2678 2007 2716 τὰ
2004 2677 2196 2752 ωβασιλήϊα

1146 2743 1381 2796 κατασχεθείη
1404 2739 1512 2794 θεῶ”
1492 2757 1579 2794 οτεῳ
1599 2740 1662 2788 δὴ,
1683 2739 1916 2790 φθεγξάμενος
1934 2738 1969 2776 δὲ
1992 2741 2100 2784 εἶπεν,
2119 2732 2196 2776 Ου-

1145 2817 1201 2845 τος
1222 2801 1289 2852 ἐγὼ
1307 2803 1340 2840 Ν
1346 2799 1695 2852 αὸουκοοροσορος,
1675 2815 1703 2836 ω
1722 2797 1952 2844 Βαὸυλώνιοι,
1970 2795 2032 2842 τὴν
2050 2795 2196 2846 μέλλου·

1147 2876 1210 2899 σαν
1229 2861 1310 2911 υμῖν
1338 2859 1568 2912 προαγγέλλω
1594 2856 1787 2910 συμφορὴν,
1806 2855 1869 2903 τὴν
1897 2854 1917 2893 ὅ
1934 2870 1971 2893 τε
1988 2855 2132 2901 Βῆλος’
2116 2853 2198 2904 εμὸς

1146 2919 1311 2972 πρόγονος
1344 2918 1366 2964 ἥ
1398 2933 1435 2956 τε
1467 2917 1629 2969 βασίλεια
1657 2917 1786 2962 Βῆλτις
1813 2913 2032 2966 ἀποστρέψαι
2063 2912 2197 2965 Μοίρας

1146 2979 1494 3025 πεῖσαι-ἀσθενοῦσιν.
1514 2973 1618 3019 εἭξει
1638 2973 1781 3026 Πέρσης
1799 2972 1962 3024 ἡμίονος,
1982 2973 2090 3010 τοῖσιν
2112 2972 2197 3020 ὑμε-

28 3153 30 3156 >
79 3132 116 3163 ln
140 3139 178 3164 ea
193 3141 290 3173 quam
307 3134 479 3175 Abydenus
500 3135 540 3168 de
556 3137 758 3176 Assyriorum
782 3136 875 3168 rebus
890 3136 1015 3177 scripsit
1036 3136 1086 3168 hi·

38 3183 134 3215 storia
144 3206 154 3224 ,
166 3184 206 3217 de
222 3185 537 3220 Nabuchodonosore
547 3188 617 3220 liaec
628 3188 729 3229 reperi
746 3197 752 3216 :

82 3247 98 3263 α
126 3237 365 3277 Megasthenes,
400 3239 524 3280 inquit,
555 3241 669 3272 auctor
703 3242 751 3272 est
784 3240 1086 3272 Nabucodrosorum

13 3286 168 3325 ruerculi
183 3289 242 3330 ipsi
268 3291 454 3324 fortitudine
476 3294 575 3333 atque
593 3293 707 3325 animis
725 3293 926 3333 praestitisse,
943 3295 1040 3333 atque
1055 3294 1088 3324 in

18 3335 177 3382 Libyam
190 3343 222 3374 et
245 3343 381 3376 lber-iam
403 3344 525 3385 impetu
554 3345 657 3386 facto,
684 3346 850 3386 utriusque
872 3345 939 3385 jam
958 3345 1088 3377 domitae

43 3391 207 3440 colonias
200 3403 231 3425 in
248 3394 396 3427 dextram
415 3397 505 3428 Ponti
521 3397 645 3437 plagam
660 3397 852 3437 deportasse.
870 3397 994 3434 Quibus
1016 3406 1086 3437 per-

43 3443 138 3485 actis,
162 3446 304 3478 Clialdaei
334 3447 455 3487 lerunt,
484 3458 557 3480 cum
588 3458 760 3480 conscenso
786 3448 905 3488 pilatio
934 3448 1088 3480 (livinitus

1148 3087 1278 3126 repente
1293 3084 1437 3116 afflatum
1451 3107 1459 3123 ,
1482 3082 1570 3123 quod
1595 3081 1741 3122 sequitur
1751 3065 1930 3113 *oraculum
1949 3077 2096 3111 effudisse
2114 3088 2124 3107 ε
2141 3076 2198 3108 Ille

1148 3146 1206 3178 ego
1232 3136 1536 3175 Nabucodrosorus‚
1552 3144 1572 3167 o
1590 3133 1773 3175 Babylonii,
1796 3131 2016 3164 imminentem
2031 3128 2122 3160 vobis
2145 3136 2194 3159 ca-

1149 3190 1325 3222 lamitatem
1341 3189 1527 3230 praenuncio
1538 3212 1547 3228 ,
1567 3196 1666 3229 quam
1689 3186 1814 3226 ParciS,
1830 3187 1875 3220 uti
1891 3184 2119 3221 averruncent,
2136 3188 2195 3212 nec

1152 3242 1244 3274 Belus
1265 3240 1389 3282 generis
1411 3240 1510 3272 nostri
1542 3242 1655 3271 auctor
1680 3247 1740 3270 nec
1755 3238 1863 3278 regina
1885 3235 1982 3268 Beltis
2006 3232 2196 3275 persuadere

1149 3301 1292 3333 unquam
1320 3292 1483 3332 poterunt.
1504 3291 1648 3323 Persicus
1664 3291 1773 3322 veniet
1795 3289 1921 3325 mulus,
1942 3286 1996 3327 qui
2010 3286 2195 3317 daemonum

1149 3346 1330 3377 vestrorum
1345 3343 1484 3383 auxilio,
1502 3343 1618 3374 durum
1636 3341 1815 3374 cervicibus
1835 3341 1947 3371 vestris
1960 3337 2073 3378 jugum
2089 3335 2193 3373 impo-

1149 3398 1213 3428 net.
1232 3397 1336 3436 Atque
1354 3394 1449 3434 hujus
1474 3394 1572 3425 cladis
1594 3394 1706 3425 auctor
1723 3392 1819 3424 etiam
1842 3390 1950 3421 Medes
1970 3387 2098 3428 quidam
2115 3384 2192 3422 erit,

1150 3457 1213 3489 quo
1233 3451 1306 3479 ante
1326 3446 1443 3487 Assyrii
1462 3454 1652 3486 magnopere
1671 3443 1898 3484 gloriabantur.
1916 3442 1943 3472 O
1957 3438 2091 3470 'utinam
2108 3436 2193 3476 ipse,
