2326 3724
999 200 1062 241 FR
1072 202 1134 242 AG
1141 201 1331 242 MENTA.

62 303 130 332 τες.
149 280 258 327 Οὗτοι
273 290 348 330 ταῖς
367 290 484 336 τιμαῖς
500 288 559 324 τοῦ
589 282 762 337 βασιλέως
778 282 1016 335 ἐξωγκωμένοι
1042 284 1103 323 καὶ

63 347 177 384 πάντα
198 347 251 398 ἐφ’
280 347 411 388 ἑαυτοῖς
431 346 574 397 ὁρῶντες
595 342 740 394 κείμενα
755 372 766 392 ,
797 342 918 380 στάσιν
940 343 974 380 ἐν
995 342 1104 389 ἀλλή-

62 406 135 448 λοις
160 405 199 442 οὗ
221 403 347 457 μικρὰν
370 403 529 455 ἤγειραν,
552 403 582 440 οἱ
603 401 665 452 μὲν
687 403 828 453 ἀγαπᾶν
855 401 915 440 καὶ
943 400 1105 453 δέχεσθαι

59 462 122 511 τὴν
142 467 321 514 παροῦσαν
344 461 565 511 εὐδαιμονίαν
584 459 798 508 κελεύοντες,
819 462 850 498 οἳ
871 460 907 498 δὲ
936 475 995 498 τον
1016 460 1103 498 οἴκοι

0 560 2 570 2
58 521 223 573 γεγονότα
249 519 472 574 φυλάττειν“’
451 534 552 571 ορκον
573 520 689 563 αὐτοῖς
704 518 765 556 καὶ
793 517 842 569 μὴ
871 518 1104 571 παραὸαίνειν

0 594 6 630 [1
59 579 191 624 ἐκείνας
210 579 272 624 τὰς
292 578 475 626 συνθήκας.
499 581 612 617 Αυται
631 576 701 615 δὲ’
683 593 773 625 ησαν
797 577 1029 616 ἀσεὸέσταται
1044 593 1104 616 και

62 638 276 692 βαρὸαρικὸν
307 641 390 685 ἠθος
410 639 456 681 εἷς
475 636 643 687 ὠμότητα
673 635 979 689 παρατρέχουσαι,
999 636 1105 674 παντὶ

2 738 6 739 ⁷
59 696 179 750 τρόπῳ
199 695 390 747 Ῥωμαίοις
415 695 651 734 ἐπιδουλεύειν
672 695 732 733 καὶ
758 694 856 746 πάσῃ
878 698 1022 748 μηχανῇ
1043 694 1104 738 καὶ

57 755 148 794 δόλω
167 771 246 797 τους
265 753 575 805 ὖποδεξαμένους’
557 754 705 804 αδικεῒν,
725 752 791 792 κᾶν
809 753 852 791 τὰ
873 752 1024 804 μέγιστα
1044 755 1105 791 υπ’

59 814 175 852 αὐτῶν
195 809 233 852 ευ
254 813 457 866 πάσχωσιν,
475 815 522 856 ὣς
539 810 580 850 ἂν
596 829 658 884 της
673 811 812 851 ἐκείνων
827 812 967 858 ἁπάσης
985 811 1105 865 χώρας

58 874 235 925 ἐγκρατεῖς
256 871 439 924 γένωνται.
469 870 559 924 Περι
586 869 707 909 τούτου
735 870 797 921 μὲν
829 866 887 908 οὖν
918 873 961 917 ἠν
991 872 1106 914 αὐτοῖς

55 933 78 978 ἡ
96 930 236 978 στάσις,
255 930 315 968 καὶ
335 929 599 980 διανεμηθέντες
629 929 898 980 ἀπερράγησαν,
917 930 948 966 οἱ
976 927 1037 978 μὲν
1060 928 1104 967 τὰ

54 988 162 1042 χείρω
181 989 387 1043 προθέμενοι
403 992 465 1036 τῆς
494 990 640 1041 βουλῆς,
669 990 700 1026 οἳ
721 988 758 1026 δὲ
775 987 819 1026 τὰ
848 987 1077 1040 εὔσεὸέστερα
1092 1016 1102 1034 ,

56 1047 323 1101 ἐπικρύπτοντες
334 1046 369 1085 δὲ
378 1046 526 1100 ἑκατέρα
538 1046 658 1091 στάσις
668 1045 730 1093 τὴν
742 1046 915 1100 πρόφασιν
927 1049 988 1093 τῆς
999 1048 1103 1099 ὀργῆς

55 1103 160 1156 ὅμως.
184 1105 255 1145 Καὶ
270 1108 288 1143 ὁ
309 1104 469 1158 βασιλευς
488 1121 599 1156 τιμων
615 1107 678 1144 οὐκ
694 1104 834 1156 ἔληγεν,
857 1106 936 1143 ἀλλ’
958 1108 1105 1158 ὁμοτρα-

56 1164 180 1209 πέζους
199 1158 272 1216 εἶχε
288 1164 348 1202 καὶ
361 1164 575 1214 ὃμοσκήνους
589 1194 599 1212 ,
617 1163 678 1202 καὶ
698 1163 787 1202 πολυ
805 1163 844 1202 τὸ
861 1163 1088 1216 φιλόδωρον’
1073 1179 1107 1208 ες

59 1223 182 1267 αὐτοὺς
197 1226 258 1270 ἠν·
278 1224 433 1273 οὐδαμοῦ
453 1222 521 1284 γὰρ
547 1222 723 1275 εξεφέρετο
739 1222 799 1260 καὶ
818 1236 1106 1294 παρεγυμνουντο

60 1281 104 1320 τὰ
120 1284 183 1328 τῆς
210 1281 434 1335 φιλονεικίας.
465 1285 530 1321 Ην
551 1281 586 1319 δὲ
603 1280 744 1332 ἡγεμων
762 1297 823 1328 της
841 1280 902 1332 μὲν
931 1282 1107 1355 θεοφιλοῦς

59 1340 119 1378 καὶ
137 1339 228 1384 θείας
249 1341 384 1391 μερίδος
400 1340 598 1393 Φράὸιθος,
629 1339 717 1391 ἀνὴρ
747 1339 819 1383 νέος
840 1339 902 1390 μὲν
923 1338 1017 1377 κατὰ
1042 1339 1106 1386 τὴν

60 1398 215 1446 ἡλικίαν,
236 1398 384 1450 γεγονὼς
399 1397 435 1436 δὲ
454 1401 501 1443 εἷς
522 1398 648 1451 ἀρετὴν
671 1400 731 1436 καὶ
749 1397 914 1444 ἀλήθειαν
941 1398 1105 1436 ἁπάντων

59 1455 248 1510 ἀνθρώπων
269 1458 464 1501 κάλλιστος.
495 1457 607 1500 Θεούς
635 1473 673 1495 τε
701 1456 769 1509 γὰρ
798 1455 972 1508 ὡμολόγει
1004 1460 1104 1508 θερα·

59 1515 174 1554 πεύειν
193 1516 285 1554 κατὰ
304 1515 360 1554 τὸν
382 1517 528 1568 ἀρχαῖον
549 1515 690 1567 τρόπον,
711 1515 771 1554 καὶ
788 1514 953 1565 οὐδεμίαν
971 1514 1104 1563 ὑπέστη

58 1573 187 1613 πλάσιν
218 1576 250 1618 ἐς
283 1574 422 1621 ἀπάτην
458 1574 518 1613 καὶ
564 1574 791 1627 διακράτησιν
840 1573 1106 1626 (διακρότησινῖ

59 1633 207 1683 class),
229 1631 320 1671 ἀλλὰ
339 1632 473 1684 γυμνὴν
490 1632 551 1672 καὶ
565 1632 723 1684 καθαρὰν
738 1632 890 1686 διέφαινε
906 1631 969 1680 τὴν
988 1632 1105 1686 ψυχὴν

59 1691 139 1745 περὶ
154 1695 213 1730 τοῦ
228 1691 318 1744 βίου,
337 1691 458 1745 ἐχθρὸν
481 1691 740 1743 ὑπολαμὸάνων

651 1763 734 1803 ὁμῶς
750 1761 852 1794 Ἀίδαο
869 1762 1001 1804 πύλῃσιν

142 1809 175 1847 ὅς
197 1809 229 1851 χ’
245 1809 347 1851 ἕτερον
361 1810 416 1851 μὲν
428 1809 522 1851 κεύθῃ
540 1809 582 1841 ἐνὶ
591 1810 708 1850 φρεσὶν,
727 1809 801 1841 ἄλλο
815 1809 848 1841 δὲ
863 1809 947 1851 εἶπῃ.

58 1869 213 1908 Γυναῖκα
229 1862 286 1907 οὖν
300 1868 411 1921 ᾔτησε
432 1868 616 1920 Ῥωμαίοιν
635 1868 747 1914 εὐθὺς,
769 1867 826 1906 ἵνα
847 1868 955 1918 μηδὲν
979 1868 1102 1921 nepte„

59 1926 115 1965 διὰ
134 1925 295 1976 σώματος
317 1927 488 1978 ἀνάγκην.
522 1927 594 1966 Καὶ
613 1930 632 1965 ὃ
661 1926 824 1980 βασιλεὺς
857 1927 1026 1981 ἐπέτρεψε
1045 1927 1103 1965 τὸν

29 1998 32 2001 “
57 1987 184 2039 γάμον,
216 1986 277 2024 καὶ
307 1989 325 2025 ὃ
357 1985 474 2039 πατὴρ
506 1989 568 2033 τῆς
600 1986 705 2039 κόρης
737 1985 915 2040 (ἐτρέφετο
943 1985 1010 2039 γὰρ
1039 1986 1105 2025 ὑπὸ

57 2099 124 2137 tur,
142 2098 177 2129 ut
201 2097 343 2129 contenti
374 2098 523 2137 praesenti
541 2098 751 2137 prosperitate
777 2098 972 2137 fruerentur,
998 2097 1050 2128 alii
1069 2099 1105 2129 ut

54 2148 279 2189 jusjurandum
292 2172 300 2188 ‚
319 2149 406 2189 quod
421 2148 509 2180 domi
534 2149 768 2188 praestiterant,
786 2150 972 2188 servarent,
998 2157 1103 2188 neque

57 2203 151 2242 pacta
163 2201 347 2240 migrarent.
372 2201 430 2232 llla
444 2202 553 2232 autem
577 2201 672 2240 pacta
698 2201 789 2232 erant
804 2200 1053 2240 immanissima,
1072 2201 1104 2231 et

57 2253 248 2286 crudelitate
258 2254 362 2294 ipsum
374 2253 584 2285 barbarorum
596 2262 720 2285 morem
731 2253 928 2285 excedebant
943 2265 951 2285 :
969 2255 1004 2285 ut
1015 2253 1104 2285 omni

57 2306 181 2338 ratione
194 2305 346 2338 Romanis
366 2304 498 2336 insidias
515 2305 685 2336 tenderent
704 2306 735 2336 et
749 2305 836 2336 omui
858 2306 928 2336 arte
941 2307 973 2337 et
993 2305 1103 2337 fraude

56 2358 146 2398 illos,
161 2366 298 2398 quorum
317 2366 442 2389 summa
460 2357 492 2388 in
508 2366 561 2388 eos
586 2353 784 2389 constabant·
802 2357 934 2396 merita,
952 2357 1102 2397 aggrede-

57 2411 167 2442 rentur
183 2411 215 2441 et
229 2409 523 2448 circumvenirent,
536 2417 641 2449 neque
658 2408 878 2448 quiescerent,
898 2408 1001 2440 donec
1013 2409 1102 2440 omni

56 2463 185 2494 illorum
199 2462 327 2501 regione
340 2460 432 2501 potiti
446 2462 561 2492 essent.
579 2462 626 2491 De
649 2460 710 2490 hoc
726 2460 823 2500 igitur
837 2460 906 2491 erat
921 2460 1004 2491 inter
1024 2463 1102 2501 Scy-

56 2514 130 2546 thas
143 2514 257 2546 seditio
267 2537 277 2553 ‚
289 2514 322 2545 et
335 2513 420 2544 inter
433 2521 466 2543 se
480 2511 669 2544 dissidentes
680 2536 690 2552 ‚
707 2511 740 2542 in
756 2511 836 2543 duas
852 2512 1026 2544 contrarias
1036 2521 1104 2552 par-

55 2568 106 2598 tes
122 2567 178 2598 lati
192 2567 280 2596 sunt.
306 2564 371 2596 Alii
395 2564 427 2595 in
449 2564 659 2603 deteriorem,
679 2564 730 2595 alii
747 2563 779 2595 in
795 2563 1013 2603 benigniorem
1035 2573 1103 2596 sen-

55 2620 190 2651 tentiam
214 2618 404 2658 vergebant,
422 2618 561 2657 utraque
573 2618 681 2648 tamen
695 2625 769 2657 pars
780 2616 948 2648 seditionis
967 2625 1100 2649 causam

56 2670 252 2702 occultabat.
279 2668 493 2701 Nihilominus
515 2668 688 2709 imperator
707 2668 779 2700 illos
795 2668 970 2700 bonoribus
989 2677 1104 2700 ornare

57 2732 122 2755 non
133 2722 326 2762 desistebat,
345 2723 376 2754 et
394 2721 488 2754 modo
502 2730 569 2753 suae
582 2730 700 2753 mensae
721 2722 907 2762 participes,
925 2722 1022 2753 modo
1039 2722 1101 2754 sub

56 2774 170 2806 eodem
182 2774 322 2806 tentorio
335 2773 485 2814 degentes
500 2773 692 2805 admittebat
710 2774 744 2805 et
763 2774 850 2804 omni
876 2774 1101 2805 benevolentia

56 2835 111 2858 eos
130 2825 393 2866 prosequebatur.
418 2828 582 2865 Nusquam
602 2825 687 2857 enim
711 2834 811 2866 prava
837 2834 949 2857 eorum
975 2826 1104 2857 consilia

58 2877 256 2918 apparebant
275 2879 305 2909 et
318 2877 560 2917 detegebantur.
578 2879 654 2909 Erat
677 2879 787 2908 autem
805 2877 972 2909 sanctioris
985 2879 1017 2909 et
1031 2877 1101 2909 deis

56 2937 139 2961 carae
155 2927 254 2969 partis
270 2928 337 2959 dux
353 2928 498 2960 Fravitta
511 2953 520 2969 ,
536 2930 632 2960 aetate
647 2928 778 2968 quidem
795 2929 939 2968 juvenis,
953 2929 1008 2960 sed
1028 2929 1081 2969 qui
1093 2952 1101 2968 ,

12 2978 14 2982 ’
57 2990 157 3022 quum
175 2981 328 3014 virtutem
346 2982 465 3013 coleret
481 2983 513 3013 et
529 2981 656 3013 veritati
672 2981 829 3018 studeret,
841 2981 986 3013 omnium
1002 2981 1102 3012 homi-

58 3043 137 3066 num
165 3034 448 3072 praestantissimus
470 3035 550 3065 erat.
594 3036 678 3066 Deos
705 3034 759 3065 ille
780 3034 838 3065 sibi
861 3033 901 3065 ad
928 3034 1100 3074 antiquum

58 3095 180 3117 morem
197 3085 349 3117 colendos
364 3085 547 3125 statuebat,
575 3094 680 3125 neque
698 3085 743 3117 illi
769 3086 856 3117 ullus
875 3086 979 3117 inerat
996 3086 1099 3117 dolus.

57 3139 127 3170 Non
142 3138 195 3170 ille
210 3138 381 3178 quicquam
401 3146 455 3177 per
476 3137 622 3168 fraudem
637 3139 668 3169 et
688 3137 842 3169 malitiam
863 3137 1002 3177 fingebat
1014 3161 1023 3177 ,
1038 3146 1103 3177 quo

57 3191 117 3223 sihi
131 3192 308 3232 potentiam
325 3192 543 3231 compararet,
571 3190 625 3222 sed
642 3199 740 3231 puro,
761 3190 899 3231 simplici
916 3191 949 3222 et
965 3190 1101 3221 candido

11 3274 15 3277 .
60 3244 167 3276 animo
187 3244 270 3276 inter
295 3244 441 3276 homiues
465 3243 589 3284 agebat.
614 3244 757 3284 PeJ'orem
778 3244 881 3284 portis
904 3243 1103 3275 infernorum

61 3295 226 3328 inimicum
240 3306 314 3328 eum
327 3305 394 3329 esse
406 3296 564 3336 ducebat,
579 3297 634 3337 qui
654 3296 742 3327 aliud
756 3296 787 3327 in
807 3298 936 3336 pectore
949 3296 1102 3335 versaret,

63 3350 149 3381 aliud
161 3359 216 3382 ore
233 3350 401 3390 prbserret.
418 3353 559 3382 Uxorem
585 3353 759 3382 Romanam
782 3348 954 3389 expetivit,
980 3357 1019 3379 ne
1032 3357 1106 3388 pro-

66 3405 134 3444 pter
146 3403 287 3444 corporis
300 3404 520 3436 necessitatem
535 3403 672 3444 injurius
687 3412 754 3436 esse
780 3404 956 3444 cogeretur.
984 3403 1022 3433 Et
1042 3402 1101 3433 im·

2161 209 2205 242 41

1164 284 1291 337 πατρί)
1320 283 1380 323 καὶ
1410 282 1449 322 τὸ
1482 289 1631 336 πρᾶγμα
1665 285 1861 335 ἐθαύμασε,
1884 287 2058 338 μακάριον
2088 287 2210 326 ἑαυτὸν

1164 343 1439 393 ὖπολαμὸάνων,
1459 344 1489 380 εἷ
1515 346 1666 382 τοιοῦτον
1684 342 1718 386 ἕξ
1722 359 1750 381 ει
1771 344 1945 396 γαμίῗρόν.
1966 347 2045 384 Τῶν
2063 345 2125 395 μὲν
2152 350 2210 385 οὖν

1165 400 1348 459 ὁμοφύλων
1365 401 1474 452 ὀλίγοι
1492 402 1580 445 τινὲς
1602 400 1665 448 τὴν
1682 400 1860 439 εὖσέὸειαν
1887 402 1946 440 καὶ
1963 403 2090 455 ἀρετὴν
2119 406 2210 455 ἀγα-

1165 455 1300 504 σθέντες
1324 475 1383 498 του
1400 459 1604 506 νεανίσκου,
1623 459 1710 511 πρὸς
1726 458 1788 505 τὴν
1805 458 1933 498 ἐκείνου
1954 460 2097 510 γνώμην
2117 477 2131 499 ε
2135 478 2212 514 ,(ιο-

1166 533 1275 569 ρησαν
1292 534 1351 557 και
1365 519 1635 566 συνεστήκεσαν,
1651 520 1682 556 οἱ
1707 517 1743 556 δὲ
1763 518 1887 556 πολλοι
1901 518 1962 557 καὶ
1979 520 2212 573 δυνατώτεροι

1164 578 1232 613 τῶν
1251 575 1465 628 δεδογμένων
1486 576 1519 620 ἐξ
1538 578 1650 630 ἀρχῆς
1671 576 1774 628 ἀπρὶξ
1791 576 1946 629 εἴχοντο,
1963 577 2023 615 καὶ
2044 579 2130 630 πρὸς
2149 580 2212 626 τὴν

1164 632 1272 672 ὠδῖνα
1306 638 1367 681 τῆς
1396 634 1580 679 ἐπιὸουλῆς
1617 634 1849 687 σφαδάζοντες
1887 635 2130 686 ἐμεμήνεσαν·
2165 633 2213 677 ὧν

1164 687 1234 745 ἧρχ
1237 709 1271 730 εν
1288 693 1492 746 Ἔρίουλφος
1505 723 1514 741 ,
1533 692 1621 746 ἀνὴρ
1635 693 1818 744 ἡμιμανὴς
1831 695 1890 732 καὶ
1910 697 1979 732 τῶν
2000 695 2116 734 ἄλλων
2131 698 2215 736 λυσ-

1166 751 1388 805 σωδέστερος.
1423 752 1630 803 Συμποσίου
1661 753 1696 791 δὲ
1727 752 1950 805 προτεθέντος
1976 755 2090 798 αὐτοῖς
2118 755 2215 809 παρὰ

1165 815 1225 849 τοῦ
1245 811 1414 863 βασιλέως
1432 811 1617 864 ἁδροτέρου
1643 811 1704 849 καὶ
1723 812 2038 865 πολυτελεστέρου,
2061 813 2124 861 τὴν
2144 831 2216 852 πα-

1167 869 1304 921 ροιμίαν
1325 869 1564 914 ἀποδείξαντες
1584 872 1696 917 ἀληθη
1716 870 1780 917 τὴν
1809 870 1980 921 λέγουσαν
2001 890 2016 905 υ
2040 875 2127 915 οἶνος
2155 873 2215 911 καὶ

1168 929 1332 976 ἀλήθεια,
1346 948 1361 963 »
1383 933 1444 967 τοῦ
1458 928 1626 968 Διονύσου
1644 929 1704 967 καὶ
1719 929 1796 968 τότε
1812 929 1976 983 ῥήξαντος
1990 932 2106 976 αὐτοῖς
2118 932 2215 985 παρὰ

1166 986 1271 1026 πότον
1300 987 1363 1033 τὴν
1384 987 1690 1040 ἐπικρυπτομένην
1720 989 1854 1037 στάσιν,
1888 988 2068 1028 διαλύεται
2090 990 2152 1041 μὲν
2176 991 2216 1030 τὸ

1168 1046 1361 1098 συμπόσιον
1379 1047 1555 1094 ἀτάκτως,
1570 1046 1629 1085 καὶ
1649 1046 1706 1085 διὰ
1727 1050 1837 1101 θυρῶν
1854 1047 2007 1101 ἐχώρουν
2027 1050 2215 1103 τεθορυὸη-

1169 1105 1264 1156 μένοι
1274 1105 1334 1143 καὶ
1344 1105 1662 1156 παρακεκινηκότες
1675 1106 1938 1159 (παρῳνηκότες
1952 1109 1966 1144 Ξ)
1979 1110 2092 1147 Class.
2107 1110 2134 1157 )·
2150 1111 2167 1146 ὃ
2178 1109 2214 1147 δὲ

1168 1164 1348 1215 Φράὸιθος
1368 1166 1410 1203 δι’
1445 1166 1570 1216 ἀρετῆς
1588 1164 1785 1217 ὖπερὸολὴν
1805 1165 1844 1203 τὸ
1864 1165 1971 1204 καλὸν
1993 1167 2052 1205 καὶ
2083 1166 2215 1206 δίκαιον

1167 1223 1310 1261 κάλλιον
1331 1222 1407 1273 ἅμα
1435 1223 1495 1262 καὶ
1524 1223 1782 1276 θεοφιλέστερον
1811 1223 2025 1273 ὀφθήσεσθαι
2050 1225 2213 1275 νομίζων,

1168 1283 1198 1319 εἰ
1217 1282 1381 1334 προσθείη
1402 1282 1528 1334 τάχος,
1549 1284 1587 1320 οὐ
1608 1282 1810 1333 περιμείνας
1832 1281 1946 1334 ἕτερον
1968 1282 2102 1335 καιρὸν,
2124 1284 2215 1337 ἀλλὰ

1168 1341 1392 1391 σπασάμενος
1412 1341 1451 1379 τὸ
1472 1341 1563 1394 ξίφος
1575 1344 1636 1387 τῆς
1654 1343 1807 1394 πλευρᾶς
1823 1341 2031 1395 Ἔριούλφου
2052 1342 2211 1390 διήλασε.

1169 1398 1241 1438 Καὶ
1266 1402 1283 1436 ὃ
1312 1399 1373 1449 μὲν
1403 1399 1515 1438 ἔκειτο
1536 1416 1668 1447 πεσων,
1700 1400 1970 1453 ὀνειροπολήσας
2002 1399 2065 1448 τὴν
2098 1401 2216 1440 ἄδικον

1159 1457 1374 1504 ἐπιὸουλήν·
1391 1461 1422 1496 οἱ
1443 1459 1478 1496 δὲ
1496 1459 1559 1479 *²⁰²

1220 1521 1313 1557 Exc.
1336 1522 1393 1556 De
1411 1527 1506 1556 sent.
1527 1533 1567 1569 p.
1590 1520 1661 1556 281
1689 1517 1920 1568 εΣυμποσίου
1941 1518 1977 1556 δὲ
1995 1519 2217 1571 προτεθέντος

1168 1577 1283 1620 αὐτοις
1302 1575 1400 1628 παρὰ
1416 1580 1475 1615 τοῦ
1495 1576 1666 1629 βασιλέως
1681 1576 1867 1628 ἁδροτέρου
1882 1576 1942 1615 καὶ
1963 1577 2217 1616 πολυτελεστέ-

1169 1650 1240 1688 ρου,
1255 1635 1318 1682 τὴν
1332 1635 1526 1688 παροιμίαν
1541 1635 1725 1680 ἀπέδειξαν
1740 1635 1904 1683 ἀληθινὴν
1920 1635 2014 1688 [τὴν]
2028 1637 2197 1689 λέγουσαν
2208 1653 2216 1661 ·

1168 1712 1184 1728 α
1205 1689 1293 1738 οἶνος
1312 1693 1373 1732 καὶ
1399 1694 1545 1741 ἀλήθεια
1571 1698 1631 1732 τοῦ
1652 1693 1835 1732 Διονύσου.
1860 1712 1873 1728 υ
1894 1694 1957 1734 Διὸ
1985 1695 2045 1734 καὶ
2063 1696 2121 1734 τὸν
2142 1696 2216 1735 θεὸν

1168 1751 1307 1796 εἰκότως
1329 1753 1456 1792 Λυαῖον
1477 1755 1655 1800 καλοῦσιν,
1672 1755 1718 1796 ὣς
1746 1755 1783 1791 οὐ
1811 1752 1914 1804 μόνον
1943 1754 2129 1792 διαλύοντα
2155 1755 2217 1800 τὰς

1166 1809 1289 1858 λύπας,
1305 1811 1396 1850 ἀλλὰ
1411 1811 1471 1850 καὶ
1488 1811 1527 1850 τὸ
1540 1811 1704 1863 στεγανὸν
1719 1814 1785 1850 τῶν
1800 1812 2012 1866 ἀπορρήτων
2029 1813 2215 1866 διαχέοντα

1166 1869 1226 1907 καὶ
1251 1869 1548 1910 διακαλύπτοντα.
1605 1870 1678 1909 Καὶ
1698 1870 1777 1908 τότε
1802 1870 1967 1924 ῥήξαντος
1986 1873 2102 1916 αὐτοῖς
2118 1874 2216 1922 παρὰ

1166 1927 1269 1967 πότον
1289 1929 1352 1975 τὴν
1374 1928 1513 1981 βουλὴν,
1543 1929 1722 1967 διαλύεται
1749 1929 1786 1967 τὸ
1812 1929 2007 1978 συμπόσιον
2035 1931 2211 1975 ἀτάκτως.

1220 1991 1276 2025 De
1292 2002 1333 2025 re
1351 1997 1504 2025 narrata
1518 1990 1563 2026 cf.
1585 1991 1755 2025 Zosimus
1775 1991 1839 2034 IV,
1867 1988 1914 2026 56
1938 1990 2030 2038 (392
2051 2004 2092 2039 p.
2111 1988 2188 2040 C.).

1165 2100 1294 2138 perator
1317 2099 1404 2130 dedit
1431 2099 1484 2138 jus
1508 2101 1714 2139 nuptiarum,
1743 2101 1775 2130 et
1806 2103 1896 2139 pater
1927 2100 2043 2140 puellae
2077 2100 2216 2140 (etenim

1164 2149 1225 2181 sub
1245 2151 1334 2190 patre
1361 2151 1582 2190 nutriebatur)
1611 2160 1679 2182 reni
1700 2150 1894 2189 admiratus,
1916 2151 2048 2183 beatum
2067 2161 2100 2184 se
2116 2152 2216 2184 duce-

1163 2200 1235 2239 bat,
1258 2201 1346 2241 quod
1362 2202 1459 2233 talem
1477 2211 1629 2242 generum
1649 2203 1764 2233 nactus
1781 2204 1872 2234 esset.
1896 2204 1940 2233 Ex
1969 2212 2007 2234 eo
2033 2203 2152 2235 factum
2169 2205 2217 2235 est

1164 2253 1201 2283 ut
1225 2253 1391 2292 nonnulli,
1415 2253 1470 2284 sed
1494 2253 1669 2284 admodum
1694 2254 1807 2294 pauci,
1833 2253 2042 2286 adolescentis
2063 2254 2216 2286 virtutem

1164 2308 1195 2336 et
1208 2305 1358 2345 pietatem
1379 2306 1529 2345 reveriti,
1543 2306 1583 2337 ad
1602 2306 1671 2345 ejus
1684 2314 1814 2338 causam
1828 2315 1862 2338 se
1875 2306 2092 2346 adjunxerint.
2109 2308 2214 2340 Multo

1164 2365 1241 2388 vero
1258 2358 1365 2397 plures
1381 2359 1413 2389 et
1438 2357 1470 2389 hi
1494 2358 1689 2398 potentiores
1701 2382 1710 2398 ,
1733 2367 1807 2398 quae
1820 2358 1917 2390 semel
1932 2359 1972 2390 ab
1989 2359 2079 2390 initio
2101 2359 2214 2392 decre-

1163 2412 1294 2449 verant,
1321 2411 1442 2442 tuenda
1461 2411 1520 2442 sibi
1541 2411 1676 2450 ducere,
1695 2412 1728 2442 et
1752 2413 1926 2451 conceptas
1951 2412 2082 2443 insidias
2105 2415 2216 2452 partu··

1163 2462 1299 2502 rientes,
1316 2462 1454 2494 insanire
1475 2464 1508 2494 et
1523 2462 1638 2494 furere.
1658 2464 1783 2494 Horum
1798 2463 1944 2503 princeps
1963 2465 2032 2495 erat
2057 2464 2214 2502 Eriulsus,

1163 2514 1212 2545 vir
1226 2514 1384 2554 impotens
1405 2516 1438 2546 et
1460 2514 1662 2546 furibundus.
1686 2517 1796 2551 Quum
1818 2517 1927 2546 autem
1947 2515 2018 2547 illos
2044 2516 2217 2556 imperator

1164 2566 1314 2597 convivio
1331 2566 1466 2598 lautiore
1491 2567 1686 2606 excepisset,
1715 2575 1828 2598 verum
1856 2575 1923 2598 esse
1950 2567 2029 2598 illud
2045 2568 2214 2607 antiquum

1165 2619 1368 2658 proverbium
1393 2618 1562 2658 apparuit,
1593 2617 1626 2649 in
1650 2618 1724 2649 vino
1748 2618 1916 2649 veritatem
1941 2627 2022 2650 esse.
2049 2621 2129 2651 Nam
2149 2619 2216 2659 ejus

1163 2679 1223 2710 ope
1244 2671 1276 2702 in
1304 2673 1452 2711 apertum
1473 2670 1578 2710 erupit
1596 2670 1721 2702 seditio.
1748 2671 1890 2702 Solvitur
1911 2671 2007 2711 igitur
2029 2671 2214 2702 convivium

1163 2722 1344 2762 incondite,
1369 2724 1401 2754 et
1416 2731 1529 2762 magna
1555 2731 1629 2753 cum
1654 2722 1871 2753 commotione
1888 2724 1919 2754 et
1937 2722 2123 2754 contusione
2137 2732 2214 2754 con-

1163 2776 1247 2806 vivae
1260 2775 1496 2806 tumultuantes
1521 2774 1605 2805 foras
1619 2773 1800 2813 prosiliunt.
1815 2775 1855 2805 At
1873 2774 2034 2813 Fravitta‚
2049 2783 2123 2814 quae
2146 2776 2215 2806 erat

1163 2826 1232 2866 ejus
1253 2826 1380 2858 virtutis
1399 2825 1585 2865 magnitudo
1598 2849 1607 2863 ‚
1634 2825 1659 2857 si
1682 2826 1791 2856 statim
1811 2825 1989 2866 prosiliret,
2004 2826 2168 2866 pulchrius
2183 2828 2215 2858 et

1161 2878 1282 2918 justius
1306 2887 1340 2910 se
1372 2878 1534 2910 facturum
1563 2877 1773 2909 existimavit.
1802 2878 1916 2917 ltaque
1939 2886 2003 2908 non
2031 2879 2215 2917 exspectato

1163 2932 1227 2963 alio
1247 2933 1410 2971 tempore,
1436 2939 1513 2962 ense
1539 2930 1656 2962 educto
1676 2931 1762 2962 latus
1783 2930 1893 2961 Eriulti
1918 2929 2061 2961 confodit
2083 2942 2090 2961 ι
2111 2931 2143 2961 et
2162 2930 2214 2962 ille

1163 2983 1293 3024 quidem
1309 2983 1469 3023 collapsus
1478 2982 1606 3022 jacebat
1616 3006 1625 3019 ‚
1643 2982 1818 3022 somnians,
1830 2991 1932 3023 quum
1945 2983 2020 3013 ante
2035 2981 2067 3013 iu
2082 2982 2215 3013 somniis

1164 3035 1314 3075 injustam
1327 3034 1571 3075 aggressionem.
1588 3034 1605 3050 *
1622 3035 1639 3051 *
1658 3033 1675 3050 *

1195 3087 1434 3128 Quumqueillis
1443 3087 1614 3128 aliquando
1624 3086 1664 3118 ab
1674 3086 1865 3126 imperatore
1875 3086 1992 3126 largius
2002 3094 2039 3117 ac
2047 3094 2082 3117 su
2089 3086 2212 3125 mptuo-

1163 3141 1229 3171 sius
1241 3140 1425 3171 convivium
1441 3139 1550 3171 suisset
1559 3139 1751 3177 exhibitum,
1771 3147 1872 3170 verax
1889 3138 1993 3178 patuit
2007 3137 2211 3177 proverbium

1163 3191 1259 3231 illud,
1274 3191 1390 3223 Bacchi
1411 3191 1522 3222 vinum
1537 3191 1569 3223 et
1584 3191 1713 3223 veritas.
1757 3193 1864 3228 Quare
1877 3191 1908 3221 et
1925 3189 1986 3220 lioc
1999 3197 2118 3220 numen
2134 3197 2210 3219 con—

1164 3246 1314 3284 gruenter
1341 3244 1492 3276 Liberum
1515 3244 1688 3284 appellant,
1710 3244 1786 3284 quia
1811 3251 1876 3274 non
1900 3242 2003 3273 solum
2022 3240 2211 3272 moeroribus

1165 3296 1296 3335 liberat,
1323 3304 1438 3326 verum
1454 3295 1552 3327 etiam
1581 3295 1698 3326 mentis
1726 3303 1842 3326 arcana
1869 3293 2014 3324 dissolvit
2039 3294 2070 3323 et
2097 3292 2208 3331 aperit.

1165 3350 1272 3385 Quare
1298 3348 1330 3378 et
1349 3347 1475 3379 illorum
1501 3355 1602 3387 quum
1619 3347 1702 3378 inter
1726 3346 1839 3386 pocula
1869 3343 1999 3376 consilia
2022 3342 2210 3382 revelasset,

1166 3400 1350 3432 convivium
1364 3399 1565 3431 turbulenter
1578 3398 1770 3430 dissolutum
1794 3399 1850 3430 est.
