2326 3724
1011 141 1342 183 FRAGMENTA.
2172 153 2220 187 45

69 229 130 269 καὶ
148 229 186 268 τὸ
202 227 294 282 ἔχειν
313 228 424 280 ἑαυτῷ
439 225 459 264 δ’
473 241 505 264 τι
526 224 683 278 βούλοιτο
702 225 894 276 κεχρῆσθαι
912 221 971 260 καὶ
987 223 1111 270 ἀδεῶς,

70 288 126 327 διά
142 303 178 326 τε
199 287 306 336 μέθην
327 285 434 324 νύκτα
453 283 513 322 καὶ
533 283 667 335 ἡμέραν
687 284 749 320 οὒκ
767 281 912 329 εἰδέναι,
930 280 1008 319 οὔτε
1024 283 1109 319 ἀνα-

22 375 23 378 =
43 392 45 394 ,
68 346 230 386 τέλλοντα
249 345 308 384 καὶ
331 343 495 394 δυόμενον
515 346 667 395 καθορᾶν
683 341 794 388 ἥλιον,
810 339 871 378 ἴσα
887 340 947 378 καὶ
966 341 1111 392 οὐρανοῦ

25 404 44 435 ”’·-’
70 399 158 444 εἶναι
178 404 323 455 νομίσας
344 403 407 450 τὴν
429 402 655 453 μετάκλησιν,
674 403 712 439 ἐκ
731 403 800 438 τῶν
818 398 958 437 ἀλύπων
973 399 1032 437 καὶ
1044 399 1112 436 δια·

25 489 40 514 ς,
67 463 267 516 κεχυμένων
290 462 375 515 πρὸς
394 460 580 512 ὀλιγωρίαν
596 458 782 512 διατριὸῶν
803 458 1005 510 ἀπορρήξας
1027 460 1110 496 ἑαυ-

20 542 28 571 3
66 522 123 561 τὸν
143 522 203 561 καὶ
231 520 437 562 κατατείνας
468 519 530 566 τὴν
555 517 671 570 ψυχὴν
699 519 746 561 εἷς
767 516 975 570 φιλοδοξίαν,
1006 516 1112 568 βαρὺς

0 590 1 629 γ
66 580 217 623 ἀναστὰς
239 581 278 618 ἐκ
295 577 508 630 Παμφυλίας
526 577 582 616 ἐπὶ
600 575 734 616 Λυδίαν
753 575 973 628 ἀνέστρεφεν,
1004 578 1049 618 ὡς
1069 574 1111 612 ἂν

70 639 113 686 δή
131 655 183 683 τις
209 638 402 690 βασιλεύων
424 635 447 682 ἢ
468 636 525 674 τόν
546 651 585 686 γε
615 633 760 688 βασιλέα
781 633 841 672 καὶ
865 633 922 671 τὸν
950 635 1112 684 εὐνοῦχον

65 696 155 737 κατὰ
183 697 354 749 πάρεργόν
375 711 408 734 τι
441 694 583 733 παιδιὰν
617 696 724 746 (παρ.
748 709 786 733 π.
812 709 907 740 τινα,
938 694 1042 731 Suid.
1071 707 1107 731 v.

66 756 218 807 Παιδιά)
242 755 452 805 θησόμενος,
471 756 499 792 εἷ
523 753 695 805 βούλοιτο.

117 817 299 864 Quaedam
310 817 400 851 hinc
415 815 550 851 Suidas
568 815 708 862 repetit
721 826 750 849 s.
765 825 800 850 V.
820 809 955 863 Γαῦρός
971 819 1007 847 et
1025 812 1110 849 Παι-

65 874 135 913 διά.
156 878 213 912 De
232 876 306 911 hoc
327 875 513 917 Timasio‚
531 874 597 921 qui
617 872 706 908 inde
727 884 749 907 a
766 872 931 908 Valentis
953 878 1110 919 tempo—

65 935 169 972 ribus
185 935 284 970 inter
299 934 462 969 militum
478 932 594 968 duces
610 931 821 976 eminebat,
835 944 872 968 V.
890 931 1028 966 Zosim.
1044 931 1106 974 IV,

66 993 131 1039 45.
156 999 216 1041 49.
234 991 295 1035 54.
314 992 490 1040 Eutropii
506 991 689 1026 machinis
703 991 982 1025 circumventus
998 989 1109 1024 exilio

63 1053 244 1087 multatur
262 1050 381 1100 (396).
401 1053 443 1087 V.
464 1052 547 1086 zos.
564 1051 616 1095 V,
646 1047 668 1084 8
692 1061 767 1096 sq.‚
792 1049 878 1086 coll.
897 1049 1045 1097 Eunap.
1064 1047 1108 1082 fr.

67 1123 85 1158 7
97 1124 109 1146 1
121 1139 130 1148 .
153 1123 200 1157 72
210 1138 217 1145 .

554 1197 616 1230 71.

115 1281 209 1316 Exc.
236 1281 293 1316 De
311 1286 407 1316 sent.
427 1291 466 1327 p.
489 1277 579 1315 282.
612 1277 686 1315 283
713 1291 722 1314 t
841 1291 926 1328 ρασε
951 1275 1109 1328 καθάπερ

63 1336 98 1382 ἐξ
118 1338 263 1389 οὐρανοῦ
279 1336 364 1388 πρὸς
385 1334 447 1382 τὴν
464 1338 529 1386 γῆν
549 1334 732 1387 διενεχθὲν,
750 1335 810 1374 καὶ
826 1334 919 1374 κατὰ
935 1338 1056 1372 τοῦτον
1073 1337 1106 1378 ἐς

63 1395 272 1449 ἀνθρώπινα.
295 1395 339 1434 Ὁ
367 1393 430 1444 μὲν
460 1391 517 1432 οὖν
537 1394 673 1446 Βάργος
697 1394 759 1441 τὴν
786 1393 899 1446 ἀρχὴν
916 1394 1109 1437 πιστευθεὶς

62 1454 159 1507 παρὰ
183 1458 242 1492 τοῦ
263 1452 426 1505 εὐνούχου
458 1452 548 1505 ἐξῄει
569 1454 665 1503 μάλα
698 1453 839 1506 φαιδρὸς
864 1452 925 1490 καὶ
953 1451 1108 1503 γεγηθὼς

41 1539 47 1543 Δ
61 1514 117 1552 ἐπὶ
136 1512 198 1560 τὴν
219 1511 344 1567 ἀρχὴν,
359 1515 406 1556 ὡς
421 1512 463 1550 ἂν
485 1510 596 1565 ἀρχὰς
612 1511 869 1562 ὑποθησόμενος
883 1514 996 1563 ἑαυτῷ
1013 1527 1107 1555 τινας

60 1573 184 1620 πάλιν,
205 1572 265 1610 καὶ
286 1571 375 1622 μετὰ
395 1571 535 1609 πολλῶν
565 1570 625 1608 καὶ
656 1570 914 1624 διεφθαρμένων
936 1586 1106 1623 στρατιω-

62 1634 144 1678 τῶν,
157 1631 243 1684 πρὸς
257 1630 297 1669 τὸ
313 1632 478 1679 πολεμεῖν
495 1635 566 1673 τοῖς
582 1629 791 1682 εὐεργέταις
808 1633 858 1683 τῷ
874 1628 940 1681 γὰρ
955 1629 1107 1680 περιόντι

61 1692 121 1736 τῆς
136 1689 267 1738 τόλμης
287 1688 345 1727 καὶ
362 1690 411 1741 τῷ
429 1687 566 1739 μεγέθει
582 1691 650 1726 τῶν
666 1687 942 1741 ἐγχειρουμένων
959 1688 1107 1732 πολλοὺς

47 1749 127 1797 γἤδη
147 1747 408 1800 περιπεφευγὼς
422 1746 615 1795 κινδύνους,
638 1749 670 1791 ἐς
686 1748 724 1786 τὸ
745 1748 921 1786 ἀκίνδυνον
938 1747 1006 1795 ἤδη
1020 1747 1106 1800 πρὸς

61 1805 198 1844 ἅπαντα
212 1806 272 1845 καὶ
284 1805 363 1843 λίαν
379 1805 522 1858 εὐτυχὲς
535 1805 598 1852 τὴν
612 1805 746 1856 τόλμαν
765 1806 975 1851 ἐξεὸιάζετο.
997 1808 1105 1845 Συνε-

58 1865 202 1918 τώτερος
222 1864 258 1903 δὲ
287 1864 334 1902 ὢν
355 1864 427 1918 (sc.
457 1867 475 1902 ὁ
495 1866 674 1917 εὐνοῦχος)
696 1865 787 1904 κατὰ
810 1866 919 1909 πόδας
947 1866 1003 1918 ᾔει
1022 1866 1107 1919 πρὸς

58 1923 120 1970 τὴν
145 1923 350 1970 ἐπιὸουλήν.
382 1924 455 1963 Καὶ
483 1924 570 1970 δῆτα
594 1921 679 1974 γυνὴ
704 1923 851 1976 συνῴκει
881 1928 931 1977 τῷ
956 1924 1105 1978 Βάργῳ·

58 1981 189 2028 ταύτην
208 1981 265 2020 διὰ
284 1981 498 2032 καθειμένων
527 1982 718 2035 ἀνθρώπων
734 1982 846 2020 πάλαι
867 1982 951 2034 πρὸς
968 1982 1026 2020 τὸν
1045 1983 1106 2021 ἄν-

59 2041 124 2093 δρα
139 2041 196 2078 τὸν
211 2039 398 2091 λεγόμενον
418 2040 608 2092 ἀλλοτρίως
633 2039 796 2092 ἔχουσαν,
814 2040 871 2078 διά
895 2056 984 2084 τινος
1000 2043 1106 2093 ἠρτυ-

14 2145 19 2150 '
58 2099 162 2147 μένης
187 2099 247 2136 καὶ
279 2098 575 2149 συνεσκιασμένης
594 2099 802 2146 ἐπιδουλῆς,
833 2100 890 2136 ἐπὶ
919 2099 977 2137 τὸν
999 2100 1105 2151 ἄνδρα

56 2156 175 2210 ὥσπερ
201 2156 339 2209 ἔχιδναν
361 2156 495 2210 νωθρὰν
524 2158 584 2194 καὶ
600 2156 668 2194 ὑπὸ
688 2156 812 2207 κρύους
834 2157 1102 2210 κατεψυγμένην

57 2220 132 2260 ταῖς
146 2215 390 2266 ὑποκειμέναις
402 2215 625 2267 ἐπαγγελίαις
640 2215 833 2264 ἀνέστησαν
845 2216 904 2254 καὶ
918 2215 1098 2269 ὤρθωσαν.

57 2274 129 2314 Καὶ
148 2275 243 2318 τέλος
260 2274 377 2328 φυγὼν
405 2274 465 2312 καὶ
487 2274 694 2327 συλληφθεὶς
718 2274 782 2322 τὴν
811 2276 879 2312 τῶν
901 2275 1102 2328 ἀχαρίστων

20 2359 22 2361 f
56 2332 186 2386 ὑπέσχε
207 2333 319 2380 δίκην.
344 2333 416 2372 Καὶ
440 2335 457 2371 ὁ
481 2333 543 2384 μὲν
565 2333 687 2372 ἑαυτὸν
711 2332 952 2384 μανικώτατον
971 2334 1031 2372 καὶ
1047 2333 1103 2372 τὸν

61 2394 226 2444 εὐνοῦχον
243 2392 505 2446 φρονιμώτατον
522 2392 725 2445 [ἀποδείξας
737 2393 872 2444 Nieb.]
891 2392 1001 2431 ἔκειτο
1019 2409 1106 2446 μαρ-

54 2513 155 2544 quum
169 2504 273 2545 prima
290 2505 476 2536 mortalium
491 2505 576 2536 bona
592 2505 724 2536 duceret
739 2505 896 2536 honorem
917 2505 950 2536 et
967 2504 1101 2545 gloriam
1128 2507 1138 2564 1

55 2559 87 2589 et
101 2556 267 2589 affluentes
280 2566 356 2598 opes
369 2559 401 2589 et
414 2557 570 2589 arbitratu
577 2566 634 2589 suo
642 2558 675 2589 et
681 2566 792 2590 secure
802 2556 929 2589 vivendi
939 2556 1101 2589 licentiam

54 2611 84 2640 et
99 2617 154 2649 per
175 2608 360 2640 ebrietatem
374 2610 502 2642 noctem
518 2610 551 2641 et
565 2609 650 2641 diem
665 2609 806 2649 nescire,
823 2617 928 2649 neque
944 2609 1100 2641 orientem

54 2670 159 2702 neque
175 2661 373 2693 occidentem
393 2662 492 2694 solem
516 2661 675 2702 aspicere,
699 2669 865 2702 quumque
881 2662 1101 2694 evocationem

55 2714 143 2745 illa'm
151 2723 208 2754 pro
219 2714 338 2746 coelesti
352 2714 482 2747 haberet
491 2715 636 2755 imperio,
650 2714 692 2746 ab
702 2714 822 2755 ignavis
829 2716 860 2746 et
870 2714 903 2746 in
917 2723 1030 2746 omnes
1039 2715 1094 2747 de-

54 2765 141 2798 licias
150 2766 287 2798 remissis
299 2767 374 2798 vitae
390 2766 503 2799 studiis
515 2776 548 2798 se
561 2766 712 2806 avellens,
724 2766 868 2798 animum
879 2765 919 2798 ad
928 2766 1036 2806 gloriae
1045 2775 1100 2798 cu-

53 2818 218 2859 piditatem
231 2819 384 2860 intendit,
398 2821 431 2852 et
453 2828 494 2851 ex
521 2819 708 2860 Pamphylia
730 2819 834 2860 gravis
846 2819 878 2850 in
894 2819 1027 2859 Lydiam
1040 2820 1100 2852 iter

53 2870 330 2912 direxittanquam
341 2881 397 2904 rex
405 2873 536 2912 quidam
547 2897 556 2912 ,
565 2874 621 2904 aut
634 2872 690 2913 qui
700 2873 750 2904 vcl
761 2872 865 2913 ipsum
875 2873 1099 2913 imperatorem

42 2925 84 2966 Ιεἰ
102 2925 288 2956 eunuchum
302 2925 400 2957 animi
411 2934 506 2957 causa
520 2925 612 2957 ludos
628 2926 770 2957 facturus
785 2927 880 2966 esset,
891 2925 918 2957 si
932 2926 1039 2958 vellet.

558 2982 578 3013 7
586 2981 617 3014 1.

152 3035 306 3075 tanquam
323 3035 405 3067 coelo
421 3035 454 3066 in
471 3036 592 3067 terram
614 3035 759 3076 adeoque
779 3036 862 3068 inter
878 3036 1023 3068 homines
1042 3036 1098 3068 de-

54 3085 198 3118 missum.
217 3088 337 3127 Bargus
352 3087 461 3127 itaque
476 3087 516 3119 ab
526 3088 675 3119 eunucho
692 3088 703 3125 (
716 3089 903 3129 Eutropio)
920 3091 1097 3129 promotus,

55 3146 168 3178 magno
178 3139 314 3178 gestiens
328 3138 442 3178 gaudio
452 3139 638 3179 dignitatem
654 3140 840 3180 occupavit;
860 3140 977 3180 quippe
993 3141 1048 3180 qui
1067 3143 1099 3173 et

55 3187 116 3219 alia
137 3188 196 3219 sibi
209 3198 318 3220 rursus
335 3198 468 3221 munera
490 3190 597 3222 animo
613 3199 671 3222 suo
687 3190 922 3231 despondebat;
939 3192 1098 3232 coepitque

55 3248 118 3271 non
130 3240 198 3272 sine
214 3241 318 3273 multo
331 3243 557 3283 corruptorum
579 3243 718 3275 militum
731 3253 866 3275 numero
882 3244 1097 3276 benefactores

54 3300 129 3323 suos
145 3293 392 3334 (Eutropium)
403 3302 599 3335 oppugnare.
642 3296 721 3327 Nam
738 3295 793 3335 qui
810 3295 951 3326 audaciae
960 3304 1027 3326 suae
1040 3303 1096 3326 ex-

53 3344 234 3384 superantia
247 3353 282 3376 ac
304 3345 522 3386 magnitudine
541 3355 673 3378 suorum
687 3347 865 3379 facinorum
879 3346 1097 3387 compluribus

1176 227 1297 277 τυρῶν,
1334 223 1454 271 ἡλίκον
1498 224 1572 261 ἐστὶ
1605 224 1643 262 τὸ
1677 227 1737 271 τ’ἧς
1774 227 1980 279 ἀχαριστίας
2022 227 2117 279 παρὰ
2155 231 2222 280 θεῷ

1177 282 1351 333 ἔγκλημα.

1226 344 1368 391 Bargus
1384 343 1444 378 ille
1459 340 1573 390 Syrus
1589 355 1608 377 e
1624 342 1811 387 Laodice,
1827 344 1916 378 olim
1934 343 2221 391 ἀλλαντοπώλης,

1173 401 1291 437 homo
1308 414 1491 449 nequam,
1514 413 1536 436 a
1550 402 1732 445 Timasio‚
1751 401 1859 447 cujus
1880 403 1918 436 in
1936 405 2096 450 gratiam
2115 417 2152 439 se
2172 405 2222 439 in·

1173 461 1404 505 sinuaverat,
1427 460 1576 495 cohorti
1593 461 1755 494 militum
1778 461 1976 508 praefectus
1989 488 1998 505 ‚
2023 469 2059 497 et
2075 474 2120 497 ex
2136 463 2224 498 Asia

1174 511 1542 567 Constantinopolim
1559 519 1746 554 abductus
1763 520 1895 558 fuerat.
1912 522 1958 556 In
1977 522 2078 568 regia
2098 529 2223 557 autem

1173 579 1316 626 Bargus
1337 579 1509 626 Eutropii
1528 578 1721 626 promissis
1744 578 1921 614 seductus
1944 586 2076 614 contra
2096 580 2222 616 Tima-

1173 637 1269 671 sium
1283 644 1481 672 accusator
1500 638 1659 681 exstitit,
1676 637 1837 684 viroque
1855 638 1902 673 de
1919 650 1957 673 se
1977 638 2122 685 optime
2143 651 2222 674 me-

1175 696 1250 731 rito
1268 703 1403 731 auctor
1419 695 1489 730 fuit
1510 696 1626 732 exilii.
1646 696 1735 730 Post
1753 697 1831 732 haec
1859 697 1984 744 ipsum
2005 697 2118 731 etiam
2140 696 2222 732 Eu-

1175 755 1342 802 tropium
1355 782 1366 802 ,
1382 755 1449 802 qui
1463 755 1626 789 militare
1643 766 1779 790 munus
1796 755 1830 791 ei
1848 756 2033 790 tribuerat
2049 783 2058 802 ,
2077 755 2223 791 insidiis

1173 825 1364 861 aggressus
1392 820 1466 858 est,
1497 813 1564 848 sed
1603 814 1702 848 ausis
1735 814 1911 850 excidens
1939 826 2072 862 poenas
2098 813 2219 850 dedit.

1173 871 1266 908 Vide
1287 872 1457 907 Zosimus
1479 873 1531 918 V,
1561 883 1606 906 10
1630 870 1768 921 (396).

1667 978 1732 1011 72.

1226 1046 1327 1083 Ibid.
1354 1059 1394 1095 p.
1418 1045 1493 1081 283
1526 1057 1536 1084 :
1564 1042 1651 1083 Ὅτι
1678 1045 1695 1081 ὅ
1725 1045 1885 1096 εὐνοῦχος
1916 1048 2035 1083 τοῦτον
2062 1048 2223 1083 τοσοῦτον

1171 1102 1254 1141 ὄντα
1269 1103 1329 1141 καὶ
1347 1104 1554 1150 τηλικοῦτον
1568 1101 1730 1140 ἐκὸαλὼν
1746 1107 1807 1141 τοῦ
1827 1103 1902 1156 βίου
1913 1135 1922 1151 ,
1937 1105 2095 1156 εὐνοῦχος
2115 1103 2222 1157 ἄνδρα

1172 1162 1232 1200 καὶ
1254 1163 1372 1206 δοῦλος
1387 1161 1519 1200 ὕπατον
1536 1161 1597 1200 καὶ
1618 1162 1867 1212 θαλαμηπόλος
1882 1162 1940 1200 τὸν
1961 1160 2018 1200 ἐπὶ
2039 1164 2108 1205 τοῖς
2122 1178 2220 1214 στρα-

1171 1220 1328 1264 τοπέδοις
1359 1221 1605 1272 γεγενημένον,
1636 1220 1728 1271 μέγα
1759 1220 1800 1267 δή
1827 1236 1860 1258 τι
1888 1220 1948 1259 καὶ
1980 1219 2067 1272 ὑπὲρ
2097 1219 2223 1273 ἄνδρας

1171 1278 1325 1332 ἐφρόνει·
1342 1279 1402 1317 καὶ
1418 1279 1466 1330 μή
1489 1295 1539 1323 τις
1557 1294 1597 1330 γε
1612 1279 1652 1317 τὸ
1673 1278 1937 1317 Ἀὅουνδαντίου
1955 1279 2081 1326 πάθος,
2102 1279 2222 1317 κάκεί-

1171 1353 1227 1375 νου
1248 1337 1452 1381 τελέσαντος
1472 1339 1518 1381 εἷς
1545 1337 1740 1381 ὑπάτους...

1223 1399 1397 1435 Τοσοῦτον
1418 1397 1523 1447 ὄντα]
1547 1414 1563 1431 α
1583 1399 1686 1434 Dicit
1712 1399 1937 1446 Timasium,
1962 1410 2077 1446 quem
2096 1405 2222 1433 tamen

1169 1457 1340 1494 Zosimus
1356 1470 1435 1493 non
1449 1459 1616 1493 occisum
1627 1484 1637 1502 ,
1656 1457 1723 1492 sed
1739 1458 1946 1506 relegatum
1960 1457 2007 1492 ad
2024 1457 2150 1492 oasim
2167 1457 2222 1492 di-

1170 1517 1243 1565 cit,
1264 1517 1410 1552 incerta
1427 1516 1515 1552 dein
1530 1516 1630 1551 fama
1643 1543 1652 1560 ‚
1672 1529 1764 1551 num
1778 1516 1831 1551 ibi
1850 1517 2008 1564 perierit
2032 1527 2078 1550 an
2094 1516 2222 1563 potius

1169 1576 1341 1612 evaserit.
1370 1577 1466 1610 Item
1493 1575 1750 1623 Hieronymus
1778 1576 1849 1623 Ep.
1871 1575 1962 1622 LX,
1990 1573 2034 1610 15
2058 1587 2066 1610 :
2095 1576 2221 1610 Tima—

1167 1638 1240 1669 sius
1268 1637 1530 1682 praecipitatus
1558 1641 1709 1682 repente
1741 1634 1788 1669 de
1820 1635 2000 1668 altissimo
2029 1634 2222 1680 dignitatis

1166 1694 1305 1740 gradu,
1333 1696 1488 1728 evasisse
1504 1705 1543 1728 se
1567 1701 1700 1741 putat,
1725 1693 1829 1740 quod
1845 1694 1953 1728 Assae
1979 1695 2072 1727 vivit
2096 1694 2219 1741 inglo-

1167 1755 1241 1786 rius
1264 1768 1294 1788 υ.
1315 1752 1404 1789 MAI.
1425 1751 1480 1789 Cf.
1500 1752 1715 1787 Tillemont.
1733 1753 1782 1796 V,
1799 1764 1838 1799 p.
1860 1745 2220 1793 436.—’A60uv801v-

1167 1808 1240 1846 τίου
1259 1808 1391 1859 πάθος]
1412 1826 1426 1842 «
1447 1811 1600 1846 Scilicet
1628 1810 1920 1854 Abundantius,
1945 1810 2010 1857 qui
2027 1808 2110 1855 J'am
2131 1809 2220 1845 inde

1167 1881 1189 1905 a
1207 1869 1377 1906 Gratiani
1404 1869 1641 1916 temporibus
1667 1869 1918 1913 militaverat,
1946 1874 1982 1903 et
2001 1868 2071 1902 sub
2097 1867 2219 1903 Theo-

1168 1927 1277 1963 dosio
1311 1929 1458 1964 seniore
1490 1940 1656 1963 summos
1685 1928 1851 1962 honores
1886 1927 2043 1974 adeptus
2074 1926 2217 1971 fuerat,

1167 1994 1307 2034 praetor
1327 1988 1440 2022 etiam
1458 1994 1494 2021 et
1512 1987 1644 2021 consul
1668 1986 1885 2034 designatus
1909 1997 1916 2020 :
1933 1997 2034 2020 nunc
2051 1984 2219 2031 denique

1169 2045 1342 2093 Eutropii
1371 2045 1515 2080 invidia
1531 2052 1568 2079 et
1599 2044 1743 2079 insidiis
1781 2044 2014 2091 patrimonio
2047 2054 2215 2087 eversus,

1168 2104 1254 2138 aula
1282 2104 1411 2151 pulsus
1439 2104 1560 2138 fuerat
1577 2131 1587 2151 ,
1608 2103 1866 2154 Sidonemque
1890 2102 2062 2137 habitare
2076 2100 2217 2147 jussus,

1167 2169 1210 2196 ut
1246 2162 1298 2196 ait
1325 2162 1495 2197 Zosimus
1526 2163 1575 2206 V,
1611 2173 1669 2196 10.
1703 2155 1930 2207 Quanquam
1963 2161 2218 2207 Hieronymus

1170 2219 1260 2269 (Ep.
1282 2221 1374 2265 LX,
1403 2219 1471 2269 16)
1500 2220 1674 2267 Pityunte
1703 2219 1994 2254 Abundantium
2018 2225 2124 2254 aetate
2151 2231 2218 2255 sua

1165 2280 1315 2314 exulare
1332 2286 1503 2327 egentem
1528 2277 1715 2322 affirmat,
1736 2290 1818 2325 quae
1842 2285 1897 2313 est
1922 2278 2014 2312 urbs
2042 2278 2214 2313 Pontica.

1165 2338 1240 2374 Sed
1254 2339 1373 2383 enim,
1390 2345 1434 2373 ut
1452 2338 1628 2373 observat
1641 2337 1861 2382 Vallarsius,
1878 2337 2056 2372 conciliat
2075 2336 2216 2371 discre-

1165 2397 1336 2444 pantiam
1357 2396 1525 2432 Asterius
1548 2397 1777 2444 Amasenus,
1805 2407 1851 2431 ex
1871 2408 1948 2442 quo
1975 2395 2216 2443 intelligimus

1165 2505 1315 2546 periculis
1327 2506 1394 2546 jam
1404 2507 1560 2545 evaserat,
1572 2506 1680 2537 tutum
1696 2513 1730 2537 se
1742 2513 1780 2536 ac
1796 2513 1852 2545 per
1864 2504 1972 2536 omnia
1988 2504 2111 2538 felicem
2128 2513 2216 2544 pror-

1166 2566 1220 2590 sus
1232 2558 1448 2591 existimabat.
1460 2561 1499 2590 At
1508 2558 1692 2599 Eutropius,
1707 2558 1820 2598 utpote
1830 2557 1976 2597 callidus,
1988 2557 2120 2597 vestigia
2129 2565 2214 2597 quac-

1160 2610 1235 2642 dam
1247 2619 1440 2652 persequens
1452 2610 1492 2641 ad
1506 2609 1708 2641 instruendas
1724 2609 1853 2641 insidias
1866 2609 2068 2649 properabat.
2086 2609 2214 2640 Etenim

1160 2663 1261 2703 Bargo
1274 2662 1453 2694 concubina
1468 2662 1619 2702 quaedam
1638 2662 1725 2700 erat;
1742 2669 1838 2700 quam
1854 2660 1928 2691 huic
1939 2660 2132 2701 jampridem
2149 2660 2213 2691 ira-

1160 2715 1239 2754 tam,
1249 2714 1419 2746 artificiosa
1427 2722 1464 2745 ac
1472 2713 1589 2745 latente
1602 2712 1714 2744 fraude
1723 2736 1731 2751 ‚
1749 2712 1900 2744 adversus
1913 2713 2048 2752 Bargum
2059 2713 2212 2752 tanquam

1160 2768 1329 2799 colubrum
1353 2767 1518 2807 torpidum
1534 2766 1670 2806 geluque
1695 2765 1850 2804 rigentem
1876 2765 2015 2805 praemiis
2042 2765 2212 2805 propositis

1160 2820 1412 2852 concitaverunt.
1438 2821 1545 2856 Quare
1568 2821 1686 2858 Bargus
1706 2819 1867 2858 postremo
1884 2817 1990 2857 sugam
2016 2809 2151 2848 moliens
2171 2818 2203 2848 et

1159 2871 1425 2911 comprehensus,
1448 2870 1562 2909 ingrati
1575 2870 1672 2901 animi
1686 2870 1734 2901 sui
1751 2878 1860 2909 poenas
1873 2869 1944 2899 luit.
1961 2869 1998 2899 Et
2013 2868 2063 2898 liic
2077 2867 2206 2908 quidem

1159 2923 1395 2955 insanissimum
1407 2931 1454 2962 se,
1469 2922 1651 2954 eunuchum
1664 2930 1739 2953 vero
1752 2919 2034 2961 prudentissimum
2052 2919 2207 2958 ostendit;

1159 2978 1191 3008 et
1213 2976 1407 3008 documento
1432 2975 1512 3016 fuit,
1536 2984 1634 3016 quam
1659 2974 1719 3006 (leo
1744 2973 1884 3005 invisum
1906 2972 1947 3004 sit
1969 2971 2083 3012 ingrati
2109 2971 2207 3003 animi

1159 3029 1292 3060 crimen.

1647 3083 1705 3115 72.

1199 3137 1375 3170 Eunuchus
1388 3137 1399 3178 (
1409 3139 1600 3178 Eutropius
1615 3137 1627 3177 )
1642 3137 1809 3177 postquam
1827 3135 1923 3167 talem
1936 3135 2126 3174 tantumque
2145 3133 2202 3165 lio-

1158 3189 1276 3221 minem
1291 3189 1357 3221 vita
1372 3190 1581 3229 spoliaverat,
1608 3188 1705 3229 spado
1724 3188 1844 3219 scilicet
1861 3187 1965 3218 virum
1976 3210 1984 3225 ,
2000 3194 2111 3217 servus
2125 3194 2201 3216 con-

1156 3241 1258 3274 sulem
1270 3265 1279 3280 ‚
1302 3242 1518 3273 cubicularius
1534 3241 1678 3272 minister
1691 3241 1856 3272 versatum
1870 3240 1902 3270 in
1915 3238 2026 3269 castris
2045 3237 2178 3268 militem
2190 3262 2199 3276 ,

1156 3302 1287 3334 magnos
1305 3293 1434 3333 spiritus
1452 3295 1484 3325 et
1499 3292 1582 3324 virili
1601 3301 1679 3324 sexu
1705 3292 1842 3330 maiores
1858 3292 2046 3330 sumpserat.
2092 3290 2132 3319 Et
2159 3297 2200 3320 ne

1155 3346 1226 3388 quis
1242 3346 1436 3378 Abundantii
1452 3346 1678 3384 calamitatem,
1695 3345 1748 3386 qui
1765 3346 1796 3377 et
1808 3345 1872 3385 ipse
1888 3343 1998 3375 consul
2017 3342 2154 3373 fuerat...
