2326 3724
783 209 795 222 Q

122 231 195 264 128

117 312 267 361 πέμπειν
284 311 342 350 τὸν
361 311 590 364 πρεσὸευτήν.
609 310 704 359 Ἤδη
724 311 759 350 δὲ
788 312 1001 365 ὁρμωμένοις
1020 316 1037 351 ὁ
1057 313 1152 365 παρὰ

117 373 178 407 τοῦ
196 370 422 419 Ἀδαμαντίου
435 370 763 422 προαπεσταλμένος
777 369 902 414 ἱππεὺς
921 373 1078 423 ἀπαντᾷ,
1095 371 1152 409 τὸν

120 430 185 464 τῶν
208 427 393 480 βαρὸάρων
415 428 504 480 ἔχων
526 428 637 480 ἱερέα,
658 429 694 466 ὃν
722 430 753 466 οἱ
778 429 981 479 Χριστιανοὶ
1009 431 1154 466 καλοῦσι

117 485 361 537 πρεσὸύτερον,
383 488 427 529 ὡς
446 486 562 524 πίστιν
581 489 642 532 τῆς
669 486 785 528 ἀδείας
814 488 908 539 αὐτῷ
933 487 1150 533 ἐπιθήσοντα.

117 540 286 593 ’Έχοντες
306 537 363 580 οὖν
393 543 494 581 αὐτὸν
516 542 575 581 σὺν
605 546 720 586 αὑτοῖς
747 543 950 593 ἠπείγοντο,
978 544 1036 581 καὶ
1071 546 1153 596 ἀφι-

118 605 278 638 κνοῦνται
298 603 343 644 εἷς
363 601 556 652 Λυχνῃδόν.
582 603 663 640 Τῶν
684 601 718 639 δὲ
740 603 777 639 ἐκ
796 604 856 647 τῆς
874 602 1005 644 πόλεως
1027 604 1095 639 τῶν
1119 605 1152 639 ἐν

119 661 194 702 ταῖς
214 658 322 702 ἀξίαις
337 658 635 708 (παλαιόπλουτός
653 675 690 697 τε
710 658 775 710 γὰρ
796 658 881 705 αὕτη
899 659 958 696 καὶ
981 659 1153 709 εὐδαίμων

117 719 139 762 ἡ
161 716 280 767 πόλις)
306 717 364 754 καὶ
389 719 456 754 τῶν
477 717 590 754 ἄλλων
622 717 910 766 ἀπαντησάντων,
942 717 1155 768 εἰσέρχονται

119 775 280 814 ἐνταῦθα.
305 775 376 813 Καὶ
394 775 598 812 ἀποστέλλει
617 775 722 812 πάλιν
743 774 967 823 Ἀδαμάντιος
985 777 1031 818 εἷς
1048 775 1154 814 Ἐπί-

118 832 259 879 δαμνον,
291 831 484 870 κελεύων
465 849 487 878 η
509 832 610 870 αὐτὸν
641 832 699 869 τὸν
726 831 838 870 Θευδέ
843 847 935 883 ριχον
968 832 1014 875 εἴς
1033 849 1065 869 τι
1088 836 1154 870 τῶν

117 890 197 942 περι
217 890 398 942 Λυχνηδὸν
417 890 554 942 χωρίων
576 891 774 935 ἀπαντῆσαι
799 894 876 938 μετ’
897 889 1020 938 ὀλίγων
1041 890 1154 928 διαλε-

119 947 256 997 ξόμενον
285 949 377 1000 αὖτῳ
393 964 471 1000 περι
488 952 535 986 ὡν
551 948 765 994 ἀπέσταλτο,
783 946 804 992 ἢ
823 949 851 985 εἷ
873 949 1030 998 βούλοιτο
1051 947 1154 986 αὐτὸν

119 1006 227 1042 ἐλθεῖν
258 1007 304 1048 εἷς
323 988 551 1051 Ἐπίδαμνον,
572 1004 710 1057 πέμψαι
732 1005 880 1056 ὁμήρους
904 1007 949 1048 εἷς
970 1006 1152 1056 Λυχνηδὸν

118 1062 212 1101 Σόαν
231 1079 268 1100 τε
300 1062 359 1100 τὸν
386 1064 491 1100 αὐτοῦ
515 1062 708 1114 στρατηγὸν
727 1063 786 1100 καὶ
807 1062 1017 1113 Δαγίσθεον,
1046 1065 1154 1115 φυλα·

116 1120 351 1172 χθησομένους
370 1119 432 1163 ἕως
448 1121 489 1158 ἂν
507 1120 607 1163 αὐτὸς
623 1120 808 1170 ἐπανέλθῃ.
829 1120 875 1160 ‘O
896 1120 931 1158 δὲ
951 1119 1082 1170 πέμπει
1094 1120 1155 1171 μὲν

117 1178 278 1228 τούτους,
300 1178 457 1217 ἐκέλευσε
486 1177 521 1216 δὲ
550 1177 672 1222 αὐτοὺς
697 1181 894 1230 περιμεῖναι
921 1181 956 1216 ἐν
982 1179 1155 1231 Σκαμπίᾳ

119 1236 179 1273 καὶ
197 1237 471 1288 προαποστεῖλαι
492 1236 619 1288 ἄνδρα,
637 1236 672 1280 ὃς
690 1236 747 1274 τὸν
768 1237 976 1276 Σαὸινιανὸν
993 1237 1155 1288 ὁρκώσει,

119 1288 142 1339 ἦ
172 1293 240 1342 μὴν
264 1293 462 1336 ἐπανιόντος
493 1293 583 1331 σώου
613 1297 671 1332 τοῦ
704 1293 934 1344 Ἀδαμαντίου
965 1295 1025 1333 καὶ
1052 1295 1154 1333 αὐτὸν

121 1350 197 1394 τοὺς
220 1352 368 1403 ὁμήρους
389 1354 531 1395 ἀπαθεῖς
558 1350 780 1405 ἀποπέμψαι.
812 1353 856 1392 Ὁ
885 1353 919 1391 δὲ
949 1353 1156 1395 Σαὸινιανὸς

118 1412 181 1447 οὐκ
203 1409 244 1447 ἂν
271 1410 333 1462 ἔφη
354 1411 533 1460 ὀμεῖσθαι·
560 1410 636 1448 οὐδὲ
662 1410 728 1462 γὰρ
749 1413 782 1448 ἐν
799 1414 848 1463 τῷ
876 1412 1021 1464 πρόσθεν
1041 1411 1155 1463 χρόνῳ

119 1469 341 1518 ὀμωμοκέναι
361 1469 414 1506 ἐπ’
435 1469 545 1507 οὐδενὶ
569 1469 768 1520 πράγματι,
785 1470 845 1508 καὶ
871 1471 909 1514 τὸ
934 1471 1044 1508 πάλαι
1061 1472 1155 1522 αὐτῷ

119 1525 218 1570 δόξαν
249 1528 310 1564 οὐκ
341 1526 380 1564 ἂν
410 1530 467 1564 νῦν
496 1527 720 1565 καταλύσειν.
750 1527 821 1566 Καὶ
850 1543 907 1566 του
928 1528 1155 1578 Ἀδαμαντίου

119 1583 292 1634 λέγοντος,
308 1587 352 1626 ὡς
370 1584 504 1634 ἀνάγκη
522 1599 807 1637 συγχωρησαιτω
820 1589 930 1638 καιρω
939 1584 961 1632 R
977 1586 1154 1638 ἄπρακτον

118 1635 292 1688 εἶναιτὴν
324 1641 512 1693 πρεσὸείαν
541 1643 598 1694 (οὐ
631 1642 697 1694 γὰρ
727 1643 828 1680 αὐτον
861 1645 1020 1681 ἀπελθεῖν
1045 1644 1092 1694 μή
1123 1660 1155 1682 τι

118 1699 177 1737 καὶ
194 1699 354 1751 ἐνέχυρον
366 1716 424 1738 του
437 1700 596 1750 σώματος
611 1699 794 1751 λαὸόντα),
807 1701 902 1739 οὐδὲν
919 1704 1081 1750 μᾶλλον’
1067 1702 1156 1740 επεί-

119 1760 181 1804 σθη
195 1787 204 1804 ,
228 1759 304 1795 ἀλλ’
323 1760 448 1796 ἐκεῖνον
468 1758 528 1807 μὲν
547 1758 610 1810 ἔφη
630 1758 755 1797 εἰδέναι
779 1759 817 1796 τὸ
836 1762 946 1812 ἑαυτῷ
967 1760 1152 1811 πρακτέον,

119 1815 221 1853 αὐτὸν
242 1815 277 1853 δὲ
297 1815 392 1853 οὐδὲν
411 1816 565 1863 ποιήσειν
589 1817 686 1868 παρὰ
714 1816 771 1854 τὸν
800 1819 904 1855 αὑτοῦ
935 1817 1053 1867 νόμον.
1071 1818 1154 1857 Ἐν-

121 1876 231 1910 ταῦθα
247 1873 471 1923 Ἀδαμάντιος
488 1873 664 1918 καταστὰς
683 1876 727 1918 εἷς
747 1874 886 1927 ἄπορον,
902 1875 1020 1914 λαὸὼν
1046 1892 1155 1928 στρα-

115 1930 241 1974 τιώτας
274 1931 484 1980 διακοσίους,
519 1931 563 1970 δι’
595 1932 706 1984 ὄχθων
737 1948 775 1971 τε
811 1933 949 1971 ἀὸάτων
983 1933 1043 1971 καὶ
1077 1935 1155 1972 ὁδοῦ

843 226 1036 266 MALCHI
1065 227 1531 267 PHILADELPHENSIS

1215 314 1344 360 ἀδήλου
1366 312 1428 363 μὲν
1448 319 1518 357 τοῖς
1544 314 1698 361 πολλοῖς,
1719 317 1838 362 στενῆς
1861 314 1898 354 δὲ
1917 315 1977 354 καὶ
2002 315 2159 369 ἀτριὸοῧς
2187 317 2248 356 καὶ

1215 371 1290 408 τότε
1303 373 1440 421 πρῶτον
1458 370 1602 418 ἵππους,
1617 373 1663 415 ὡς
1680 371 1831 423 ἐλέγετο,
1851 373 2055 424 δεξαμένης,
2075 375 2133 427 ἀφ’
2149 375 2251 413 ἑσπέ-

1219 443 1278 479 ρας
1293 428 1451 478 ὁρμήσας
1466 444 1525 466 και
1542 429 1658 466 κύκλω
1674 430 1860 482 περιελθὼν
1876 430 2012 483 ἔρχεται
2030 435 2076 475 εἷς
2092 432 2250 485 φρούριον

1215 485 1433 536 Ἐπιδάμνου
1465 486 1610 532 πλησίον
1638 468 1693 524 ἐπὶ
1723 487 1828 540 λόφου
1859 490 1991 541 ὑψηλου
2016 490 2172 539 κείμενον
2191 490 2250 527 καὶ

1219 542 1375 586 ἄλλο)ς”
1353 558 1504 595 αμαχον,
1525 547 1553 596 ᾡ
1573 543 1707 596 φάραγξ
1735 545 1894 583 ὑπέκειτο
1913 549 2053 597 βαθεῖα,
2067 546 2126 584 καὶ
2154 547 2251 599 παρὰ

1214 600 1276 647 τὴν
1296 601 1457 653 φάραγγα
1474 602 1628 651 ποταμὸς
1647 601 1784 653 βαθυς”
1765 618 1867 654 ερρει.
1883 604 2055 642 Ἐνταῦθα
2073 605 2251 654 μεταπέμ-

1215 674 1317 696 πεται
1336 659 1393 696 τὸν
1411 659 1638 711 Θευδέριχον.
1663 660 1733 698 Καὶ
1754 662 1771 697 ὁ
1791 660 1851 710 μὲν
1873 662 2071 705 ὑπακούσας
2087 662 2249 715 ἔρχεται,

1216 716 1274 753 καὶ
1291 717 1352 763 τὴν
1373 717 1480 765 ἄλλην
1498 717 1663 770 στρατιὰν
1679 718 1798 770 πόρρω
1814 721 2037 766 καταστήσας
2053 721 2113 758 σὺν
2127 721 2253 771 ὀλίγοις

1217 775 1360 812 ἱππεῦσι
1379 776 1463 827 πρὸς
1488 776 1544 813 τὸν
1570 776 1726 826 ποταμὸν
1752 779 1954 829 ἀφικνεῖται.
1976 778 2198 827 Ἀδαμοίντιος
2215 777 2251 816 δὲ

1217 831 1334 885 κύκλῳ
1365 848 1444 884 περι
1465 833 1522 870 τὸν
1551 833 1653 886 λόφον
1686 834 1790 878 τάξας
1820 835 2050 887 στρατιώτας,
2080 834 2173 880 ὅπως
2201 835 2250 886 μὴ

1216 888 1387 933 κύκλωσις
1406 892 1490 942 παρ
1521 891 1650 928 εκείνου
1680 907 1842 942 γενηται,
1863 892 2085 936 ὑποκαταὸὰς
2117 896 2164 938 εἷς
2187 893 2254 932 πέ-

1216 962 1313 998 τραν,
1334 949 1393 1000 ἀφ’
1412 952 1452 995 ἡς
1471 951 1511 995 ἦν
1533 949 1715 999 ἀκουστὸν,
1739 950 1798 988 καὶ
1817 951 1981 995 κελεύσας
2007 951 2155 1004 κάκείνῳ
2173 951 2252 996 τους

1216 1004 1339 1048 ἄλλους
1359 1006 1588 1059 ἀποπέμψαι,
1610 1007 1711 1057 μόνος
1731 1008 1899 1059 διελέγετο
1918 1008 2026 1062 μόνῳ.
2048 1009 2120 1049 Καὶ
2141 1024 2252 1048 κατα-

1217 1065 1298 1106 στὰς
1323 1066 1342 1101 ὁ
1370 1065 1577 1116 Θευδέριχος
1608 1066 1793 1117 κατηγόρει
1812 1066 2014 1117 Ῥωμαίων,
2045 1070 2090 1112 ὡς
2120 1067 2250 1117 ἐδόκει,

1217 1121 1351 1167 δίκαια,
1373 1122 1481 1174 λέγων
1506 1123 1558 1160 ὅτι
1589 1141 1603 1157 τι
1633 1122 1701 1174 ἐγὼ
1733 1124 1796 1174 μὲν
1823 1124 1887 1168 ἔξω
1914 1128 1975 1171 τῆς
2005 1124 2088 1172 ὅλης
2109 1125 2254 1179 Θρᾴκης

1216 1180 1403 1231 διατρίὸειν
1431 1180 1602 1233 ᾑρούμην,
1627 1182 1745 1233 πόρρω
1764 1183 1851 1234 πρὸς
1879 1182 1940 1229 τὴν
1971 1183 2139 1233 Σκυθίαν,
2167 1183 2252 1222 ὅπου

1217 1237 1327 1286 μένων
1347 1237 1424 1276 οὔτε
1441 1240 1590 1290 ἐνοχλεῖν
1609 1239 1761 1289 ἐνόμιζον
1780 1240 1918 1287 οὐδένα,
1940 1241 2082 1292 ἑτοίμως
2101 1241 2137 1280 δὲ
2154 1245 2253 1293 βασι-

1215 1296 1269 1333 λεῖ
1290 1296 1546 1334 ὑπακούσεσθαι
1563 1300 1715 1337 ἐντεῦθεν
1732 1299 1766 1341 ἐς
1781 1297 1802 1335 ὅ
1816 1314 1848 1336 τι
1874 1299 2108 1350 προστάξειεν.
2129 1298 2254 1350 ’Υμεῖς

1217 1353 1251 1390 δὲ
1267 1353 1474 1397 καλέσαντες
1487 1356 1534 1398 ὡς
1549 1354 1604 1392 ἐπὶ
1619 1355 1674 1392 τὸν
1690 1356 1841 1406 πόλεμον
1859 1357 1915 1395 τὸν
1931 1357 2013 1410 πρὸς
2023 1356 2250 1410 Θευδέριχον,

1215 1414 1353 1462 πρῶτον
1389 1412 1451 1461 μὲν
1487 1413 1676 1464 ὑπέσχεσθε
1707 1413 1765 1452 τὸν
1796 1417 1856 1460 τῆς
1887 1415 2028 1468 Θρᾴκης
2059 1415 2252 1468 στρατηγὸν

1217 1468 1305 1518 μετὰ
1324 1473 1385 1517 τῆς
1406 1470 1583 1520 δυνάμεως
1600 1471 1694 1514 εὐθύς
1715 1487 1772 1522 μοι
1793 1472 2024 1524 παρέσεσθαι,
2045 1473 2079 1516 ὃς
2099 1475 2252 1523 οὐδαμοῦ

1217 1527 1324 1579 ἐφάνη
1337 1557 1347 1573 ,
1367 1527 1484 1565 ἔπειτα
1502 1529 1561 1566 καὶ
1586 1529 1755 1568 Κλαύδιον
1772 1530 1828 1567 τὸν
1846 1534 1904 1568 τοῦ
1933 1531 2098 1570 Potamou
2125 1532 2251 1582 ταμίαν

1215 1586 1274 1623 σὺν
1293 1588 1340 1635 τῷ
1362 1585 1478 1638 ξενικῷ
1508 1586 1611 1633 ἥξειν,
1642 1586 1677 1624 ὃν
1709 1588 1784 1625 οὐδὲ
1813 1589 1914 1625 αὐτὸν
1944 1582 2043 1637 εἶδον,
2060 1589 2172 1641 τρίτον
2192 1589 2252 1628 καὶ

1215 1643 1386 1693 ἡγεμόνας
1403 1645 1488 1681 ὁδῶν
1510 1659 1567 1694 μοι
1588 1644 1776 1692 δεδώκατε,
1794 1644 1827 1682 οἳ
1845 1645 1905 1689 τὰς
1926 1646 2164 1698 εὖπορωτέρας
2182 1650 2251 1685 τῶν

1215 1703 1300 1738 ὁδῶν
1321 1701 1483 1745 ἐάσαντες
1504 1702 1564 1746 τὰς
1586 1705 1631 1746 εἷς
1662 1719 1740 1746 τους
1765 1703 1949 1754 πολεμίους
1967 1703 2136 1758 φερούσας
2155 1705 2251 1752 ἀπή-

1215 1775 1319 1831 γαγον
1341 1762 1383 1797 δι’
1403 1760 1516 1813 ὀρθίας
1547 1762 1703 1813 ἀτραπου
1723 1762 1782 1799 καὶ
1811 1765 1974 1814 κρημνῶν
2005 1763 2249 1816 ἀμφιρρόπων,

1216 1819 1250 1854 ἐν
1270 1821 1317 1860 οἷς
1333 1818 1430 1870 παρὰ
1450 1819 1570 1872 μικρὸν
1587 1815 1700 1867 ἦλθον,
1718 1836 1778 1858 συν
1794 1821 1937 1859 ιππευσί
1951 1837 1989 1859 τε
2004 1820 2075 1869 ἰὼν,
2091 1824 2138 1866 ὡς
2151 1822 2266 1870 εἰκὸς,-

1216 1876 1275 1913 καὶ
1290 1877 1439 1924 ἁμάξαις
1461 1877 1519 1914 καὶ
1535 1878 1776 1929 στρατοπέδων
1795 1894 1993 1931 κατασκευῃ
2006 1909 2016 1927 ,
2042 1879 2251 1930 ἐπιθεμένων

1217 1937 1299 1983 ἡμῖν
1326 1934 1423 1987 ἄφνω
1443 1937 1510 1972 τῶν
1530 1935 1703 1985 πολεμίων
1725 1935 1799 1986 ἅμα
1817 1938 1866 1989 τῷ
1892 1938 1966 1989 ἐμῷ
1994 1936 2117 1983 πλήθει
2145 1937 2250 1975 παντὶ

120 2013 2246 2029 Ἥ

114 2050 212 2081 quem
225 2042 393 2074 Christiani
407 2043 624 2084 presbyterum
634 2045 766 2084 vocant,
778 2045 832 2084 qui
849 2046 919 2076 tuto
929 2045 1152 2077 Adamantium

114 2095 153 2125 ad
167 2094 337 2126 barbarum
350 2095 500 2128 accedere
518 2096 580 2128 fide
592 2105 649 2128 sua
662 2097 843 2137 interposita
854 2097 999 2137 juberet,
1017 2097 1153 2129 advene-

115 2149 174 2179 rat.
199 2150 303 2185 Quem
321 2148 510 2180 Sabinianus
525 2151 557 2180 et
571 2149 777 2181 Adamantius
789 2159 896 2181 secum
913 2150 1065 2181 ducentes
1079 2159 1151 2190 pro-

115 2201 200 2231 tinus
227 2200 392 2232 discedunt
416 2203 448 2232 et
473 2202 671 2241 Lychnidum
702 2203 846 2234 veniunt.
891 2205 966 2234 Erat
982 2203 1050 2234 hoec
1077 2203 1153 2234 urbs

113 2253 178 2292 jain
196 2253 270 2283 olim
287 2253 438 2292 opulenta
451 2255 483 2285 et
502 2253 618 2285 divitiis
633 2254 798 2286 abundans
817 2267 824 2287 :
840 2254 931 2294 cujus
955 2255 1153 2294 magistratus

115 2304 211 2334 etalii
234 2304 318 2334 cives
338 2304 465 2335 obviam
490 2305 549 2336 illis
567 2305 769 2344 prodierunt,
789 2307 819 2337 et
836 2307 938 2338 cosin
965 2315 1035 2338 eam
1054 2306 1151 2337 intro·

115 2355 286 2386 duxerunt.
305 2355 386 2386 llinc
402 2355 609 2386 Adamantius
619 2357 723 2388 denuo
739 2357 951 2397 Epidamnum
966 2357 1081 2396 mittit,
1096 2366 1151 2396 pe-

115 2406 229 2446 tiitque
250 2408 286 2438 ut
299 2407 536 2439 Theutlerichus
554 2408 594 2439 ad
606 2417 639 2440 se
661 2409 745 2440 circa
762 2409 958 2449 Lychnidum
978 2419 1051 2440 cum
1073 2419 1151 2450 pau-

115 2459 161 2489 cis
175 2458 312 2497 veniret,
327 2459 358 2489 et
372 2458 411 2490 de
423 2459 533 2498 rebus,
553 2459 592 2490 de
609 2460 725 2499 quihus
737 2460 776 2491 ad
790 2470 862 2492 eum
878 2461 990 2492 missus
1003 2463 1088 2500 erat,
1101 2470 1148 2492 se-

115 2518 189 2539 cum
203 2509 448 2548 colloqueretur,
466 2511 521 2540 aut
537 2508 618 2540 siilli
632 2510 804 2549 videretur,
819 2511 921 2550 ipsum
939 2511 1151 2550 Epidamnum

115 2568 334 2598 accessurum,
360 2560 455 2591 modo
471 2563 582 2599 Soam‚
609 2561 706 2600 ipsius
732 2561 864 2599 ducem,
882 2564 913 2593 et
947 2562 1151 2600 Dagistheum

114 2611 239 2642 obsides
260 2611 459 2650 Lychnidum
482 2612 638 2650 mitteret,
654 2612 708 2652 qui
729 2612 792 2643 illic
810 2614 1056 2651 asservarentur,
1074 2613 1167 2652 duni

115 2664 222 2695 salvus
247 2666 279 2695 et
301 2664 468 2695 incolumis
501 2665 727 2695 remitteretur.
756 2667 819 2696 Hos
840 2665 967 2704 quidem
998 2665 1153 2696 barbarus

117 2716 235 2755 mittit,
250 2716 306 2747 sed
321 2716 476 2756 Scampiae
489 2716 657 2748 subsistere
671 2718 703 2748 et
716 2717 876 2748 hominem
893 2716 932 2748 ad
948 2717 1151 2749 Sabinianum

115 2769 308 2808 praemittere
320 2769 412 2808 jussit
424 2792 433 2807 ,
447 2769 502 2809 qui
518 2769 723 2801 Sabinianum
739 2769 946 2809 jurejurando
964 2770 1106 2809 adigere,
1126 2770 1151 2801 si

115 2820 223 2851 salvus
240 2822 271 2851 et
290 2820 458 2851 incolumis
477 2820 684 2851 Adamantius
701 2820 835 2859 rediret,
853 2829 886 2852 se
902 2830 1031 2861 quoquc
1047 2822 1152 2852 salvos

116 2875 147 2902 et
161 2871 334 2902 incolumes
350 2870 476 2902 obsides
495 2871 709 2903 dimissurum.
734 2871 794 2904 Sed
820 2872 1006 2904 Sabinianus
1027 2881 1086 2912 neg,
1077 2882 1124 2903 ax
1130 2873 1152 2904 1t

115 2932 149 2953 se
160 2923 358 2980 iuraturum.
404 2926 468 2955 Nee
481 2924 564 2955 enim
575 2925 638 2955 ulla
651 2924 690 2955 de
706 2933 738 2955 re
749 2925 842 2955 antea
855 2933 888 2956 se
898 2933 1035 2964 jurasse
1050 2934 1152 2965 neque

115 2983 295 3013 opuuonem
317 2975 400 3014 apud
418 2975 558 3006 animum
575 2984 667 3007 suum
683 2984 702 3006 a
721 2977 784 3007 tam
802 2976 894 3016 longo
910 2978 1053 3016 tempore
1068 2976 1151 3008 inve-

116 3027 250 3056 teratam
269 3025 499 3065 depositurum.
518 3030 626 3063 Quum
648 3026 855 3058 Adamantius
870 3026 1007 3065 diceret,
1027 3036 1131 3059 neces
1130 3037 1152 3059 e

116 3086 183 3108 esse
203 3078 336 3117 tempori
353 3078 465 3110 cedere
478 3081 533 3110 aut
549 3079 738 3118 legationem
758 3079 878 3110 irritam
897 3068 962 3110 sore
976 3092 984 3110 ε
999 3089 1056 3110 nec
1067 3080 1150 3110 enim

116 3137 150 3160 se
163 3130 377 3168 profecturum
388 3154 396 3168 ,
408 3130 466 3161 nisi
477 3131 563 3170 prius
572 3130 698 3170 aliquod
712 3130 786 3162 vitoe
799 3132 830 3162 et
839 3131 948 3162 salutis
961 3140 1026 3162 suaa
1041 3131 1152 3171 pignus

116 3180 307 3220 accepisset:
331 3180 519 3212 Sabinianus
544 3183 649 3212 tamen
677 3181 754 3212 nihil
779 3182 976 3213 movebatur.
997 3184 1034 3213 Et
1062 3183 1150 3213 illum

116 3231 244 3271 quidem
260 3231 304 3262 ait
315 3231 395 3263 scire
406 3255 415 3269 ,
430 3231 505 3271 quid
518 3232 575 3263 sibi
605 3233 687 3264 sacto
703 3241 782 3272 opus
797 3233 849 3271 sit,
870 3242 903 3264 se
927 3234 1055 3273 quidem
1074 3234 1151 3265 nihil

116 3284 288 3323 quicquam
310 3285 421 3315 contra
445 3284 563 3323 legem,
589 3293 685 3324 quam
702 3285 803 3324 colat,
821 3286 1074 3317 commissurum.
1095 3286 1152 3317 llic

116 3345 215 3375 quum
229 3335 473 3368 Adamantiusin
488 3336 584 3368 dubio
601 3337 923 3377 liae¹·eret,assumptis
937 3338 1082 3370 ducentis
1095 3339 1151 3369 mi-

117 3387 244 3424 litibus,
263 3396 328 3428 *per
336 3387 419 3428 ripas
442 3388 614 3420 inaccessas
627 3389 657 3420 et
671 3389 753 3420 viani
771 3389 880 3420 mullis
893 3388 1083 3430 incognitam
1100 3399 1151 3422 ne-

1213 2054 1276 2085 que
1289 2048 1382 2077 antea
1398 2047 1525 2086 initam,
1543 2049 1574 2078 et
1595 2056 1667 2087 quae
1689 2049 1766 2078 tunc
1782 2048 1922 2087 primurn
1946 2049 2068 2089 equites
2089 2049 2251 2082 admisisse

1212 2097 1339 2138 dicitur,
1353 2099 1412 2130 sub
1427 2108 1591 2139 vesperam
1620 2100 1779 2139 profectus
1798 2100 2025 2132 circumeundo
2044 2101 2187 2140 pervenit
2209 2101 2250 2133 ad

1213 2150 1378 2181 castellum
1407 2150 1582 2190 Epidamno
1599 2151 1799 2190 proximum,
1824 2151 1856 2182 in
1876 2153 2037 2191 praerupto
2055 2152 2181 2183 tumulo
2204 2152 2249 2184 si-

1213 2202 1300 2239 tum,
1316 2202 1365 2232 cui
1382 2201 1511 2233 suberat
1525 2202 1605 2233 fossa
1624 2202 1780 2242 profunda
1792 2226 1800 2241 ‚
1815 2202 1847 2233 in
1861 2211 1957 2242 quam
1974 2203 2057 2234 altus
2072 2202 2186 2235 fluvius
2201 2204 2248 2235 in-

1213 2252 1342 2284 fluebat.
1390 2253 1469 2284 illuc
1497 2253 1753 2284 Theuderichum
1780 2254 1960 2292 arcessivit3
1985 2255 2018 2285 et
2042 2254 2095 2286 ille
2121 2254 2249 2294 quidem

1212 2303 1434 2344 obtemperans
1448 2304 1551 2343 venit,
1565 2306 1596 2335 et
1620 2304 1772 2336 instructo
1789 2304 1878 2344 longe
1894 2313 1912 2335 a
1930 2306 2018 2344 tergo
2034 2307 2139 2336 cetero
2155 2314 2248 2337 exer-

1213 2355 1290 2394 citu,
1305 2364 1379 2386 curn
1390 2356 1498 2396 paucis
1511 2355 1671 2395 equitibus
1684 2355 1722 2386 ad
1741 2355 1870 2386 fluvium
1881 2355 2022 2387 accessit.
2042 2355 2249 2389 Adamantius

1213 2397 1331 2447 autem,
1346 2417 1385 2439 ne
1402 2408 1475 2439 ullae
1489 2408 1609 2439 insidiae
1619 2409 1827 2446 tentarentur,
1843 2408 1983 2448 undique
1995 2408 2027 2439 in
2040 2408 2149 2440 orbem
2163 2409 2248 2441 circa

1212 2459 1324 2490 collem
1349 2459 1463 2491 milites
1489 2459 1674 2498 collocavit,
1690 2460 1721 2490 et
1747 2458 1988 2490 descendensin
2003 2468 2138 2497 saxum,
2163 2460 2247 2492 unde

1212 2510 1352 2541 exaudiri
1368 2512 1489 2550 posset,
1504 2513 1535 2541 ct
1546 2510 1660 2550 jubens
1674 2510 1842 2541 harharum
1857 2519 1966 2542 omnes
1985 2511 2062 2542 alios
2074 2511 2246 2552 dimittere,

1212 2562 1298 2592 solus
1311 2570 1383 2592 cum
1395 2562 1460 2592 solo
1474 2563 1520 2592 est
1534 2561 1720 2593 collocutus.
1739 2558 1796 2592 llic
1806 2570 1903 2601 quum
1919 2561 2156 2594 Theuderichus
2168 2571 2245 2594 oon·

1212 2613 1341 2644 stitissct
1364 2614 1523 2643 Romanos
1546 2613 1632 2652 jure,
1648 2614 1685 2644 ut
1706 2613 1885 2652 videbatur,
1903 2614 2042 2645 accusat.
2059 2625 2074 2641 ι(
2092 2615 2156 2654 Ego
2173 2614 2244 2654 qui-

1212 2663 1296 2701 dem,
1314 2677 1328 2694 n
1344 2663 1457 2703 inquit,
1474 2676 1490 2690 «
1507 2665 1597 2694 extra
1607 2664 1749 2695 Thraciae
1766 2664 1840 2695 lines
1853 2664 2013 2703 Scythiam
2028 2673 2138 2697 versus
2149 2665 2246 2697 vitam

1212 2715 1382 2754 transigere
1403 2715 1638 2746 constitueram.
1685 2717 1744 2746 Hic
1767 2715 1842 2745 mihi
1858 2715 1996 2746 manenti
2016 2718 2048 2747 et
2065 2716 2248 2756 imperatori

1212 2766 1243 2797 in
1256 2767 1402 2797 omnibus
1412 2766 1630 2806 obtemperare
1643 2768 1751 2806 parato
1759 2767 1917 2798 neminem
1931 2775 2047 2798 vexare
2059 2767 2092 2798 in
2106 2769 2246 2800 mentem

1214 2818 1369 2849 venichat.
1388 2820 1452 2849 Vos
1468 2827 1519 2849 nie
1535 2817 1575 2848 ad
1590 2817 1709 2847 bellum
1727 2819 1836 2847 contra
1850 2817 2102 2849 Theuderichum
2112 2842 2121 2858 ‚
2136 2819 2247 2851 Triarii

1212 2870 1330 2907 fitium,
1345 2870 1509 2907 evocastis,
1527 2871 1559 2900 et
1578 2868 1714 2907 primuni
1731 2868 1859 2907 quidem
1873 2869 2016 2900 Thracire
2037 2869 2152 2900 ducem
2171 2878 2247 2902 cum

1211 2922 1351 2953 exercitu
1364 2921 1438 2952 mihi
1448 2923 1563 2961 praesto
1577 2921 1718 2952 futurum
1733 2920 1918 2959 promisistis
1932 2932 1940 2951 :
1952 2921 1978 2951 is
1985 2921 2095 2952 nullibi
2105 2922 2246 2961 gentium

1211 2974 1374 3013 apparuit:
1386 2973 1500 3005 deinde
1510 2972 1690 3011 Claudium,
1701 2973 1937 3012 procuratorem
1949 2971 2094 3012 stipendii
2105 2974 2244 3014 Gothici,

1212 3035 1286 3057 cum
1311 3027 1420 3056 extero
1438 3025 1536 3056 milite
1553 3024 1765 3055 adventurum
1777 3046 1785 3062 ,
1803 3032 1898 3064 quem
1917 3024 2019 3063 ipsum
2033 3033 2159 3064 quoque
2173 3034 2246 3058 nus·

1211 3086 1307 3117 quani
1325 3076 1399 3107 vidi.
1444 3077 1550 3107 Tertio
1569 3075 1647 3106 mihi
1670 3075 1792 3106 viarum
1806 3074 1904 3106 duces
1916 3074 2064 3114 dedistis,
2081 3076 2156 3116 qui,
2169 3076 2247 3108 tutis

1211 3131 1243 3161 et
1258 3129 1411 3169 expeditis
1424 3129 1556 3167 omissis,
1574 3137 1629 3168 per
1647 3137 1711 3167 eas,
1729 3136 1802 3168 quar,
1815 3127 1855 3159 ad
1869 3127 1991 3159 hostem
2007 3127 2167 3168 serebant,
2190 3137 2247 3168 per

1212 3183 1370 3222 praerupta
1385 3183 1418 3212 et
1430 3181 1602 3221 praecipitia
1621 3180 1689 3211 loca
1703 3189 1754 3211 me
1770 3179 1992 3217 deduxerunt,
2005 3179 2038 3210 in
2060 3179 2176 3219 quibus
2188 3188 2246 3219 pa-

1212 3243 1282 3265 ruin
1292 3233 1404 3271 abfuit,
1413 3241 1512 3272 quum
1523 3241 1596 3263 cum
1604 3231 1763 3272 equitibus
1771 3233 1846 3263 etcu
1852 3232 1953 3263 rribus
1963 3232 1994 3262 et
2004 3230 2124 3271 reliquo
2130 3233 2245 3263 castro·

1212 3296 1283 3318 rum
1296 3287 1448 3326 apparatu
1465 3285 1523 3316 iter
1535 3285 1670 3316 facerem
1690 3286 1722 3316 et
1735 3285 1840 3316 hostes
1851 3284 1882 3315 in
1897 3293 1947 3315 me
1961 3283 2132 3323 derepente
2139 3283 2244 3318 jrrue-

1211 3341 1297 3377 rent,
1318 3337 1394 3377 quin
1417 3345 1490 3368 cum
1511 3337 1579 3367 toto
1596 3335 1735 3367 exercitu
1762 3345 1832 3367 meo
1850 3335 1990 3366 funditus
2005 3334 2175 3365 interirem.
2197 3337 2245 3366 Ex

1212 3399 1275 3431 qno
1301 3389 1507 3421 necessariam
1529 3397 1602 3420 cum
1622 3388 1682 3420 illis
1698 3388 1875 3429 pactionem
1893 3387 1994 3419 facere
2009 3395 2080 3418 sum
2094 3386 2244 3425 coactus,
