2326 3724
995 193 1331 233 FRAGMENTA.

89 282 209 322 λαὸὼν
228 280 347 335 καιρὸν
365 298 423 320 νυν
438 282 532 334 αὐτῶ
545 279 763 333 παρεστάναι
776 297 818 334 τῃ
838 280 939 319 πόλει
955 281 1132 320 ἐπιθέσθαι

88 341 150 381 και
165 344 215 380 τῶ
235 341 374 393 βασιλεῖ
393 342 512 392 αὐτῷ,
534 345 606 377 πᾶν
626 338 723 383 εὐθυς
752 339 952 386 ἀναστήσας
981 339 1020 378 τὸ
1043 343 1134 393 βαρ-

89 399 233 452 ὃαρικὸν
253 393 339 450 ἧκε,
373 399 472 445 δῆθεν
504 397 567 448 μὲν
595 400 641 442 ὡς
675 397 881 449 βουλόμενος
901 399 996 451 αὐτω
1023 413 1061 436 τε
1085 414 1135 436 τω

90 459 228 511 βασιλεῖ
247 456 308 496 καὶ
332 459 375 510 τῇ
401 456 501 495 πόλει
526 458 676 507 ἀμῦναι,
701 456 875 508 πρόδηλος
896 456 972 495 δὲ
951 473 999 495 ων
1028 463 1134 495 πᾶσιν

88 517 141 569 ἐφ’
172 515 240 570 ὅτῳ
272 516 451 570 ἠπείγετο.
487 514 658 560 Βασιλεὺς
690 515 725 554 δὲ
752 515 904 560 ἀκούσας
934 515 1044 554 ἱππέα
1064 515 1134 561 ἐξέ-

86 577 205 628 πεμψε
236 575 296 613 καὶ
328 575 487 628 βασίλεια
521 574 743 628 γράμματα,
764 578 824 623 τῆς
855 575 915 625 μὲν
941 575 1135 629 προθυμίας

87 634 190 672 αὐτὸν
210 636 374 682 ἐπαινῶν,
401 633 552 672 κελεύων
572 633 608 671 δὲ
630 635 803 682 ἀπελθεῖν,
822 636 870 678 ὥς
889 634 1005 673 οὐκέτι
1031 634 1135 683 οὔσης

85 693 224 745 χρείας,
247 692 295 742 μὴ
319 693 418 743 μόλις
447 699 676 731 καταστᾶσαν
702 693 743 731 ἐκ
767 693 922 732 τοιούτου
943 693 1051 732 σάλου
1071 693 1134 740 τὴν

86 751 188 788 πόλιν
213 745 309 795 αὖθις
328 753 376 795 εἷς
396 750 559 789 ὑπόνοιαν
581 750 793 801 ἐμὸαλόντες
826 751 947 805 ἑτέραν
973 751 1011 791 τὸ
1032 756 1132 804 θορυ-

86 809 233 860 δεῖσθαι,
244 811 362 863 φιλοῦν
381 811 428 854 εἷς
443 810 551 862 χείρω
571 809 631 849 καὶ
652 810 792 861 μείζονα
811 810 1025 864 ἕκταροίξωσι
1045 811 1133 849 στοί-

86 883 155 909 σιν.
179 867 224 908 Ὁ
245 868 280 907 δὲ
299 868 401 912 αὐτὸς
421 868 483 920 μὲν
506 868 570 923 ἔφη
594 871 643 922 τῷ
666 871 803 922 βασιλεῖ
823 869 1018 918 πείθεσθαι,
1039 870 1078 909 τὸ
1098 870 1133 909 δὲ

86 929 217 975 πλῆθος
237 928 352 967 οὐκέτι
368 928 534 967 δύνασθαι
555 929 794 982 ἀναστρέφειν,
812 930 974 968 τοσοῦτόν
995 945 1032 968 τε
1053 931 1133 968 συλ-

84 987 182 1038 λεγὲν
203 988 263 1026 καὶ
281 987 383 1040 μέρος
399 1003 432 1026 τι
452 989 490 1026 οὗ
511 987 624 1040 βραχὺ
643 986 866 1026 διαναπαύων
884 987 984 1038 (λίαν
999 988 1134 1032 ἀπειθές

85 1047 188 1095 conj.
198 1047 340 1097 Nieb.).
351 1046 463 1100 ςΥπέρ
474 1063 510 1084 τε
521 1047 588 1099 γὰρ
599 1049 723 1099 τειχῶν
735 1046 857 1085 οὐδένα
872 1047 1024 1097 ἐνόμιζεν
1038 1049 1133 1100 αὐτῷ

87 1105 373 1152 ἀντιστήσεσθαι,
389 1106 478 1156 μήτε
497 1105 671 1150 ἐπάλξεως
696 1106 870 1157 μηδεμιᾶς
887 1106 978 1157 μήτε
997 1106 1131 1159 πύργου

87 1166 247 1212 ἑστῶτος,
257 1163 317 1202 καὶ
334 1163 520 1203 εἰσελθόντι
531 1163 645 1202 πάντα
654 1164 710 1203 τὸν
722 1166 832 1215 δῆμον
843 1165 1075 1217 προσέσεσθαι
1087 1168 1130 1216 τῇ

86 1225 154 1260 τῶν
181 1222 348 1275 Ἰσαύρων
370 1223 555 1276 ἀπεχθείᾳ.
575 1223 617 1262 Ἃ
639 1223 680 1271 δὴ
702 1225 762 1262 καὶ
780 1223 992 1276 φοὸούμενος
1012 1223 1132 1270 Ζήνων

85 1280 260 1331 ἐκπέμπει
273 1281 468 1333 Πελάγιον
458 1282 628 1334 χρήματα
638 1281 761 1334 ἔχοντα
774 1281 900 1330 πολλὰ,
909 1298 951 1319 τα
964 1282 1025 1332 μὲν
1037 1283 1132 1336 αὗτω

84 1318 301 1392 Θευδερίχῳ,
311 1340 355 1378 τὰ
371 1317 406 1378 δὲ
418 1341 477 1378 καὶ
491 1357 540 1379 τω
557 1342 713 1394 Γοτθικῷ
730 1357 780 1393 τῳ
796 1340 901 1379 παντὶ
917 1339 1051 1379 διδόασι
1068 1321 1133 1391 (δί-

85 1396 410 1448 δόναιΝ1811.),καὶ
427 1390 562 1443 ἄλλαξ
550 1398 756 1450 υποσχέσεις
771 1399 908 1451 δωρεῶν
925 1400 986 1437 οὐκ
998 1398 1128 1449 ὀλίγας.

86 1455 265 1495 Ἓλθων
247 1455 282 1494 οὲ
311 1457 484 1509 Πελάγιος
512 1457 572 1496 καὶ
602 1457 648 1495 τὰ
680 1457 722 1507 μὲ
726 1474 743 1494 ν
775 1457 990 1504 ἀπειλήσας,
1021 1455 1066 1494 τὰ
1098 1456 1133 1495 δὲ

85 1514 344 1588 ὑποσχόμενος,
366 1514 409 1554 τὰ
445 1515 480 1554 δὲ
512 1515 573 1554 καὶ
603 1517 675 1560 τοῖς
705 1515 885 1568 χρήμασιν
915 1518 977 1554 οὐκ
1007 1515 1134 1567 ὀλίγοις

84 1566 160 1611 ουσι
184 1573 223 1612 τὸ
243 1573 344 1626 φύσει
366 1573 576 1628 φιλάργυρον
601 1579 660 1613 τοῦ
687 1574 816 1626 τρόπου
846 1573 1035 1625 μετελθὼν,
1059 1575 1133 1612 δια-

83 1631 234 1682 πέμπει.
267 1632 340 1672 Και
367 1632 459 1678 ἔδοξε
490 1633 532 1681 δὴ
553 1638 654 1672 τοῦτο
674 1649 733 1672 του
759 1633 865 1686 φόοου
896 1637 955 1672 τοῦ
979 1633 1134 1678 πλείονος

86 1690 269 1745 ἀναφέρειν
290 1691 353 1739 τὴν
372 1693 487 1733 πόλιν.
515 1692 627 1733 Οὐδὲν
648 1693 714 1745 γὰρ
734 1697 776 1741 ἠν
804 1693 944 1732 ἐλπίσαι
970 1693 1134 1738 εἰσιόντος

86 1748 282 1801 ἢπόλεμόν
311 1767 348 1790 τε
375 1750 470 1790 ἔνδον
490 1751 551 1790 καὶ
579 1768 638 1790 του
659 1753 787 1796 παντὸς
815 1752 1004 1805 ἔμπρησιν.
1041 1752 1133 1792 Οὐδὲ

85 1807 154 1860 γὰρ
182 1810 213 1847 οἱ
241 1808 398 1862 Ἴσαυροι
427 1810 547 1854 ἁπλῶς
576 1812 807 1864 ἀναχωρῆσαι
835 1811 1032 1864 βιαζόμενοι
1055 1813 1133 1850 ἕπε-

87 1865 197 1914 νόουν,
231 1867 323 1906 ἀλλὰ
354 1868 494 1913 κοντους
527 1869 679 1922 ὑψηλοὺς
712 1871 1134 1923 προπαρασκευάσαντες,

86 1924 212 1963 λίνον’
198 1925 251 1964 επ’
269 1926 385 1979 ἄκροις
405 1928 520 1972 αὐτοῖς
545 1928 803 1981 προσδήσαντες
830 1930 890 1968 καὶ
917 1930 1019 1980 θεῖον,
1044 1930 1135 1967 πολ-

84 1983 169 2027 λους
185 1987 278 2037 εἰχον
296 1986 469 2037 ἑτοίμους,
493 1986 525 2024 εἴ
539 2002 622 2026 ποτε
643 1992 859 2039 βιασθεῖεν,
847 1988 987 2027 ἅπασαν
1004 1988 1135 2041 ὑφάψαι

2165 202 2234 238 131

1195 279 1259 327 τὴν
1273 279 1390 319 πόλιν.
1410 279 1482 319 Καὶ
1503 282 1521 319 ὁ
1551 279 1613 331 μὲν
1639 280 1850 333 Θευδέριχος
1877 282 1983 327 οὕτως
2013 284 2237 338 ἀπεχώρησε.

1197 337 1287 382 Τους
1303 337 1339 376 δὲ
1353 337 1432 392 περὶ
1452 338 1650 389 Προκόπιον
1667 339 1726 378 καὶ
1748 339 1951 378 Βούσαλὸον
1969 342 2172 386 πολλάκις’
2153 358 2241 382 απο·

1197 397 1350 435 στέλλων
1365 396 1462 449 παρὰ
1478 397 1693 449 Θευδερίχου
1707 397 1840 450 εξήτει,
1854 397 2017 450 ἔνδειγμα
2033 403 2096 447 τῆς
2111 401 2243 445 εὐνοίας

1198 455 1259 494 καὶ
1278 436 1470 499 εὐπειθείας
1489 455 1591 494 αὐτὸν
1608 460 1711 494 τοῦτο
1735 455 1837 501 ἀξιῶν
1863 457 2120 509 παρασχέσθαι.
2142 458 2188 498 ‘O
2208 458 2244 497 δὲ

1198 514 1314 552 πάντα
1348 513 1411 564 μὲν
1445 513 1541 564 ἔλεγε
1574 514 1753 552 πείθεσθαι
1784 517 1834 567 τῷ
1868 517 2024 567 βασιλεῖ,
2056 516 2105 567 μὴ
2127 517 2245 567 μέντοι

1198 570 1292 609 ὅσιον
1313 572 1522 620 I'o'tOotc,‘'
1498 588 1617 626 ωσπερ
1638 573 1715 620 ουδὲ
1739 573 1857 618 ἄλλοις
1884 574 2099 626 ἀνθρώποις,
2128 575 2246 620 ἱκέτας

1197 630 1258 668 καὶ
1276 630 1449 684 σωτηρίας
1470 631 1650 682 δεομένους
1670 632 1869 685 ἀνθρώπους
1887 638 1957 676 τοῖς
1980 633 2100 671 λαὸεῒν
2123 635 2245 687 βουλο-

1200 688 1314 740 μένοις
1345 690 1518 728 ἐκδιδόναι
1549 690 1756 744 προχείρως.
1791 691 1878 730 Ἐᾶν
1900 695 1958 730 οὖν
1979 692 2101 736 αὐτους
2127 692 2246 743 ἠξίου,

1198 746 1322 797 μηδενὶ
1335 747 1428 794 πλὴν
1445 747 1467 795 ἢ
1482 747 1547 786 ὅσα
1565 750 1627 796 ζῆν
1644 748 1846 801 ὀχληρους’
1831 749 2027 800 εσομένους.
2052 750 2122 789 Και
2137 753 2168 789 οἱ
2184 750 2246 802 μὲν

1199 804 1290 843 οὕτω
1325 806 1440 859 βραχύ
1471 822 1506 845 τι
1537 806 1655 859 γήδιον
1690 807 1874 859 νεμόμενοι
1905 807 2003 861 παρὰ
2043 810 2248 862 Θευδερίχῳ

1199 866 1330 917 διῆγον.

1250 927 1480 976 Fragmenta
1504 926 1549 963 18
1580 936 1618 964 et
1653 940 1698 976 19
1722 929 1762 964 in
1789 929 1882 967 Exc.
1914 930 1971 965 De
1991 929 2103 978 legat.
2129 930 2244 965 Rom.

1193 987 1320 1035 primo
1335 994 1372 1022 et
1389 987 1556 1022 secundo
1571 987 1658 1022 1000
1678 987 1917 1036 legebantur,
1936 1000 2055 1036 quum
2068 988 2155 1024 loco
2172 1001 2249 1037 po-

1194 1053 1334 1081 stremo
1352 1053 1474 1082 essent
1493 1045 1742 1085 collocandae.
1772 1048 1856 1083 Hoc
1877 1048 1978 1083 enim
2003 1046 2149 1096 flagitat
2169 1054 2249 1085 tum

1194 1117 1321 1140 rerum
1336 1106 1432 1141 ordo
1450 1105 1759 1154 chronologicus,
1778 1113 1859 1142 tum
1873 1107 1986 1142 series
2000 1107 2247 1151 narrationis,

1196 1155 1347 1210 qualem
1381 1175 1401 1199 e
1432 1163 1584 1199 Malcho
1623 1165 1793 1200 enotavit
1829 1165 2000 1202 photius.
2037 1166 2159 1214 Igitur
2200 1165 2248 1201 ab

1194 1222 1303 1257 initio
1334 1223 1612 1270 Excerptorum
1641 1222 1690 1258 ad
1720 1221 1836 1258 finem
1858 1223 1938 1258 haec
1969 1224 2245 1259 revocavimus.

1194 1281 1250 1315 De
1266 1281 1379 1316 rebus
1398 1280 1461 1316 adi
1478 1281 1763 1316 Tillemontium
1779 1282 1829 1318 VI
1845 1307 1854 1326 ,
1874 1294 1916 1330 p.
1935 1281 2009 1330 493
2029 1294 2113 1330 sqq.

1691 1388 1754 1412 20.

1249 1461 1384 1498 Suidas
1416 1474 1424 1498 :
1459 1460 1777 1514 Παμπρέπιος.
1799 1457 1911 1505 Οῗῖἷτος
1939 1461 2031 1513 μέγα
2058 1461 2155 1515 παρὰ
2177 1462 2249 1509 Ζή·

1194 1532 1277 1555 νωνι
1297 1518 1443 1565 ἐδυνήθη
1463 1533 1471 1540 ·
1501 1517 1597 1569 γένος
1626 1518 1688 1570 μὲν
1718 1518 1766 1557 ὢν
1794 1520 1954 1568 Θηὸαῖος
1985 1522 2054 1559 τῶν
2074 1519 2166 1559 κατὰ
2187 1520 2249 1568 τὴν

1197 1574 1389 1627 Αἴγυπτον,
1412 1575 1514 1629 φύσει
1537 1577 1573 1615 δὲ
1595 1578 1681 1631 πρὸς
1707 1578 1849 1617 ἅπαντα
1883 1579 1979 1632 δεξιᾷ
2006 1579 2249 1632 χρησάμενος,

1197 1632 1338 1705 ἔρχεται
1364 1636 1411 1678 εἷς
1432 1634 1595 1683 Ἀθήνας,
1623 1652 1684 1675 και
1703 1636 1801 1689 παρὰ
1821 1641 1882 1684 τῆς
1914 1638 2048 1682 πόλεως
2079 1654 2251 1691 γραμμα-

1196 1692 1289 1737 τικὸς
1309 1693 1472 1746 αἱρεθεις,
1491 1695 1605 1746 συχνοί
1618 1711 1655 1733 τε
1670 1696 1906 1734 επαίδευσεν”
1887 1713 1948 1743 ετη
1961 1727 1970 1744 ,
1988 1697 2048 1735 καὶ
2063 1697 2250 1744 ἐπαιδεύθη

1196 1751 1324 1800 ὃμοῧ(’
1303 1769 1368 1791 οσα
1385 1757 1426 1800 ἠν
1445 1752 1626 1806 σοφώτερα
1647 1754 1713 1793 υπὸ
1735 1757 1784 1807 τῶ
1806 1755 1949 1810 μεγάλω
1971 1755 2135 1809 Πρόκλῳ.
2163 1759 2250 1796 Δια-

1198 1810 1337 1858 ὅολῆς
1320 1811 1356 1850 οὲ
1373 1814 1467 1865 αὐτῳ
1484 1828 1568 1864 προς
1585 1813 1766 1863 Θεαγένην
1787 1814 1864 1852 τινὰ
1881 1817 1950 1853 τῶν
1971 1817 2042 1854 εκεῖ
2058 1815 2250 1866 γενομένων

1199 1869 1415 1942 (Ξέλλογιμων
1450 1872 1553 1919 conj.
1582 1873 1722 1911 Bernh.
1737 1874 1746 1923 )
1775 1872 1972 1920 συστάσης,
1998 1873 2202 1926 υὸρισθεὶς’
2190 1877 2250 1911 υπ’

1199 1927 1331 1966 ἐκείνου
1360 1927 1420 1966 καὶ
1454 1928 1609 1979 μείζονος
1642 1928 1665 1976 ἢ
1691 1932 1798 1983 ἐχρῆν
1828 1931 2075 1970 διδάσκαλον
2063 1934 2120 1969 υπ’
2146 1933 2250 1970 αὐτοῦ

1197 1986 1374 2039 πειραθεις
1389 1987 1578 2040 σκευωρίας
1591 2018 1600 2035 ,
1618 1983 1723 2036 ἠλθεν
1739 1991 1786 2033 εἷς
1799 1989 1999 2037 Βυζάντιον,
2017 1988 2060 2027 τὰ
2079 1988 2140 2040 μὲν
2159 1989 2251 2028 αλλα

84 2091 151 2124 lata
162 2116 171 2132 ‚
185 2092 244 2124 sibi
257 2093 398 2125 oblatam
410 2095 608 2127 occasionem
622 2096 735 2128 urbem
749 2098 781 2129 et
793 2098 1017 2138 imperatorem
1031 2097 1135 2137 ipsum

85 2143 249 2175 adoriendi
263 2145 468 2186 existimans,
482 2155 629 2186 magnam
639 2147 850 2180 barbarorum
870 2157 1002 2180 manum
1021 2148 1135 2189 coegit,

84 2195 240 2228 simulans
265 2205 298 2228 se
316 2196 355 2229 ad
370 2197 594 2238 imperatorem
613 2201 646 2231 et
665 2199 779 2232 urbem
797 2209 815 2232 a
831 2200 972 2241 periculo
1000 2200 1137 2232 liberan-

84 2246 164 2278 dum
179 2247 348 2288 accedere3
362 2249 417 2281 sed
430 2250 636 2283 manifestum
647 2254 714 2284 erat
727 2253 876 2285 omnibus
885 2277 894 2292 ,
910 2262 974 2294 qua
987 2253 1028 2285 de
1041 2262 1137 2285 causa

85 2301 276 2332 accurreret.
298 2302 410 2342 ltaque
423 2302 609 2342 Imperator,
620 2303 674 2335 ubi
692 2304 754 2336 hoc
766 2305 906 2345 audivit,
919 2305 959 2337 ad
973 2314 1047 2337 eum
1061 2314 1135 2337 cum

86 2350 199 2383 litteris
224 2352 314 2392 regiis
329 2354 471 2393 equitem
490 2355 608 2393 mittit,
631 2356 775 2388 animum
793 2358 825 2388 ct
842 2357 1043 2389 voluntatem
1062 2366 1136 2397 erga

85 2411 119 2435 se
133 2402 258 2443 laudat,
278 2404 332 2436 sed
347 2404 439 2445 jubet
457 2414 532 2438 eum
557 2407 724 2448 recedere,
747 2409 823 2449 quia
839 2409 894 2441 illo
910 2418 975 2441 non
999 2410 1136 2450 amplius

86 2453 147 2486 sibi
161 2464 241 2495 opus
259 2457 360 2494 esset,
377 2465 417 2488 118
443 2458 605 2490 civitatem
633 2460 688 2491 vix
711 2468 730 2491 a
748 2462 839 2492 tanto
861 2462 943 2493 mstu
967 2460 1135 2493 liberatam

85 2507 230 2540 homines
245 2503 400 2541 novarum
418 2520 525 2543 rerum
539 2512 646 2552 cupidi
660 2513 692 2544 in
705 2513 800 2545 aliam
818 2515 1091 2554 perturbationem
1105 2517 1136 2547 et

86 2559 298 2600 suspicionem
311 2563 515 2602 conjicerent,
527 2565 559 2596 et
570 2564 661 2605 longe
673 2566 928 2605 perniciosiorem
939 2568 971 2599 et
982 2567 1135 2607 majorem

85 2610 192 2651 priore
218 2613 393 2645 excitarent
406 2614 604 2648 seditionem.
650 2617 708 2649 llle
730 2626 807 2650 vero
824 2619 998 2659 respondit,
1016 2628 1050 2652 se
1074 2619 1135 2652 im-

86 2665 224 2704 peratori
247 2666 496 2708 obsecuturum,
523 2678 628 2710 neque
651 2671 757 2703 tamen
778 2681 870 2712 posse
888 2673 1067 2705 exercitum
1085 2682 1136 2706 re-

86 2716 204 2749 ducere
217 2720 342 2751 tantum
356 2722 389 2751 et
411 2721 584 2754 maximam
598 2726 721 2764 partem
737 2725 824 2757 dIcto
849 2734 907 2758 5110
935 2735 1050 2767 parum
1076 2736 1134 2758 au—

87 2769 239 2803 dientem.
284 2773 437 2812 Sperabat
460 2775 544 2806 811110
555 2800 564 2814 ,
595 2778 757 2810 0810111810
768 2802 777 2817 ,
804 2779 860 2819 (101
889 2780 1048 2812 resisteret
1080 2789 1136 2820 pro

56 2847 60 2851 .
87 2823 245 2855 moenibus
257 2848 265 2862 ‚
280 2833 353 2864 quac
366 2826 456 2857 nullo
467 2829 707 2868 propugnaculo
719 2832 776 2861 aut
793 2831 882 2862 turre
894 2832 1018 2863 mnnita
1032 2835 1135 2872 erant,

87 2872 146 2905 sibi
172 2883 399 2915 occursurum,
421 2879 453 2909 et
468 2878 508 2909 ad
521 2887 554 2910 50
570 2879 602 2910 111
618 2880 730 2912 01110111
753 2882 984 2923 ingredientem
1008 2893 1136 2916 omnem

88 2927 273 2967 popularem
289 2930 416 2962 turbam
428 2931 624 2965 defecturam
642 2938 771 2976 propter
787 2936 896 2968 odium
919 2946 986 2977 quo
1013 2939 1138 2969 Isauros

88 2980 351 3020 prosequebatur.
394 2983 482 3015 ldem
498 2987 583 3017 Zeno
610 2987 728 3019 veritus
759 2988 858 3020 mittit
875 2989 1036 3029 Pelagium
1062 2999 1137 3022 cum

88 3030 198 3063 multis
213 3032 367 3073 pecuniis,
379 3043 458 3074 quas
470 3038 586 3076 partim
597 3039 816 3072 Theudericho
827 3065 836 3081 ‚
850 3041 966 3081 partim
980 3041 1113 3074 Gothis·
1105 3051 1138 3072 111

89 3080 275 3115 universum
291 3084 462 3126 divideret,
479 3089 512 3119 et
529 3089 585 3129 qui
599 3091 660 3122 alia
677 3100 741 3123 non
759 3101 858 3132 paria
878 3102 1010 3124 munera
1035 3102 1069 3125 50
1085 3093 1139 3125 da-

89 3132 198 3165 turum
216 3136 394 3175 sponderet.
413 3140 524 3180 ltaque
539 3143 575 3173 ut
594 3143 737 3183 Pelagius
756 3144 864 3183 venit,
892 3147 1008 3185 partim
1026 3146 1138 3186 minis,

91 3185 205 3224 partim
222 3189 401 3229 promissis,
413 3191 527 3231 partim
539 3192 716 3233 ingentibus
730 3197 872 3236 pecuniis
884 3197 1049 3237 barbaros,
1066 3198 1139 3230 insi·

90 3236 158 3267 tam
175 3245 287 3270 eorum
305 3241 471 3274 avaritiam
490 3244 640 3285 adortus,
655 3246 694 3278 ad
717 3239 933 3280 recedendum
950 3250 1136 3282 commovit.

93 3289 143 3319 Ex
156 3298 221 3329 quo
242 3293 443 3327 existimatus
457 3298 504 3329 est
519 3307 583 3329 non
597 3307 697 3339 parvo
719 3302 807 3332 metu
827 3302 990 3334 civitatem
1007 3303 1138 3335 levasse.

93 3339 172 3371 Nam
187 3342 363 3376 1heuderu
367 3347 424 3378 ho
416 3356 448 3379 111
459 3349 619 3381 civitatem
631 3350 827 3393 introducto
839 3353 915 3385 nihil
927 3354 1026 3393 aliud,
1043 3363 1139 3394 quam

93 3388 212 3423 bellum
237 3393 425 3430 intestinum
450 3401 482 3431 et
511 3401 695 3434 uuiversum
721 3403 921 3443 incendium,
954 3407 1138 3446 exspectare

1195 2096 1373 2137 oportebat.
1387 2099 1551 2130 statutum
1569 2098 1654 2130 enim
1667 2099 1751 2139 apud
1766 2099 1911 2131 animum
1926 2108 2019 2131 suum
2031 2099 2134 2131 Isauri
2152 2100 2252 2132 habe-

1197 2147 1275 2180 bant
1287 2171 1297 2187 ,
1317 2148 1344 2179 si
1360 2148 1388 2180 vi
1404 2152 1606 2189 cogerentur,
1636 2150 1724 2182 haud
1749 2151 1873 2192 placide
1886 2150 1966 2183 urbe
1985 2151 2107 2183 cedere.
2137 2153 2251 2193 Itaque

1196 2201 1307 2231 contos
1314 2201 1515 2241 praegrandes
1525 2203 1803 2242 praeparaverant,
1816 2212 1954 2243 quorum
1966 2203 1997 2234 in
2006 2205 2150 2235 extrema
2161 2206 2251 2244 parte

1197 2251 1298 2283 linum
1314 2260 1389 2284 cum
1405 2252 1560 2293 sulphure
1581 2253 1812 2293 alligaverant,
1836 2255 1869 2287 et
1882 2254 1908 2286 si
1924 2254 1983 2286 sibi
2000 2255 2048 2287 vis
2063 2255 2249 2295 inferretur,

1196 2304 1371 2336 multorum
1390 2305 1512 2337 auxilio
1525 2330 1534 2345 ‚
1546 2314 1627 2346 quos
1640 2306 1700 2338 sibi
1713 2307 1992 2344 consociaverant,
2007 2306 2122 2339 urbem
2138 2307 2249 2339 incen-

1194 2355 1248 2387 dio
1269 2364 1411 2389 cremare
1436 2357 1678 2390 constituerant.
1704 2359 1744 2390 Et
1771 2358 1816 2390 ita
1834 2358 2076 2390 Theudericbus
2091 2358 2248 2391 discessit.

1196 2409 1388 2450 Procopium
1404 2410 1582 2450 (Marciani
1604 2410 1725 2451 tilium)
1749 2419 1825 2443 vero
1844 2413 1876 2443 et
1893 2411 2068 2444 Busalbum
2093 2412 2208 2452 saepius
2232 2421 2251 2444 a

1194 2462 1415 2494 Theudericho
1427 2462 1486 2495 sibi
1506 2462 1590 2494 tradi
1605 2462 1749 2502 petebat,
1767 2465 1804 2495 ut
1818 2463 1849 2495 in
1863 2464 1923 2495 1100
1936 2472 2026 2496 suam
2049 2473 2123 2505 erga
2139 2473 2172 2497 se
2191 2465 2250 2497 be-

1195 2514 1414 2546 nevolentiam
1435 2515 1466 2546 et
1485 2514 1676 2555 obsequium
1699 2515 1889 2547 declararet.
1911 2515 1974 2547 Sed
1992 2516 2045 2548 ille
2061 2517 2245 2557 respondit,

1195 2574 1229 2598 se
1246 2566 1376 2607 quidem
1390 2566 1423 2598 in
1436 2566 1586 2598 omnibus
1598 2566 1684 2598 dicto
1700 2567 1883 2599 audientem
1907 2567 1975 2599 sore
1992 2567 2189 2609 imperatori,
2203 2570 2251 2600 ta-

1196 2626 1270 2649 men
1285 2619 1374 2650 nefas
1387 2627 1455 2650 esse
1465 2618 1592 2657 Gothis,
1607 2618 1690 2650 sicut
1704 2619 1736 2650 et
1749 2619 1862 2651 ceteris
1875 2619 2076 2659 mortalibus,
2092 2620 2251 2661 supplices

1196 2671 1228 2702 et
1243 2679 1309 2710 eos,
1326 2671 1382 2711 qui
1394 2671 1529 2703 salutem
1550 2671 1731 2711 precentur,
1750 2670 1811 2710 his,
1825 2671 1881 2711 qui
1902 2680 1957 2703 eos
1978 2671 2250 2712 comprehendere

1196 2724 1316 2763 velint,
1333 2724 1477 2764 prodere.
1523 2725 1586 2755 Eos
1602 2723 1699 2764 igitur
1716 2724 1751 2755 ut
1770 2724 1948 2764 omitteret,
1965 2724 2091 2763 orabat,
2117 2733 2249 2765 praeser-

1195 2776 1254 2808 tim
1265 2786 1365 2817 quum
1379 2778 1466 2809 nulla
1478 2786 1523 2817 re,
1539 2777 1597 2808 nisi
1608 2777 1695 2818 quod
1710 2776 1865 2815 viverent,
1876 2778 1979 2809 essent
1991 2777 2117 2809 molesti
2131 2777 2246 2809 futuri.

1197 2830 1236 2860 Et
1252 2829 1296 2860 illi
1307 2829 1436 2869 quidem
1447 2830 1533 2870 apud
1543 2828 1815 2868 Theuderichum,
1824 2828 1911 2869 quod
1922 2829 2082 2870 reliquum
2093 2829 2165 2861 vitae
2176 2829 2248 2869 suit,

1197 2880 1359 2914 modicum
1375 2890 1488 2921 agrum
1508 2881 1659 2921 colentes,
1674 2881 1905 2921 transegerunt.

1688 2935 1752 2969 20.

1239 2991 1480 3030 Pamprepius.
1497 2990 1555 3021 Hic
1568 2989 1653 3030 apud
1668 2991 1829 3022 Zenonem
1846 2990 1987 3022 multum
1999 2989 2115 3030 potuit.
2126 2990 2250 3021 Genere

1199 3042 1360 3074 Thebaeus
1387 3042 1553 3082 AEgyptins
1576 3041 1766 3082 ingenioque
1791 3041 1944 3081 praeditus
1970 3041 2009 3072 ad
2034 3041 2141 3072 omnia
2160 3043 2247 3081 apto.

1201 3093 1297 3126 Venit
1310 3093 1450 3124 Athenas
1460 3117 1468 3132 ,
1483 3095 1515 3125 et
1525 3102 1543 3124 a
1555 3094 1687 3126 civitate
1700 3095 1843 3127 delectus
1860 3093 2107 3135 grammaticus,
2123 3093 2246 3123 multos

1200 3146 1244 3177 ibi
1263 3145 1373 3177 docuit
1386 3154 1487 3178 annos
1502 3158 1509 3178 ι
1525 3146 1619 3178 51111111
1635 3149 1743 3180 antem
1759 3147 1819 3179 sub
1840 3155 1955 3186 magno
1971 3145 2083 3177 Proclo
2106 3144 2249 3176 eruditus

1199 3199 1247 3230 est
1261 3199 1292 3229 in
1304 3198 1453 3231 omnibus
1470 3200 1644 3232 reconditae
1657 3200 1820 3241 sapientiae
1834 3198 1990 3240 partibus.
2011 3200 2122 3235 Quum
2139 3199 2248 3228 autem

1200 3258 1218 3281 a
1231 3250 1518 3283 calumniatoribus
1531 3251 1615 3292 apud
1633 3252 1834 3292 Theagenem
1849 3251 1934 3282 illius
1950 3249 2011 3280 loci
2025 3248 2247 3288 magistratum

1200 3302 1325 3334 delatus
1357 3305 1389 3335 et
1417 3304 1547 3344 gravius
1571 3313 1669 3345 quam
1699 3304 1887 3345 magistrum
1913 3302 2040 3334 deceret
2068 3301 2248 3340 exagitatus

1201 3354 1328 3394 suisset,
1348 3356 1539 3395 Byzantium
1556 3356 1654 3387 venit.
1670 3358 1711 3388 Et
1724 3357 1828 3387 cetera
1846 3354 1974 3394 quidem
1992 3353 2112 3383 bonum
2127 3353 2159 3382 et
2179 3360 2247 3390 pro·

1202 3406 1276 3437 110111
1292 3415 1325 3438 se
1339 3407 1521 3447 praebebat,
1533 3408 1601 3448 scd,
1617 3410 1651 3439 ut
1665 3408 1696 3439 in
1712 3407 1790 3439 urbe
1800 3431 1808 3446 ,
1828 3407 1859 3437 111
1870 3415 1934 3446 qna
1945 3413 2059 3436 omnes
2074 3402 2247 3436 Christiani

2053 3466 2079 3489 9.
