2372 3704
187 249 261 284 654

238 331 339 369 Ibid.
356 330 403 367 fr.
428 329 473 368 15
496 331 563 370 lin.
595 329 695 368 6.—
710 329 803 367 Post
820 342 860 370 v.
886 331 1022 379 Amyci
1050 331 1194 368 excidit
1219 344 1228 367 t

191 390 389 438 interfecit.

240 449 332 500 Pag.
363 449 411 486 33
427 477 438 498 ,
471 447 517 486 fr.
542 448 588 486 18
601 477 611 496 ‚
642 449 709 487 lin.
733 461 770 487 2.
786 469 839 476 —
857 446 934 485 Pro
953 449 1230 484 Laodamantis

186 509 268 558 lege
290 509 564 546 Laomedontis.

239 566 331 617 Pag.
351 567 414 613 34,
436 566 485 603 ad
506 566 552 602 sr.
580 578 640 603 22.
659 586 710 593 -
728 565 838 602 Adde
854 565 984 614 steph.
1003 566 1110 613 Byz.:
1134 565 1234 603 Καν-

186 623 495 676 Θηλία,πόλιςπερὶ
509 622 736 676 Καρχηδόνα.
756 623 943 667 Ἑκαταῖος
955 623 1019 675 (fr.
1038 625 1128 673 309.
1141 624 1232 674 310)

186 683 299 736 Ἀσίᾳ.
317 683 504 736 ἹΙρόδοτος
524 685 534 733 (
549 683 804 736 Ἡρόδωροςὲ).

242 742 334 792 Pag.
361 748 423 790 41,
447 744 491 779 fr.
510 743 574 786 64.
593 763 648 770 —
674 743 784 778 Hunc
813 742 941 778 locum
970 741 1126 777 fortasse
1147 754 1233 778 cum

186 801 321 851 fragm.
343 816 359 839 1
387 802 697 850 conjungendum
714 813 789 837 esse
802 829 812 846 ‚
833 801 1014 849 quoniam
1039 801 1233 849 Cephalle-

185 863 288 897 niam
309 862 444 911 Taphii
475 861 568 897 olim
587 860 855 905 inhabitarint,
882 860 1094 907 suspicatur
1112 859 1234 895 Creu-

185 933 291 957 zerus
310 922 350 956 in
367 920 580 956 Mam-haer
595 920 675 955 Get.
696 921 855 968 Anzee'g.
878 917 989 966 1849,
1006 930 1046 967 p.
1072 917 1164 964 781.

238 977 332 1028 Pag.
368 984 431 1025 42,
450 980 543 1015 Sim.
569 976 614 1015 fr.
636 989 673 1016 2.
694 998 746 1005 —
774 979 831 1014 De
846 977 975 1013 fabula
994 989 1030 1015 v.
1054 977 1230 1014 Creuzer.

184 1038 312 1084 Symb.
333 1040 406 1083 ΙΙΙ,
426 1050 464 1086 p.
485 1036 575 1083 377.

238 1095 330 1145 Pag.
354 1097 402 1139 43
422 1109 460 1142 a,
475 1096 540 1132 lin.
564 1095 692 1132 18.-
705 1093 784 1131 Pro
800 1097 898 1131 Hise.
918 1095 1022 1130 Rom.
1039 1093 1114 1143 leg.
1134 1094 1228 1131 Hist.

183 1154 347 1191 Homeri.

238 1211 331 1261 Pag.
358 1216 405 1258 47
424 1211 475 1248 ad
501 1212 604 1248 Ionis
634 1210 680 1249 fr.
706 1223 742 1249 1.
772 1231 820 1237 —
842 1212 888 1247 In
919 1211 1005 1247 Vita
1029 1209 1230 1258 Sophoclis

182 1284 224 1320 p.
251 1271 320 1308 131
355 1272 474 1322 Βιογρ.
493 1272 695 1308 Westerm.
716 1270 894 1318 leguntur
912 1269 992 1306 haec

183 1328 221 1366 δὲ
243 1327 302 1367 καὶ
322 1328 492 1367 ποικίλλει
509 1328 568 1366 καὶ
587 1328 657 1370 τοῖς
671 1326 883 1377 ἐπινοήμασι
901 1328 1067 1379 τεχνικῶς
1088 1329 1232 1379 χρῆται,

184 1386 384 1440 Ὁμηρικὴν
405 1386 662 1437 ἐκματτόμενος
689 1385 806 1439 χάριν.
840 1383 949 1425 (Όθεν
970 1387 1078 1423 εἰπεῖν
1097 1385 1233 1424 Ἰωνι-

183 1445 256 1484 κόν
281 1461 377 1484 τινα
391 1475 402 1493 ,
425 1445 529 1494 μόνον
543 1445 726 1498 Σοφοκλέα
740 1444 924 1496 τυγχάνειν
938 1443 1096 1496 Ὁμήρου
1116 1446 1233 1495 μαθη-

184 1504 262 1551 τήν.
288 1507 347 1542 Ibi
371 1501 479 1544 Ἴωνα
509 1503 568 1541 τὸν
599 1502 746 1551 ποιητὴν
775 1505 1008 1550 Meinekius,
1036 1500 1143 1541 Ἴωνα
1173 1501 1232 1540 τὸν

184 1564 270 1603 Χῖον
303 1565 485 1614 Bergkius
522 1564 726 1613 legendum
758 1575 836 1599 esse
872 1570 1038 1601 censent.
1073 1563 1233 1601 Dubitat

189 1624 366 1661 Leutsch.
382 1624 422 1659 in
435 1623 637 1671 Plzilologo
653 1625 683 1669 Ι,
707 1637 750 1672 p.
776 1623 864 1661 133.

237 1682 330 1731 Pag.
356 1681 421 1730 59.
442 1684 558 1718 —De
576 1683 718 1730 Hippia
734 1682 958 1717 testimoniis
968 1680 1063 1718 adde
1076 1681 1227 1730 Apulej.

184 1743 212 1778 F
214 1741 327 1777 lorid.
337 1753 373 1789 p.
385 1741 461 1787 676
476 1753 484 1776 z
497 1743 535 1776 H
537 1744 662 1788 ippias
672 1742 784 1776 Eleus
793 1741 970 1789 sophista,
988 1744 1123 1776 artium
1136 1742 1231 1775 mul-

183 1801 336 1836 titudine
344 1803 449 1848 prior
460 1800 630 1836 omnibus
642 1827 652 1845 ‚
670 1801 877 1847 eloquentiae
891 1800 987 1834 nulli
999 1799 1191 1834 secandus.

238 1857 332 1907 Pag.
369 1858 440 1902 58,
475 1858 521 1898 fr.
546 1858 606 1896 18.
637 1857 784 1893 —Pro
815 1855 1021 1908 Ἀντιφάνης
1043 1854 1100 1906 δὲ,
1124 1857 1231 1906 quod

181 1915 324 1953 habent
356 1917 476 1955 schol.
501 1929 565 1966 vg.
557 1943 585 1966 .‚
614 1916 655 1952 in
693 1916 840 1953 Anecd.
862 1916 1031 1952 Crameri
1055 1916 1081 1951 l.
1118 1916 1141 1951 l.
1177 1923 1232 1953 est

182 1974 393 2022 Ἀντισθένης
413 1973 464 2014 δὲ.

235 2034 328 2084 Pag.
353 2035 403 2084 59
434 2036 467 2082 b,
486 2042 569 2073 not.
600 2047 635 2074 1.
653 2054 708 2063 —
734 2035 791 2071 De
816 2034 891 2071 hoc
918 2034 1118 2083 Aphareo,
1153 2042 1232 2070 tra-

179 2095 266 2144 gico
280 2102 413 2143 poeta,
431 2107 470 2132 v.
491 2096 672 2144 Wagner.
695 2095 735 2130 in
750 2094 902 2143 Fragm.
925 2101 1046 2143 tragg.
1063 2106 1103 2142 p.
1128 2107 1142 2129 1
1156 2093 1212 2129 13.

234 2152 327 2202 Pag.
353 2152 401 2188 60
423 2153 469 2200 b,
491 2160 574 2189 not.
597 2165 630 2190 1.
650 2153 767 2188 Recte
784 2153 977 2188 Osannum
1003 2164 1076 2200 pro
1097 2151 1231 2186 Thasio

180 2211 323 2259 Hippia
338 2212 468 2246 Eleum
488 2211 698 2259 reposuisse
713 2237 723 2253 ‚
743 2209 821 2257 jam
842 2211 967 2245 minus
996 2209 1232 2246 confidenter

179 2269 355 2304 dixerim.
370 2270 478 2305 Certe
497 2269 656 2317 Hippias
672 2269 828 2303 Thasius
842 2267 1012 2315 quidam,
1031 2280 1144 2315 quem
1155 2269 1232 2303 Tri-

178 2328 359 2375 gintaviri
380 2328 514 2375 capitis
531 2327 779 2373 damnarunt,
798 2327 967 2362 occurrit
985 2337 1048 2374 ap.
1077 2328 1228 2375 Lysiam

178 2386 223 2424 C.
247 2388 404 2434 Agorat.
427 2384 527 2430 §54.

234 2449 280 2488 P.
299 2451 346 2492 64
368 2454 450 2487 im't.
469 2451 533 2485 lin.
553 2453 588 2492 4.
602 2469 657 2477 —-
672 2447 865 2497 Δαμάστης
882 2450 900 2485 ὃ
918 2446 1097 2498 Σιγειεὺς]
1118 2450 1231 2498 Apud

181 2510 339 2557 Dionys.
357 2511 403 2547 A.
421 2511 469 2547 R.
490 2510 527 2553 Ι,
546 2522 594 2554 72
617 2508 677 2558 (v.
699 2511 812 2545 Dam.
830 2509 874 2546 fr.
892 2508 932 2558 8)
956 2509 1042 2543 libri
1056 2510 1229 2557 plurimi,

182 2575 225 2603 ut
238 2568 332 2612 vid„
353 2568 530 2603 exhibent
544 2567 562 2603 ὁ
576 2565 700 2616 Σιγεὺς
712 2582 721 2613 ;
731 2568 846 2614 idque
855 2575 957 2602 recte
974 2567 1114 2603 habere
1125 2568 1232 2603 vide-

181 2634 256 2670 tur,
277 2633 320 2662 ut
331 2638 401 2674 per
414 2627 540 2661 literas
552 2627 610 2660 vir
621 2639 788 2661 summus
800 2626 999 2661 Boeckhius
1018 2639 1078 2661 me
1093 2627 1230 2662 admo—

180 2686 277 2720 nuit.
313 2686 410 2720 Nam
445 2686 634 2720 consentit
657 2685 822 2721 Avienus
853 2685 978 2720 verbis
1012 2686 1229 2720 Damas-tem

180 2745 296 2779 nobili
306 2752 433 2779 natum
457 2744 556 2791 Sigc.
578 2744 693 2792 Apud
703 2744 927 2791 Dionysium
947 2744 1100 2778 Eusebii
1120 2746 1226 2782 Arm,

181 2809 237 2838 est
256 2804 455 2838 Damastes
469 2803 629 2846 Sicleces,
660 2803 684 2839 i.
707 2815 740 2838 e.
769 2800 945 2851 Σιγήτης,
968 2803 1074 2850 quod
1096 2804 1231 2851 genui-

127 2856 130 2859 *
180 2873 271 2896 num
290 2869 344 2896 est
362 2863 500 2910 gentile
512 2862 674 2897 nominis
693 2859 782 2909 Σίγη
810 2862 885 2909 (St.
907 2861 948 2897 B.
969 2874 977 2896 :
1002 2859 1108 2910 Σίγη,
1129 2859 1230 2902 πόλις

182 2919 367 2970 Τρωάδος,
383 2920 428 2961 ὡς
449 2917 637 2962 ςΕκαταῐος
653 2918 766 2970 Ἀσίᾳ.
780 2918 832 2957 Τὸ
850 2917 981 2956 ἐθνικὸν
1000 2918 1145 2968 Σιγίτης
1156 2921 1227 2968 leg.

180 2977 367 3028 Σιγήτης),
379 2978 487 3025 juxta
518 2980 654 3014 alteras
678 2979 819 3014 formas
842 2979 934 3014 duas
953 2975 1077 3029 Σιγεὺς
1107 2986 1145 3014 et
1165 2979 1227 3015 Σι-

180 3036 290 3087 γαῒος.
307 3039 543 3085 Quamquam
566 3039 655 3073 licet
673 3038 804 3073 mirari
828 3038 973 3073 hancce
1001 3038 1162 3073 formam
1179 3037 1227 3073 ab

180 3097 343 3132 Eusebio
363 3097 531 3131 exhiberi
543 3124 553 3144 ,
571 3109 687 3144 quum
709 3098 748 3131 in
766 3098 905 3132 nostris
921 3097 1027 3132 libris
1039 3097 1087 3132 sit
1106 3097 1230 3132 forma

180 3157 220 3191 in
235 3169 290 3197 ευς
307 3155 490 3191 desinens.
506 3175 560 3182 ——
575 3155 690 3203 Apud
710 3156 865 3191 Suidam
877 3169 912 3191 v.
939 3154 1134 3204 Δαμάστης
1155 3168 1227 3203 pro

181 3212 336 3264 Σιγειεὺς
357 3212 367 3265 (
381 3211 517 3262 Σιγιεὺς
537 3214 651 3250 codd.
675 3214 769 3263 AV)
785 3213 853 3251 ἀπὸ
869 3213 1008 3264 Σιγείου
1022 3216 1083 3260 τῆς
1098 3212 1229 3265 Τρωά-

181 3273 237 3316 δος
266 3281 353 3309 ante
370 3273 660 3320 Bernhardyum
681 3274 879 3321 legebatur
898 3286 907 3309 z
930 3274 976 3312 Σ.
999 3271 1068 3310 ἀπὸ
1088 3271 1228 3323 Σιγείου

180 3333 244 3380 γῆς
262 3332 324 3376 τῆς
339 3330 419 3380 Τρ.,
443 3331 550 3378 quod
572 3332 694 3379 ipsum
714 3331 804 3369 fort.
827 3331 1090 3381 refingendum
1111 3339 1228 3381 puta-

180 3391 278 3426 veris
298 3391 337 3425 in
354 3389 397 3427 Σ.
415 3387 484 3426 ἀπὸ
502 3387 610 3439 Σίγης
626 3390 686 3435 τ’ῆς
706 3389 792 3441 Τρ.,
823 3403 1053 3439 quamquam
1071 3404 1147 3428 vox
1165 3392 1229 3441 γ’ῆς

182 3449 286 3485 abest
305 3448 454 3485 acodd.
475 3449 614 3486 ABVE.

1021 1281 1031 1307 ε
1054 1266 1236 1307 'fleo-amet

910 241 1154 282 ADDENDA
1183 242 1248 282 ET
1278 242 1607 283 CORRIGENDA

1348 331 1441 382 Pag.
1456 338 1518 379 74,
1531 333 1580 369 ad
1587 333 1927 382 Themistogenem.
1942 334 2045 369 —In
2055 333 2194 369 Lexico
2206 346 2262 383 gr.
2275 346 2337 383 ap.

1294 392 1552 428 Hermannum
1567 393 1624 428 De
1633 391 1780 428 emend.
1794 399 1865 427 rat.
1882 404 1937 441 gr.
1953 398 1989 428 et
2002 392 2041 427 in
2057 394 2258 442 Lecapeno
2273 405 2336 442 ap.

1293 451 1525 486 Matthaeium
1545 449 1685 499 (Lectt.
1702 448 1893 496 Moscov.)
1915 451 2112 499 complura
2133 463 2179 487 ex
2204 452 2339 488 Xeno-

1293 509 1437 556 phonte
1455 509 1631 553 citantur,
1657 521 1740 556 quae
1759 509 1800 543 in
1809 510 1947 545 nostris
1962 510 2241 558 exemplaribus
2259 521 2338 547 non

1294 567 1484 615 leguntur.
1500 568 1560 603 Sic
1579 568 1768 615 Lecapen.
1785 579 1824 615 p.
1843 566 1891 614 67
1908 581 1948 605 v.
1964 566 2135 606 θανατόω.
2160 568 2339 620 Ξενοφῶν·

1295 641 1310 658 «ι
1330 625 1490 661 Θανατοῖ
1508 622 1544 661 δὲ
1564 622 1624 661 σὺν
1645 623 1761 666 ἄλλοις
1774 622 1908 661 καὶτὸν
1927 627 1988 662 τοῦ
2009 623 2146 676 Ἄραίου
2166 624 2340 676 (Ἀριαίου

1295 683 1335 718 in
1352 682 1477 732 Xen.)
1498 685 1560 719 τοῦ
1586 681 1740 732 μεγάλου
1761 682 1980 734 ἀδελφιδοῦν.
2004 700 2022 716 ι»
2045 705 2100 712 -
2114 685 2213 723 Ibid.
2229 697 2271 734 p.
2290 697 2336 732 71

1294 753 1332 777 v·
1353 738 1570 791 μεταφέρων.
1593 741 1770 792 Ξενοφῶν·
1791 757 1807 774 (ι
1827 739 1900 779 Καὶ
1926 742 1945 778 ὁ
1961 739 2165 794 Χειρίσοφος
2181 740 2220 779 τὸ
2235 741 2342 780 πλέον

1294 801 1353 836 τοῦ
1375 798 1636 850 στρατεύματος
1651 798 1718 837 ὑπὸ
1749 798 1807 838 τὸν
1825 798 1929 850 λόφον
1953 798 2155 852 μεταφέρων
2179 799 2341 847 ἐξαπίνης

1295 858 1333 894 οὗ
1349 856 1488 909 καιρίαν
1503 857 1748 910 τιτρώσκεται.
1772 876 1789 892 »
1812 881 1862 887 -—
1874 859 1985 908 1d.p.
2005 858 2054 896 58
2070 873 2108 898 v,
2130 858 2338 900 ἅπαλάττω.

1299 916 1404 968 Παρὰ
1425 916 1637 969 Ξενοφῶντι·
1659 935 1674 951 α
1697 916 1918 964 Ἀπήλλαττε
1938 914 1974 954 δὲ
1995 915 2085 967 μετὰ
2101 918 2171 956 τῶν
2191 918 2341 957 »Σκυθῶν

1295 977 1313 1013 ὁ
1332 977 1443 1027 Κῦρος
1457 976 1491 1013 ἐν
1507 974 1638 1028 Ἰωνίᾳ.
1654 993 1671 1009 »³
1688 978 1777 1013 Haec
1795 984 1924 1026 aperte
1939 977 2054 1013 ducta
2070 985 2158 1014 sunt
2175 990 2222 1014 ex
2235 981 2342 1015 Ana-

1294 1035 1376 1070 basi
1401 1035 1543 1083 aliqua.
1572 1036 1671 1071 Num
1692 1035 1790 1071 forte
1814 1035 1998 1084 igitur-ad
2016 1036 2343 1086 Themistogenem

1294 1093 1354 1129 vel
1386 1093 1435 1128 ad
1465 1094 1730 1142 Sophaenetum
1766 1095 1976 1142 pertinent,
2008 1093 2104 1130 adeo
2134 1101 2178 1131 ut
2215 1095 2343 1132 notius

1294 1153 1561 1201 Xenophontis
1579 1165 1720 1189 nomen
1728 1152 1831 1188 hisce
1848 1153 2099 1189 auctoribusa
2114 1153 2232 1189 sciolo
2247 1165 2343 1201 quo·

1295 1211 1383 1248 dam
1417 1213 1662 1249 substitutum
1694 1211 1766 1248 sit?
1790 1212 1964 1248 Ceterum
1988 1223 2036 1247 ex
2060 1211 2194 1248 eodem
2225 1223 2343 1261 opere

1295 1270 1469 1307 fluxerint
1479 1271 1591 1306 etiam
1612 1283 1694 1318 quae
1707 1270 1777 1306 sub
1791 1270 2061 1319 Xenophontis
2078 1270 2234 1306 nomine
2249 1269 2340 1307 affe-

1293 1337 1430 1366 runtur
1445 1342 1507 1378 ap.
1535 1331 1722 1378 Lecapen.
1742 1342 1780 1378 p.
1805 1327 1867 1367 56.
1891 1328 1954 1368 65.
1971 1329 2037 1366 66.
2062 1329 2122 1375 76.
2135 1328 2184 1365 58
2196 1355 2208 1376 ,
2225 1337 2264 1366 et
2276 1341 2340 1379 ap.

1295 1391 1501 1427 Hermann.
1523 1389 1550 1427 l.
1567 1390 1593 1424 l.
1610 1402 1648 1437 p.
1666 1388 1755 1424 351.
1778 1387 1867 1435 357.
1886 1388 1972 1425 360.
1993 1387 2186 1437 375.389.

1348 1446 1393 1484 Ρ.
1426 1453 1491 1494 74.
1512 1467 1566 1476 --
1587 1447 1702 1496 Apud
1722 1447 1966 1483 Plutarchum
1986 1449 2043 1483 De
2077 1447 2178 1496 glor.
2201 1446 2339 1484 Athen.

1294 1519 1326 1544 c.
1347 1519 1380 1552 1,
1401 1507 1717 1554 Wyttenbachius
1739 1519 1827 1542 cum
1857 1506 2057 1542 Meziriaco
2087 1517 2160 1554 pro
2179 1502 2241 1542 καὶ
2268 1503 2340 1542 Θε-

1294 1578 1436 1617 μιστογε
1428 1563 1510 1613 ’..νη
1518 1581 1605 1605 ,τον
1638 1564 1875 1616 Συρακούσιον
1910 1565 1986 1614 legi
2004 1564 2146 1601 mavult
2179 1561 2241 1600 καὶ
2271 1563 2343 1601 Θε-

1293 1624 1518 1675 μιστογένει..
1525 1626 1605 1676 .τῷ
1622 1623 1864 1676 Συρακουσίῳ.

1346 1683 1439 1733 Pag.
1465 1683 1526 1731 75.
1542 1664 1598 1721 De
1612 1686 1810 1750 Cratippo.
1828 1705 1880 1711 —-
1893 1684 1938 1719 In
1954 1683 2040 1718 loco
2058 1670 2251 1717 Plutarchi
2264 1677 2342 1731 ’·Αρ

1291 1741 1390 1793 χίνου
1418 1755 1490 1792 pro
1508 1741 1700 1794 Ἀρχίππου
1723 1743 1801 1790 jam
1830 1742 1966 1791 reponi
1985 1741 2144 1788 jusserat
2166 1741 2343 1788 Wytten-

1292 1802 1465 1849 bachius,
1488 1802 1555 1849 qui
1581 1809 1763 1850 praeterea
1791 1801 1966 1837 lacunam
1995 1799 2230 1836 statuendam
2262 1809 2342 1835 esse

1291 1861 1638 1910 Xenophonteique
1667 1860 1794 1909 operis
1816 1860 2049 1895 mentionem
2076 1857 2258 1894 excidisse
2277 1869 2338 1893 su-

1291 1920 1473 1968 spicatur.

1346 1978 1457 2013 Tom.
1482 1977 1543 2022 ΙΙ,
1565 1988 1608 2025 p.
1638 1975 1703 2012 81.
1729 1997 1780 2004 --
1797 1976 1888 2012 Sero
1909 1981 2042 2010 nactus
2056 1986 2139 2010 sum
2169 1973 2342 2010 libellum

1291 2037 1326 2074 J.
1355 2036 1401 2074 F.
1433 2037 1474 2074 T.
1505 2035 1684 2072 Arnoldti
1712 2036 1770 2071 De
1803 2035 1960 2070 Athana
1990 2045 2110 2069 rerum
2137 2033 2343 2068 Siculorum

1265 2088 1267 2090 ¹
1291 2099 1469 2144 scriptore
1489 2095 1734 2144 (Gumbinnae
1759 2092 1895 2143 1846),
1916 2106 1962 2129 ex
1979 2105 2056 2140 quo
2075 2092 2180 2128 disco
2196 2103 2242 2128 ea
2260 2103 2343 2139 quae

1293 2155 1464 2201 fleynius
1489 2153 1537 2189 de
1571 2150 1820 2189 adornatione
1852 2159 1888 2188 et
1923 2152 2071 2188 ambitu
2099 2151 2343 2186 historiarum

1293 2212 1448 2248 Athanae
1471 2213 1642 2260 scripsit,
1681 2212 1921 2260 impugnasse
1951 2210 2065 2246 etiam
2100 2208 2279 2245 Heldium
2304 2209 2344 2244 in

1292 2271 1466 2319 Prolegg.
1484 2271 1523 2305 in
1542 2272 1571 2305 T
1574 2271 1679 2307 111101
1698 2270 1890 2305 Plutarchi
1910 2267 2166 2317 (Pi-'.ogiamm
2186 2267 2344 2304 Baruthi

1297 2328 1417 2373 1834,
1443 2342 1483 2378 p.
1507 2327 1550 2377 6)
1574 2336 1611 2364 et
1634 2328 1888 2364 Boettcherum
1917 2328 1956 2362 in
1984 2326 2206 2362 Praefatione
2225 2325 2344 2362 libelli

1293 2386 1340 2423 de
1359 2388 1472 2423 rebus
1492 2388 1561 2435 Sy·
1564 2388 1733 2423 acusanis
1750 2387 1852 2435 apud
1872 2387 2023 2422 Livium
2041 2391 2077 2420 et
2098 2385 2226 2420 Plutai
2228 2383 2340 2421 chum

1294 2447 1446 2494 (Progr.
1462 2446 1615 2482 Dresdae
1636 2445 1751 2493 1838,
1769 2458 1810 2494 p.
1835 2443 1914 2494 14).
1932 2443 2137 2491 Quomodo
2156 2443 2342 2491 interpre-

1296 2503 1410 2538 tanda
1430 2511 1551 2539 essent
1565 2504 1683 2539 verba
1702 2504 1866 2540 Diodori
1878 2532 1887 2548 ‚
1904 2502 1985 2550 jam
2002 2502 2150 2538 viderat
2167 2503 2344 2538 Retterus

1293 2562 1330 2596 in
1363 2562 1623 2598 dissertatione
1646 2562 2131 2610 historico-chronologica
2154 2560 2201 2597 de
2218 2561 2344 2597 Sicula

1292 2622 1561 2668 Dionysiorum
1574 2621 1770 2669 tyrannide
1784 2620 1936 2669 (Giessae
1952 2633 1966 2656 1
1976 2620 2064 2666 726,
2077 2633 2120 2668 p.
2135 2619 2185 2656 28
2197 2618 2225 2668 );
2239 2618 2344 2666 cujus

1293 2680 1516 2714 sententiam
1544 2681 1681 2715 merito
1700 2679 1933 2727 adoptarunt
1962 2685 1999 2714 et
2017 2678 2175 2714 Heldius
2203 2684 2241 2713 et
2265 2679 2341 2713 Ar·-

1292 2738 1479 2782 noldtius;
1511 2746 1646 2774 contra
1676 2751 1769 2774 vero
1806 2751 1888 2786 quae
1919 2737 2155 2773 Boettcherus
2181 2736 2346 2784 protulit

1293 2803 1422 2843 aperte
1442 2796 1534 2832 falsa
1551 2805 1650 2842 sunt,
1666 2798 1787 2844 iisque
1803 2796 2018 2832 refellendis
2027 2795 2211 2842 majorem
2225 2806 2340 2842 quam

1291 2867 1363 2902 par
1374 2863 1455 2890 erat
1464 2856 1686 2891 Arnoldtius
1696 2855 1883 2904 impendit
1895 2866 2062 2903 operam.
2076 2855 2249 2890 Ceterum
2260 2865 2340 2888 non

1290 2915 1613 2961 praetermittenda
1644 2921 1698 2950 est
1725 2913 1946 2960 conjectura
1963 2912 2123 2948 Berkelii
2143 2911 2245 2947 haud
2269 2911 2343 2946 im·-

1292 2973 1504 3020 probabilis
1517 2999 1527 3016 ,
1561 2984 1675 3020 quam
1712 2985 1752 3020 p.
1794 2971 1815 3008 5
1846 2971 2069 3008 Arnoldtius
2105 2982 2337 3006 commemo-

1293 3037 1364 3066 rat.
1405 3031 1552 3066 Etenim
1578 3032 1789 3078 suspicatur
1819 3030 2010 3065 Berkelius
2039 3028 2226 3064 Athanam
2262 3029 2340 3064 sive

1291 3089 1468 3124 Athanirn
1489 3087 1531 3138 (*)
1554 3096 1727 3124 nostrum
1750 3088 1910 3124 eundem
1929 3100 2005 3123 esse
2025 3099 2111 3122 cum
2126 3087 2214 3131 illo,
2233 3086 2340 3133 cujus

1292 3148 1562 3197 Theopompus
1583 3148 1755 3183 meminit
1779 3147 1882 3196 apud
1898 3147 2131 3195 Stephanum
2156 3158 2194 3180 v.
2214 3142 2337 3193 Δύμη,

1330 3270 1371 3311 (*)
1398 3270 1530 3302 confert
1556 3268 1702 3302 Arnoldt.
1726 3277 1759 3310 p.
1786 3271 1806 3300 4
1832 3269 1950 3301 formas
1973 3268 2156 3309 promiscue
2181 3266 2341 3300 adhibitas

1291 3318 1458 3350 nominum
1471 3318 1630 3359 Θαμύρας,
1647 3317 1796 3358 Θάμυρις;
1811 3317 1920 3352 Ἀλκας
1935 3317 1966 3348 et
1980 3316 2090 3354 Ἄλκις;
2105 3315 2220 3357 Θήρας,
2231 3317 2339 3355 Θῆρις;

1292 3365 1547 3406 Θεύδας,Θεῦδις;
1564 3367 1639 3404 οἱα,
1654 3366 1716 3396 etc.
1728 3381 1770 3387 —
1788 3366 1886 3395 Porro
1903 3363 2034 3404 Ἀρέτας,
2064 3362 2200 3404 Ἀρέτης,
2211 3361 2338 3403 Ἄρετις.

1290 3413 1443 3453 Ἀρίστας,
1455 3411 1604 3453 Ἀρίστης,
1617 3411 1758 3451 Ἄριστις.
1771 3411 1875 3447 Πύθας
1886 3435 1895 3450 ,
1916 3411 2031 3450 Πύθης,
2049 3411 2141 3448 ΙΙῡθις
2151 3434 2160 3450 ,
2175 3409 2248 3448 alia,
2261 3408 2334 3440 con.

1291 3459 1378 3501 Papii
1398 3458 1505 3492 Lexic.
1522 3459 1740 3499 onomatolog.
1757 3467 1784 3490 s.
1805 3467 1857 3489 vv.
