2326 3724
111 236 159 269 60
881 219 1235 262 OLYMPIODORI
1264 220 1471 259 THEBAEI

72 331 76 334 ’
110 315 262 366 ἔπαρχος
286 311 346 350 καὶ
367 311 569 364 πατρίκιος,
592 309 651 348 καὶ
679 308 822 356 Οὐάλης
849 307 1039 361 στρατηγὸς
1063 309 1144 345 ἑκα-

110 373 209 425 τέρας
225 369 421 421 δυνάμεως,
440 385 500 408 και
519 368 700 420 Ποτάμιος
718 370 736 405 ὃ
752 367 959 419 κοιαίστωρ,
978 381 1037 404 και
1052 365 1146 404 Ἰου-

109 429 223 474 λιανὸς
242 427 464 481 πριμικήριος
480 429 548 465 τῶν
576 427 754 479 νοταρίων·
773 425 806 464 οἳ
823 425 964 471 ἐδήλουν
991 423 1145 475 Ἀττάλῳ

111 487 169 526 ἐπὶ
188 485 351 538 κοινωνία
380 489 442 533 τ’ῆς
464 484 640 537 βασιλείας
671 484 887 522 ἀπεστάλθαι
908 481 1006 533 παρὰ
1028 481 1145 522 Ὁνω-

112 545 199 598 ρίου.
217 544 262 584 ‘O
280 543 315 582 δὲ
336 526 534 591 ἀπένευσεν,
546 543 636 580 ἀλλὰ
656 545 757 589 νῆσον
777 543 880 580 οἰκεῖν
899 540 921 586 ἢ
942 540 1055 592 ἕτερόν
1071 554 1146 577 τινα

111 603 228 650 τόπον,
245 602 282 640 ὃν
309 601 350 640 ἂν
387 602 564 653 βούλοιτο,
594 603 784 652 συγχωρεῖν
817 598 1000 651 Ὁνώριον,
1030 599 1147 635 κακῶν

113 663 246 707 ἀπαθῆ.
265 659 502 711 Ἀποκρίνεται
525 657 561 696 δὲ
589 658 758 701 Ἰοὸιανὸς
777 657 913 704 ἡσθεὶς,
934 654 1146 707 ἐπαγγελλό-

113 734 213 768 μενος
228 717 287 756 καὶ
303 719 449 755 σινῶσαι
464 718 540 754 καθ’
561 715 634 759 ἑνὸς
654 715 776 766 μέλους
795 715 852 752 τὸν
874 714 1020 766 βασιλέα
1038 712 1149 751 Ὁνώ-

114 792 199 829 ριον.
221 775 301 828 Ἐφ’
317 769 346 828 ᾧ
361 774 568 824 ἐπετίμησεν
580 771 747 817 Ἄτταλος
764 773 923 823 Ἰοὸιανῷ
934 802 944 820 ,
960 775 1006 815 ὡς
1020 770 1150 814 οὐθενὸς

113 836 207 878 ἔθους
231 834 326 877 ὄντος
350 836 526 871 σινοῦσθαι
548 832 712 884 βασιλέα,
741 831 851 870 ἑκοντὶ
880 831 942 877 τὴν
973 830 1150 883 βασιλείαν

113 892 370 965 ἀποτιθέμενον.
393 890 498 930 Ἀλλὰ
520 890 687 934 Ἰοὸιανὸς
707 890 769 940 μὲν
789 889 956 932 πολλάκις
978 886 1150 940 πρεσὸεύ-

114 966 195 999 σας,
210 966 271 989 και
286 949 392 1000 μηδὲν
415 949 554 996 ἀνύσας,
574 948 761 998 καταμένει
780 946 864 998 πρὸς
883 946 1067 996 Ἄτταλον
1082 960 1151 982 πα-

115 1009 244 1062 τρίκιος
263 1009 428 1048 Ἀττάλου
448 1007 661 1058 ὀνομασθείς.
684 1005 901 1058 Μετέρχεται
919 1004 954 1042 δὲ
975 1003 1066 1042 κατὰ
1089 1005 1151 1050 τὴν

115 1066 306 1105 Ῥάὸενναν
331 1066 388 1104 ἐπὶ
404 1065 460 1104 τὸν
482 1064 710 1117 πραιπόσιτον
731 1062 900 1102 Εὖσέὸιον
917 1064 939 1107 ἡ
957 1059 1152 1098 δυναστεία.

116 1125 184 1169 οΟς
204 1124 292 1176 μετὰ
310 1123 427 1162 ἱκανὸν
445 1122 566 1175 χρόνον
595 1121 799 1173 Ἀλλοὸίχου
828 1119 973 1172 ἐπηρεία
991 1118 1083 1156 καὶε
1071 1133 1155 1156 υπο-

116 1183 205 1235 θήκῃ
239 1182 390 1235 δημοσία
423 1182 483 1220 καὶ
512 1182 566 1218 ἐπ’
598 1180 698 1232 ὄψεσι
728 1195 786 1217 του
816 1177 987 1230 βασιλέως
1018 1176 1156 1230 ῥάὸδοις

117 1242 318 1294 ἀναιρεῖται.
335 1239 502 1293 Χρόνος”
483 1254 641 1291 ερρευσεν
658 1237 795 1285 ἱκανὸς,
813 1252 871 1275 και
892 1236 940 1286 μὴ
957 1235 1157 1285 πειθόμενος

115 1300 282 1342 Ἄτταλος
298 1298 492 1350 Ἀλαρίχῳ,
510 1298 644 1349 σπουδῇ
670 1296 706 1334 δὲ
731 1296 885 1346 μάλιστα
903 1294 1096 1341 Ἰοὸιανοῦ,
1122 1293 1157 1337 ὃς

115 1363 156 1406 ἠν
176 1358 238 1405 τὴν
258 1357 428 1410 Ὁνωρίου
455 1355 642 1408 πρεσὸείαν
662 1353 910 1407 προδεδωκὼς,
937 1355 1157 1406 καθαιρεῖται

116 1420 177 1464 τῆς
200 1414 397 1469 βασιλείας·
414 1414 474 1453 καὶ
498 1414 613 1464 μένει,
634 1413 691 1452 τὸν
710 1413 848 1459 ἰδιώτην
865 1411 960 1464 παρὰ
983 1411 1157 1464 Ἀλαρίχῳ

120 1476 191 1527 βίον
207 1473 455 1527 ἀνθῃρημένος.
468 1473 620 1512 Ἔπειτα
635 1471 724 1523 μετὰ
737 1471 859 1523 χρόνον
874 1469 952 1508 τινὰ
968 1469 1156 1522 βασιλεύει.

117 1528 207 1573 Εἶτα
227 1536 456 1584 καθαιρεῖται.
480 1531 551 1571 Καὶ
577 1531 666 1581 μετὰ
691 1534 802 1568 ταῦτα
835 1529 975 1580 ὕστερον
996 1527 1053 1566 ἐπὶ
1070 1526 1158 1566 Ῥά-

119 1591 243 1630 ὅενναν
259 1589 524 1643 παραγεγονὼς,
541 1589 602 1627 καὶ
615 1589 692 1632 τοὺς
704 1604 764 1635 της
779 1587 889 1632 δεξιᾶς
902 1586 1015 1640 χειρὸς
1033 1583 1159 1624 δακτύ-

119 1651 198 1693 λους
218 1647 514 1699 ἀκρωτηριασθεὶς
531 1646 645 1700 ἕξορίᾳ
665 1645 880 1699 παραπέμπε
867 1661 955 1684 ται.

173 1721 220 1747 14.
249 1705 333 1746 ‘'Ou
358 1705 559 1758 Ἀλλόὸιχος
588 1704 677 1756 μετὰ
712 1704 848 1757 βραχυ,
878 1704 940 1751 τὴν
976 1703 1027 1756 ἐφ’
1047 1697 1076 1756 ᾧ
1103 1701 1160 1740 τὸν

121 1764 349 1818 πραιπόσιτον
369 1764 536 1804 Εὗσέὸιον
553 1765 666 1802 ἀνεῖλε
682 1763 780 1809 δίκην
799 1779 929 1810 τιννυς,
953 1761 1076 1813 γνώμῃ
1100 1763 1160 1799 τοῦ

125 1822 294 1876 βασιλέως
313 1822 404 1861 κατὰ
422 1821 609 1875 πρόσωπον
627 1823 731 1860 αὐτου
749 1823 953 1892 ἀναιρεῖται.
978 1819 1050 1858 Καὶ
1067 1821 1163 1858 Κων-

125 1882 301 1925 σταντῖνος
317 1883 335 1919 ὃ
350 1880 513 1932 τύραννος
538 1880 596 1919 τὸν
621 1873 826 1931 Ἀλλοὸίχου
852 1878 997 1916 θάνατον
1025 1877 1161 1928 μαθὼν,

123 1938 343 1991 ἐπειγόμενος
357 1938 440 1991 πρὸς
450 1937 756 1987 τΡοὶὅενναν,ιῖ)στε
771 1936 978 1975 σπείσασθαι
989 1935 1162 1988 “Ονωρίῳ,

123 1996 283 2049 φοὸηθεὶς
298 1996 518 2049 ὑποστρέφει.

178 2069 226 2095 15.
254 2053 342 2094 Ὅτι
361 2055 401 2093 τὸ
417 2054 558 2105 Ῥήγιον
581 2053 792 2106 μητρόπολίς
808 2054 882 2092 ἐστι
901 2054 961 2100 τῆς
979 2051 1164 2104 Βρεττίας,

120 2191 157 2223 ut
173 2191 307 2223 insulam
328 2190 483 2222 inhabitet
497 2189 654 2222 malorum
667 2197 780 2230 expers
800 2187 961 2222 Honorius
972 2211 981 2227 ‚
997 2187 1050 2219 vel
1064 2186 1164 2218 alium

120 2251 345 2283 quemcunque
369 2242 447 2274 velit
470 2242 590 2273 locum.
608 2240 789 2281 Respondet
810 2240 850 2272 ad
869 2239 938 2271 haec
962 2238 1164 2270 laetabundus

124 2294 298 2334 Jovianus‚
317 2293 495 2334 adjecitque
510 2293 606 2324 etiam
621 2294 711 2333 parte
725 2292 831 2332 aliqua
850 2290 992 2331 corporis
1013 2290 1164 2322 mutilan-

121 2345 198 2376 dum
225 2353 292 2377 esse
315 2345 492 2377 Honorium
510 2344 745 2385 imperatorem.
789 2345 896 2381 Quare
913 2342 1084 2375 Jovianum
1106 2342 1164 2373 At-

120 2397 205 2428 talus
226 2395 392 2436 increpans
408 2395 534 2426 nullum
558 2396 640 2427 serre
664 2403 788 2426 moram
812 2394 915 2433 dixit,
941 2395 978 2425 ut
999 2393 1165 2424 mutiletur

124 2449 309 2490 imperator,
333 2448 389 2489 qui
403 2450 514 2488 sponte
529 2456 587 2479 sua
607 2448 740 2488 imperio
752 2447 925 2479 abdicaret.
969 2448 1091 2478 Verum
1107 2447 1165 2478 Jo-

123 2501 240 2532 vianus
253 2508 471 2540 saepenumero
484 2500 638 2539 legatione
654 2499 759 2539 obita,
781 2507 885 2539 neque
898 2498 1073 2538 quidquam
1090 2505 1164 2537 pro-

123 2552 248 2591 ficiens,
271 2551 388 2583 mansit
403 2551 532 2583 tandem
555 2551 641 2591 apud
663 2551 827 2589 Attalum,
850 2550 998 2590 illiusque
1014 2549 1164 2590 patricius

123 2605 172 2635 est
185 2603 371 2644 appellatus.
416 2604 576 2635 Ravennae
600 2602 727 2634 interim
750 2602 908 2634 delabitur
930 2602 971 2633 ad
994 2601 1166 2634 Eusebium

123 2654 330 2695 praepositum
345 2654 484 2694 potestas
498 2666 507 2685 :
529 2653 583 2694 qui
597 2654 668 2694 post
681 2662 745 2685 non
759 2653 813 2685 diu
836 2653 996 2685 Allovichi
1016 2653 1168 2684 violentia

123 2714 163 2738 ac
173 2705 303 2738 decreto
318 2705 444 2746 publico
458 2704 490 2736 in
502 2705 603 2737 oculis
614 2704 814 2746 imperatoris
826 2705 963 2736 fustibus
972 2705 1019 2736 est
1031 2704 1166 2736 occisus.

127 2760 203 2791 Post
220 2758 318 2790 etiam
335 2758 414 2789 dum
431 2757 579 2789 Alaricho
594 2766 659 2789 non
679 2757 851 2797 acquiescit
877 2757 1017 2797 Attalus,
1034 2757 1066 2788 et
1093 2765 1169 2788 vero

125 2810 266 2841 maxime
278 2809 405 2842 Joviani
418 2817 532 2849 opera,
552 2808 607 2848 qui
626 2808 755 2840 Honorii
769 2808 887 2847 legatos
896 2807 1095 2848 prodiderat,
1111 2807 1170 2838 im·

128 2861 216 2902 perio
232 2860 403 2900 dejicitur:
427 2861 599 2899 manetque
611 2859 767 2899 privatam
783 2858 867 2899 apud
877 2859 1058 2891 Alarichum
1071 2858 1168 2890 vitam

126 2911 253 2952 degens.
269 2910 391 2943 Deinde
403 2918 467 2942 non
480 2911 582 2942 multo
593 2911 662 2950 post
675 2910 790 2941 iterum
802 2909 981 2950 imperavit,
991 2919 1030 2942 ac
1043 2918 1169 2941 rursum

127 2961 276 2995 abdicare
289 2963 419 2995 coactus
431 2963 491 2993 cst.
535 2963 609 2993 Post
623 2961 692 2992 baec
703 2961 831 2992 tandem
845 2960 885 2992 ad
900 2962 1084 2993 Ravennam
1098 2969 1168 3001 pro-

129 3016 230 3048 fectus
247 3016 280 3047 et
294 3014 428 3046 summis
445 3013 586 3046 dexterae
603 3022 717 3045 manus
731 3013 835 3053 digitis
850 3014 1017 3045 truncatus
1031 3012 1169 3054 proscri-

129 3067 214 3099 bitur
227 3066 312 3107 (416.
332 3065 384 3106 Cf.
399 3067 478 3098 Zos.
495 3069 526 3105 θ,
541 3068 659 3105 Ssqq.;
676 3067 804 3096 sozom.
820 3067 851 3104 9,
867 3069 904 3103 8,
923 3065 992 3105 12.)

173 3121 223 3151 14.
240 3118 426 3151 Allovichus
442 3118 518 3149 item
533 3118 606 3158 post
625 3117 738 3158 paulo,
756 3117 843 3156 quod
859 3116 1029 3148 Eusebium
1046 3125 1170 3157 praepo-

129 3171 228 3204 situm
242 3170 437 3209 sustulisset,
452 3170 650 3210 imperatoris
664 3169 819 3201 sententia
833 3178 940 3210 poenas
955 3169 1058 3209 dedit,
1075 3172 1172 3210 atque

131 3223 166 3255 in
178 3224 245 3263 eius
257 3223 429 3262 conspectu
444 3220 611 3252 occiditur.
626 3220 853 3253 constantinus
865 3221 1018 3260 tyrannus
1027 3244 1035 3259 ,
1046 3221 1172 3261 cognita

132 3273 286 3307 Allovichi
304 3274 407 3304 morte
416 3296 425 3312 ,
441 3274 622 3304 Ravennam
635 3271 806 3311 accedens,
820 3272 857 3303 ut
872 3279 946 3302 cum
959 3271 1098 3303 Honorio
1112 3272 1171 3303 soe·

133 3326 194 3358 dus
206 3325 311 3365 iniret,
325 3326 410 3357 metu
428 3324 590 3364 perculsus
605 3323 734 3355 revertit
747 3324 844 3364 (410).

135 3415 138 3418 ,
176 3381 226 3411 15.
245 3377 397 3420 Rhegium
411 3375 611 3417 metropolim
630 3384 698 3408 esse
717 3376 934 3415 Bruttiorum,
960 3383 1051 3416 equa
1075 3375 1171 3408 refert

1206 305 1239 350 εξ
1259 309 1297 344 ου
1318 306 1421 358 φησιν
1439 309 1457 344 ὃ
1476 304 1646 358 ἱστορικὸς
1671 306 1850 359 Ἀλάριχον
1876 307 1934 347 ἐπι
1964 309 2127 348 Σικελίαν
2157 314 2240 364 βου-

1205 363 1348 414 λόμενον
1365 366 1599 415 περαιωθῆναι
1619 365 1857 416 ἐπισχεθῆναι.
1883 362 2045 417 Ἀγαλμα
2068 368 2136 422 γάρ
2156 385 2240 423 φησι

1206 420 1449 472 τετελεσμένον
1475 421 1660 472 ἱστάμενον
1679 422 1831 461 ἐκώλυσε
1853 423 1915 471 τὴν
1936 425 2140 477 περαίωσιν.
2172 430 2240 468 Τ-ε

1206 479 1347 518 τέλεστο
1366 480 1426 531 δὲ,
1453 482 1499 523 ὡς
1526 481 1729 531 μυθολογεῒ,
1757 480 1854 533 παρὰ
1882 484 1950 520 τῶν
1970 484 2125 536 ἀρχαίων
2151 487 2242 524 ἀπο-

1208 537 1372 590 τρόπαιόν
1390 553 1427 576 τε
1447 553 1506 576 του
1532 538 1600 576 ἀπὸ
1618 541 1679 585 τῆς
1701 538 1829 586 Αἴτνης
1852 539 1958 591 πυρὸς
1974 541 2034 578 καὶ
2061 542 2146 594 πρὸς
2174 543 2242 582 κώ-

1208 597 1307 634 λυσιν
1335 595 1487 648 παρόδου
1517 595 1573 634 διὰ
1602 596 1779 644 θαλάσσης
1808 597 2007 650 βαρὸάρων.
2029 598 2091 639 Ἐν
2087 600 2195 682 ...γὰρ
2195 605 2245 641 τῶ

1210 654 1258 692 ἑνὶ
1286 654 1366 691 ποδὶ
1392 657 1462 706 πῦρ
1492 654 1681 704 ἀκοίμητον
1712 654 1896 707 ἐτύγχανε,
1926 656 1986 694 καὶ
2005 658 2040 696 ἐν
2064 661 2113 711 τῷ
2141 660 2246 713 ἑτέρῳ

1210 712 1301 764 ύδωρ
1330 711 1548 766 ἀδιάφθορον.
1569 707 1624 752 Ου
1640 714 1923 758 καταλυθέντος
1913 714 2052 767 ὕστερον
2071 717 2111 756 ἔκ
2133 733 2170 756 τε
2185 723 2247 758 τοῦ

1211 769 1375 809 Αἰτναίου
1389 770 1494 823 πυρὸς
1505 771 1563 808 καὶ
1577 773 1617 809 ἐκ
1626 774 1694 809 τῶν
1714 772 1898 824 βαρὸάρων
1916 773 2050 825 βλάὸας
2063 778 2084 821 ἡ
2103 776 2248 815 Σικελία

1210 827 1363 872 ἐδέξατο.
1392 828 1614 882 Κατέστρεψε
1635 829 1670 868 δὲ
1690 832 1729 868 τὸ
1750 830 1892 881 ἄγαλμα
1915 831 2121 880 Ἀσκλήπιος
2141 836 2158 872 ὁ
2179 837 2247 872 τῶν

1211 888 1245 924 ἐν
1279 885 1424 938 Σικελίᾳ
1456 887 1645 936 κτημάτων
1681 887 1927 927 Κωνσταντίου
1963 890 2023 928 καὶ
2056 892 2249 936 Πλακιδίας

1213 942 1389 990 διοικητὴς
1409 943 1598 987 καταστάς.

1267 1015 1312 1040 le.
1344 1000 1430 1040 ”Οτι
1466 1002 1730 1041 Κωνσταντίνου
1766 1006 1824 1042 τοῦ
1860 1004 2027 1057 τυράννου
2058 1006 2118 1044 καὶ
2151 1007 2251 1047 Κών-

1213 1074 1356 1102 σταντος
1375 1063 1434 1097 τοῦ
1451 1060 1590 1108 παιδὸς,
1606 1060 1640 1104 ὃς
1655 1060 1819 1114 πρότερον
1838 1061 1901 1112 μὲν
1921 1066 2064 1116 καῒσαρ,
2078 1064 2199 1104 ἔπειτα
2215 1066 2251 1104 δὲ

1213 1116 1273 1155 καὶ
1297 1117 1457 1170 βασιλεὺς
1477 1119 1772 1171 ἐκεχειροτόνητο,
1792 1119 1919 1158 τούτων
1949 1122 2164 1170 ἡττηθέντων
2192 1125 2252 1162 καὶ

1213 1176 1445 1229 πεφευγότων,
1478 1177 1656 1228 Γερόντιος
1688 1180 1706 1215 ὃ
1737 1178 1945 1230 στρατηγὸς,
1972 1179 2035 1227 τὴν
2066 1180 2152 1233 πρὸς
2178 1181 2254 1227 τοὺς

1218 1234 1411 1286 βαρὸάρους
1447 1235 1636 1285 ἀσμενίσας
1668 1236 1818 1289 ειρήνην,
1852 1237 2010 1289 Μάξιμον
2044 1238 2102 1276 τὸν
2131 1241 2254 1279 ἑαυτου

1216 1294 1326 1331 παιδα
1339 1295 1413 1340 ,εἷς
1431 1293 1494 1340 τὴν
1519 1296 1587 1332 τῶν
1614 1295 1828 1345 δομεστίκων
1846 1295 1939 1340 τάξιν
1967 1298 2152 1350 τελοῦντα,
2187 1302 2254 1351 βα-

1217 1351 1315 1389 σιλέα
1335 1351 1556 1404 ἀναγορεύει·
1576 1357 1650 1391 εἶτα
1675 1353 1856 1398 ἐπιδιώξας
1884 1354 2123 1404 Κώνσταντα,
2148 1371 2256 1394 κατε·-

1216 1410 1370 1462 πράξατο
1391 1412 1634 1463 ἀναιρεθῆναι,
1648 1427 1708 1449 και
1726 1411 1818 1451 κατὰ
1837 1412 1946 1457 πόδας
1961 1412 2100 1463 είπετο,
2123 1414 2256 1454 διώκων

1217 1468 1277 1506 καὶ
1294 1468 1351 1507 τὸν
1367 1469 1503 1521 πατέρα
1521 1470 1796 1509 Κωνσταντῒνον.
1814 1470 1875 1509 Ἐν
1893 1465 1921 1524 ᾧ
1939 1470 1974 1509 δὲ
1990 1476 2100 1510 ταῦτα
2112 1473 2256 1524 ἐγίνετο,

1221 1527 1462 1569 Κωνστάντιος
1490 1526 1550 1566 καὶ
1576 1529 1755 1581 Οὖλφιλᾶς
1775 1529 2047 1568 ἀποστέλλονται
2070 1531 2168 1584 παρὰ
2194 1532 2258 1571 Ὁ·

1218 1584 1341 1637 νωρίου
1373 1584 1465 1623 κατὰ
1498 1587 1776 1625 Κωνσταντίνου.
1802 1587 1873 1626 Καὶ
1905 1588 2165 1633 καταλαὸόντες
2195 1589 2258 1638 τὴν

1219 1643 1420 1696 Ἇρήλατον,
1439 1642 1518 1683 ἔνθα
1537 1643 1598 1689 τὰς
1615 1645 1796 1697 διατριὸὰς
1820 1647 1969 1685 ἐποιεῖτο
1999 1649 2260 1692 Κωνσταντῗνος

1220 1701 1280 1740 συν
1310 1701 1488 1754 Ἰουλιανῳ
1518 1704 1568 1754 τῶ
1594 1705 1714 1750 παιδὶ,
1744 1703 1876 1777 τάύτην
1907 1706 2144 1757 πολιορκουσι.
2187 1707 2260 1746 Καὶ

1221 1761 1484 1804 Κωνσταντῖνος
1511 1760 1722 1813 καταφυγὼν
1743 1764 1789 1805 εἷς
1819 1763 1998 1816 εὔκτηριον
2030 1764 2260 1818 πρεσὸύτερος

1220 1817 1299 1857 τότε
1316 1820 1578 1871 χειροτονεῖται,
1594 1819 1703 1872 ὅρκων
1731 1822 1825 1874 αὖτῳ
1843 1821 1929 1875 ὑπὲρ
1946 1823 2118 1874 σωτηρίας
2143 1824 2262 1862 δοθέν-

1220 1893 1303 1915 των.
1324 1878 1396 1916 Καὶ
1412 1883 1482 1922 τοῖς
1496 1879 1736 1931 πολιορκουσιν
1759 1881 1794 1917 αἱ
1811 1879 1921 1918 πύλαι
1939 1896 2000 1926 της
2015 1880 2148 1925 πόλεως
2176 1884 2261 1920 ἀνα-

1222 1935 1468 1974 πετάννυνται·
1481 1936 1542 1975 καὶ
1563 1936 1741 1988 πέμπεται
1762 1937 1822 1976 σὺν
1845 1941 1896 1991 τῷ
1909 1940 1982 1992 υἱῷ,
1999 1941 2260 1984 Κωνσταντῒνος

1221 1994 1306 2046 πρὸς
1334 1994 1517 2046 Ὁνώριον.
1549 1997 1597 2034 ‘0
1621 1994 1656 2033 δὲ
1686 1998 1910 2046 μνησικακῶν
1943 1999 2059 2041 αὐτοῖς
2086 1997 2174 2051 ὑπὲρ
2193 2002 2261 2036 τῶν

1224 2053 1374 2104 ἀνεψιῶν
1403 2054 1526 2101 αὐτοῦ,
1555 2052 1613 2097 οὒς
1643 2053 1812 2106 ἐτύγχανε
1844 2057 2106 2100 Κωνσταντῒνος
2133 2056 2264 2094 ἀνελὼν

1224 2186 1393 2220 historicus
1409 2187 1611 2228 Alarichum,
1625 2188 1703 2221 dum
1724 2189 1757 2221 in
1772 2190 1910 2222 Siciliam
1930 2191 2077 2231 trajicere
2095 2193 2196 2233 parat,
2213 2202 2265 2225 re-

1224 2238 1351 2270 tentum
1368 2238 1473 2271 fuisse.
1491 2240 1603 2272 Statua
1621 2240 1706 2272 enim
1718 2265 1727 2281 ,
1741 2241 1857 2282 inquit,
1873 2241 2078 2283 inaugmata,
2099 2243 2142 2275 ibi
2157 2245 2265 2284 stans,

1225 2290 1396 2330 trajectum
1405 2291 1547 2323 vetabat.
1590 2293 1708 2324 Fuerat
1723 2301 1797 2324 vero
1810 2293 1892 2332 baec,
1910 2295 1946 2325 ut
1959 2293 2138 2333 fabulatur,
2155 2295 2195 2327 ab
2212 2305 2265 2327 an·

1225 2342 1324 2382 tiquis
1343 2341 1530 2382 inaugurata
1542 2365 1551 2382 ,
1573 2343 1644 2374 tum
1661 2344 1697 2375 ut
1717 2346 1822 2376 AEtnae
1842 2344 1960 2376 montis
1981 2345 2068 2384 ignes
2090 2348 2266 2386 averteret,

1226 2394 1296 2425 tum
1317 2395 1354 2426 ut
1372 2394 1469 2425 maris
1488 2388 1627 2426 tran'suu
1649 2395 1801 2427 barbaros
1822 2396 2015 2436 prohiberet.
2057 2397 2166 2429 Altero
2182 2399 2267 2430 enim

1228 2444 1306 2485 pede
1323 2446 1512 2485 perpetuum
1535 2445 1641 2485 ignem
1653 2470 1662 2486 ,
1677 2446 1778 2478 altero
1799 2455 1875 2479 vero
1894 2456 2064 2488 perennem
2081 2456 2198 2489 aquam
2213 2459 2266 2490 ge-

1226 2495 1342 2528 stabat.
1387 2498 1434 2528 Ea
1449 2495 1544 2536 igitur
1559 2498 1665 2528 statua
1681 2498 1843 2530 confracta
1857 2498 1986 2531 tandem
2001 2508 2042 2532 ex
2056 2501 2181 2532 AEtnaeo
2197 2500 2267 2540 igne

1227 2550 1258 2579 et
1268 2556 1287 2579 a
1298 2547 1451 2587 barbaris,
1465 2548 1692 2580 detrimentum
1706 2549 1846 2582 Siciliam
1859 2551 1989 2591 cepisse.
2033 2554 2181 2584 Eversam
2193 2561 2267 2585 vero

1227 2601 1366 2632 statuam
1382 2600 1423 2632 ab
1435 2601 1594 2641 Asclepi0‚
1609 2602 1665 2641 qui
1679 2602 1712 2634 in
1729 2602 1834 2635 Sicilia
1847 2604 2080 2644 possessionum
2090 2605 2268 2638 Constantii

1228 2652 1262 2684 et
1277 2651 1424 2684 placidiae
1437 2652 1565 2683 curator
1580 2653 1660 2684 erat.

1274 2706 1323 2735 16.
1341 2701 1424 2744 [An.
1440 2702 1535 2744 411.]
1558 2703 1767 2736 Constantino
1782 2705 1920 2745 tyranno
1936 2706 1969 2738 et
1991 2707 2166 2739 Constante
2181 2707 2247 2740 tilio
2257 2733 2266 2749 ,

1229 2754 1283 2794 qui
1299 2754 1437 2794 primum
1453 2754 1582 2794 quidem
1598 2755 1716 2795 caesar,
1740 2757 1812 2795 post
1835 2756 1932 2788 etiam
1948 2757 2130 2798 imperator·
2142 2761 2268 2792 creatus

1230 2806 1351 2844 fuerat,
1367 2805 1460 2837 victis
1479 2805 1615 2846 fugaque
1628 2806 1773 2847 dilapsis,
1794 2808 1983 2848 Gerontius,
2001 2809 2077 2841 belli
2092 2809 2170 2850 dux,
2191 2820 2268 2843 eum

1230 2858 1373 2890 barbaris
1384 2866 1462 2898 pace
1472 2857 1573 2890 libens
1583 2858 1659 2890 inita
1670 2882 1680 2899 ,
1694 2859 1796 2890 filium
1809 2867 1905 2891 suum
1918 2861 2107 2902 Maximum,
2121 2863 2175 2902 qui
2186 2863 2267 2896 inter

1230 2909 1422 2941 domesticos
1433 2909 1673 2950 numerabatur,
1688 2911 1846 2942 Caesarem
1856 2912 2028 2944 renuntiat.
2060 2914 2268 2948 constantem

1230 2960 1343 2993 deinde
1357 2961 1536 3000 insecutus,
1555 2970 1574 2993 e
1592 2961 1697 2993 medio
1707 2962 1848 3001 sustulit,
1874 2963 1907 2995 et
1921 2963 2051 3004 vestigia
2066 2966 2267 3008 consectans,

1231 3014 1478 3047 Constantinum
1493 3022 1622 3054 quoque
1638 3014 1760 3054 patrem
1776 3015 2037 3055 persequebatur.
2080 3018 2166 3049 Dum
2196 3018 2265 3051 baee

1231 3067 1394 3108 geruntur,
1419 3065 1609 3098 contentius
1645 3065 1677 3096 et
1704 3065 1849 3105 Ulphilas
1877 3065 1919 3097 ab
1949 3067 2091 3099 Honorio
2115 3068 2270 3103 adversus

1231 3118 1476 3151 Constantinum
1490 3115 1578 3148 missi
1595 3125 1604 3147 :
1621 3125 1788 3156 quumque
1803 3117 1950 3149 Arelaten
1962 3119 2196 3160 pervenissent,
2212 3121 2270 3153 ubi

1231 3169 1459 3203 constantinus
1471 3177 1546 3200 cum
1561 3170 1579 3200 J
1584 3169 1689 3200 uliano
1703 3168 1767 3200 tilio
1780 3169 1904 3210 agebat,
1918 3170 2000 3201 hanc
2014 3170 2171 3204 obsident.
2187 3173 2268 3204 Cou-

1230 3222 1399 3261 stantinus,
1416 3220 1456 3251 ad
1471 3220 1623 3260 templum
1637 3220 1839 3261 confugiens,
1860 3221 2008 3253 sacerdos
2029 3222 2206 3262 ordinatur,
2217 3223 2268 3263 ju-

1231 3271 1399 3312 reJurando
1411 3271 1451 3303 de
1463 3271 1565 3303 salute
1576 3271 1622 3302 illi
1637 3270 1724 3303 dato.
1768 3271 1819 3303 Sic
1833 3271 1920 3304 urbis
1935 3273 2036 3312 portae
2053 3273 2269 3306 obsidentibus

1231 3323 1386 3355 militibus
1409 3323 1526 3362 apertae
1551 3322 1644 3361 sunt,
1674 3322 1853 3362 missusque
1877 3323 1924 3355 est
1949 3332 2024 3355 cum
2052 3324 2181 3356 Juliano
2203 3324 2268 3356 tilio

1231 3373 1458 3408 Constantinus
1474 3372 1514 3405 ad
1537 3373 1724 3405 lionorium.
1769 3374 1827 3406 llle
1842 3382 1918 3406 vero
1941 3374 2071 3407 minime
2094 3375 2167 3415 ipsis
2182 3375 2267 3416 igno·-
